{
    "summary": {
        "stock_name": "中華",
        "stock_id": "2204",
        "category": "汽車",
        "main_business": "汽車及相關零組件等之製造、銷售",
        "website_url": "http://www.china-motor.com.tw",
        "ceo": "陳昭文",
        "pe_ratio": 55,
        "report_year_from": 2001,
        "report_year_to": 2023,
        "age": 23,
        "eps_negative_percentage": 13,
        "eps_growth_avg": {
            "last_all": -8.3,
            "last_2y": -36.23,
            "last_4y": -57.48,
            "last_8y": -18.9,
            "last_12y": -12.28,
            "last_16y": -12.69,
            "last_20y": -12.89,
            "at_2006_last_3y": -13.59,
            "at_2007_last_3y": -29.34,
            "at_2008_last_3y": -47.02,
            "at_2009_last_3y": -57.7,
            "at_2010_last_3y": -14.21,
            "at_2011_last_3y": 1.92,
            "at_2012_last_3y": 25.41,
            "at_2013_last_3y": 23.89,
            "at_2014_last_3y": -0.7,
            "at_2015_last_3y": 3.58,
            "at_2016_last_3y": 11.18,
            "at_2017_last_3y": 13.53,
            "at_2018_last_3y": 10.04,
            "at_2019_last_3y": -20.68,
            "at_2020_last_3y": -27.86,
            "at_2021_last_3y": -28.26,
            "at_2022_last_3y": -57.48,
            "at_2023_last_3y": -36.23,
            "at_2024_last_3y": -36.23,
            "at_2006_last_all": 4.02,
            "at_2007_last_all": -3.75,
            "at_2008_last_all": -17.5,
            "at_2009_last_all": -17.5,
            "at_2010_last_all": -2.82,
            "at_2011_last_all": -1.86,
            "at_2012_last_all": -4.63,
            "at_2013_last_all": -2.45,
            "at_2014_last_all": -2.11,
            "at_2015_last_all": -0.19,
            "at_2016_last_all": -0.11,
            "at_2017_last_all": 1.81,
            "at_2018_last_all": 0.93,
            "at_2019_last_all": -5.01,
            "at_2020_last_all": -5.01,
            "at_2021_last_all": -3.2,
            "at_2022_last_all": -8.3,
            "at_2023_last_all": -8.3,
            "at_2024_last_all": -8.3
        },
        "latest_eps": 2.26,
        "latest_price": 124,
        "latest_roe": 3.83,
        "latest_gross_margin": 15.76,
        "latest_equity": 37919182,
        "latest_revenue": 9227686,
        "latest_gross_profit": 1454403,
        "latest_net_income": 1404044,
        "latest_debt_ratio": 22,
        "latest_current_ratio": 143.85,
        "latest_account_receivable_turnover_ratio": 3.32,
        "latest_inventory_turnover_ratio": 2.1,
        "latest_reinvestment_rate": -234.89,
        "latest_research_to_sale_ratio": 4.86
    },
    "eps_dividends": {
        "1991": {
            "cash": 0.5,
            "stock": 3,
            "eps": 0
        },
        "1992": {
            "cash": 2,
            "stock": 1,
            "eps": 0
        },
        "1993": {
            "cash": 3,
            "stock": 1,
            "eps": 0
        },
        "1994": {
            "cash": 1.5,
            "stock": 1,
            "eps": 0
        },
        "1995": {
            "cash": 1,
            "stock": 3,
            "eps": 0
        },
        "1996": {
            "cash": 0.5,
            "stock": 1.5,
            "eps": 0
        },
        "1997": {
            "cash": 1.5,
            "stock": 0.5,
            "eps": 0
        },
        "1998": {
            "cash": 0.5,
            "stock": 3,
            "eps": 0
        },
        "1999": {
            "cash": 3,
            "stock": 0.5,
            "eps": 0
        },
        "2000": {
            "cash": 1.5,
            "stock": 0.5,
            "eps": 0
        },
        "2001": {
            "cash": 1.15,
            "stock": 0.85,
            "eps": 2.7
        },
        "2002": {
            "cash": 1.25,
            "stock": 0.25,
            "eps": 4.71
        },
        "2003": {
            "cash": 3.75,
            "stock": 0.25,
            "eps": 5.67
        },
        "2004": {
            "cash": 2.53,
            "stock": 0,
            "eps": 4.01
        },
        "2005": {
            "cash": 2,
            "stock": 0.1,
            "eps": 3.41
        },
        "2006": {
            "cash": 1.5,
            "stock": 0.15,
            "eps": 2.37
        },
        "2007": {
            "cash": 0.95,
            "stock": 0.05,
            "eps": 1.36
        },
        "2008": {
            "cash": 0.4,
            "stock": 0,
            "eps": -3.96
        },
        "2009": {
            "cash": 0,
            "stock": 0,
            "eps": 0.63
        },
        "2010": {
            "cash": 0.3,
            "stock": 0,
            "eps": 2.08
        },
        "2011": {
            "cash": 2.2,
            "stock": 0,
            "eps": 2.2
        },
        "2012": {
            "cash": 0,
            "stock": 0,
            "eps": 1.55
        },
        "2013": {
            "cash": 0.9,
            "stock": 0,
            "eps": 1.85
        },
        "2014": {
            "cash": 1.1,
            "stock": 0,
            "eps": 1.88
        },
        "2015": {
            "cash": 1.15,
            "stock": 0,
            "eps": 2.31
        },
        "2016": {
            "cash": 1.5,
            "stock": 0,
            "eps": 2.33
        },
        "2017": {
            "cash": 1.6,
            "stock": 0,
            "eps": 3
        },
        "2018": {
            "cash": 1.8,
            "stock": 0,
            "eps": 2.63
        },
        "2019": {
            "cash": 1.7,
            "stock": 0,
            "eps": -4.69
        },
        "2020": {
            "cash": 0,
            "stock": 0,
            "eps": 5.99
        },
        "2021": {
            "cash": 7,
            "stock": 0,
            "eps": 7.64
        },
        "2022": {
            "cash": 5.5,
            "stock": 0,
            "eps": -14.13
        },
        "2023": {
            "cash": 4,
            "stock": 0,
            "eps": 8
        }
    },
    "dividends": {
        "1991-05-04": {
            "cash": 0.5,
            "stock": 3
        },
        "1992-05-30": {
            "cash": 2,
            "stock": 1
        },
        "1993-05-22": {
            "cash": 3,
            "stock": 1
        },
        "1994-05-14": {
            "cash": 1.5,
            "stock": 1
        },
        "1995-05-27": {
            "cash": 1,
            "stock": 3
        },
        "1996-05-11": {
            "cash": 0.5,
            "stock": 1.5
        },
        "1997-06-07": {
            "cash": 1.5,
            "stock": 0.5
        },
        "1998-05-16": {
            "cash": 0.5,
            "stock": 3
        },
        "1999-05-15": {
            "cash": 3,
            "stock": 0.5
        },
        "2000-05-31": {
            "cash": 1.5,
            "stock": 0.5
        },
        "2001-05-23": {
            "cash": 1.15,
            "stock": 0.85
        },
        "2002-06-19": {
            "cash": 1.25,
            "stock": 0.25
        },
        "2003-03-27": {
            "cash": 3.75,
            "stock": 0.25
        },
        "2004-04-06": {
            "cash": 2.53,
            "stock": 0
        },
        "2005-03-25": {
            "cash": 2,
            "stock": 0.1
        },
        "2006-03-28": {
            "cash": 1.5,
            "stock": 0.15
        },
        "2007-04-04": {
            "cash": 0.95,
            "stock": 0.05
        },
        "2008-03-27": {
            "cash": 0.4,
            "stock": 0
        },
        "2010-03-29": {
            "cash": 0.3,
            "stock": 0
        },
        "2011-01-01": {
            "cash": 1.2,
            "stock": 0
        },
        "2011-03-24": {
            "cash": 1,
            "stock": 0
        },
        "2013-03-25": {
            "cash": 0.9,
            "stock": 0
        },
        "2014-08-20": {
            "cash": 1.1,
            "stock": 0
        },
        "2015-08-26": {
            "cash": 1.15,
            "stock": 0
        },
        "2016-08-24": {
            "cash": 1.5,
            "stock": 0
        },
        "2017-08-23": {
            "cash": 1.6,
            "stock": 0
        },
        "2018-08-22": {
            "cash": 1.8,
            "stock": 0
        },
        "2019-08-21": {
            "cash": 1.7,
            "stock": 0
        },
        "2021-08-25": {
            "cash": 7,
            "stock": 0
        },
        "2022-08-26": {
            "cash": 5.5,
            "stock": 0
        },
        "2023-08-17": {
            "cash": 4,
            "stock": 0
        }
    },
    "prices": {
        "200101": "33.26",
        "200102": "33.22",
        "200103": "33.27",
        "200104": "31.86",
        "200105": "28.58",
        "200106": "26.62",
        "200107": "20.78",
        "200108": "20.13",
        "200109": "20.09",
        "200110": "21.18",
        "200111": "21.80",
        "200112": "22.98",
        "200201": "23.44",
        "200202": "23.80",
        "200203": "25.58",
        "200204": "26.91",
        "200205": "29.67",
        "200206": "33.88",
        "200207": "39.98",
        "200208": "42.15",
        "200209": "42.08",
        "200210": "45.25",
        "200211": "51.10",
        "200212": "64.02",
        "200301": "68.68",
        "200302": "61.59",
        "200303": "63.98",
        "200304": "62.80",
        "200305": "59.86",
        "200306": "63.18",
        "200307": "64.09",
        "200308": "62.60",
        "200309": "57.48",
        "200310": "61.18",
        "200311": "62.60",
        "200312": "60.48",
        "200401": "60.80",
        "200402": "67.10",
        "200403": "69.11",
        "200404": "61.16",
        "200405": "45.91",
        "200406": "45.73",
        "200407": "43.29",
        "200408": "36.57",
        "200409": "41.84",
        "200410": "40.99",
        "200411": "38.03",
        "200412": "37.42",
        "200501": "39.49",
        "200502": "39.48",
        "200503": "38.37",
        "200504": "35.18",
        "200505": "33.46",
        "200506": "33.55",
        "200507": "32.85",
        "200508": "31.15",
        "200509": "29.65",
        "200510": "30.74",
        "200511": "30.62",
        "200512": "32.00",
        "200601": "34.91",
        "200602": "37.25",
        "200603": "35.03",
        "200604": "33.87",
        "200605": "34.93",
        "200606": "32.05",
        "200607": "29.29",
        "200608": "25.98",
        "200609": "26.79",
        "200610": "28.74",
        "200611": "29.55",
        "200612": "29.41",
        "200701": "32.61",
        "200702": "31.78",
        "200703": "28.85",
        "200704": "29.49",
        "200705": "29.26",
        "200706": "29.99",
        "200707": "30.88",
        "200708": "28.72",
        "200709": "29.35",
        "200710": "29.80",
        "200711": "26.42",
        "200712": "24.63",
        "200801": "23.35",
        "200802": "22.87",
        "200803": "25.98",
        "200804": "27.78",
        "200805": "25.77",
        "200806": "21.71",
        "200807": "19.28",
        "200808": "18.50",
        "200809": "14.18",
        "200810": "11.09",
        "200811": "9.45",
        "200812": "8.56",
        "200901": "8.44",
        "200902": "9.54",
        "200903": "11.81",
        "200904": "13.10",
        "200905": "15.91",
        "200906": "15.84",
        "200907": "20.53",
        "200908": "19.04",
        "200909": "20.17",
        "200910": "23.83",
        "200911": "24.05",
        "200912": "22.87",
        "201001": "21.34",
        "201002": "18.59",
        "201003": "20.93",
        "201004": "22.87",
        "201005": "19.82",
        "201006": "19.01",
        "201007": "19.84",
        "201008": "20.43",
        "201009": "22.10",
        "201010": "25.73",
        "201011": "27.20",
        "201012": "29.57",
        "201101": "28.65",
        "201102": "26.15",
        "201103": "23.95",
        "201104": "25.72",
        "201105": "28.35",
        "201106": "28.92",
        "201107": "32.67",
        "201108": "31.86",
        "201109": "27.50",
        "201110": "26.86",
        "201111": "29.23",
        "201112": "27.20",
        "201201": "29.30",
        "201202": "32.57",
        "201203": "31.47",
        "201204": "26.03",
        "201205": "25.04",
        "201206": "26.50",
        "201207": "25.67",
        "201208": "26.27",
        "201209": "27.54",
        "201210": "27.91",
        "201211": "25.86",
        "201212": "26.93",
        "201301": "26.63",
        "201302": "27.65",
        "201303": "27.98",
        "201304": "27.97",
        "201305": "27.79",
        "201306": "26.73",
        "201307": "25.56",
        "201308": "24.66",
        "201309": "26.25",
        "201310": "27.63",
        "201311": "27.12",
        "201312": "28.15",
        "201401": "28.87",
        "201402": "27.54",
        "201403": "27.06",
        "201404": "27.63",
        "201405": "28.18",
        "201406": "29.07",
        "201407": "29.68",
        "201408": "28.56",
        "201409": "27.96",
        "201410": "26.96",
        "201411": "27.87",
        "201412": "27.56",
        "201501": "27.31",
        "201502": "27.13",
        "201503": "27.11",
        "201504": "26.32",
        "201505": "26.19",
        "201506": "24.74",
        "201507": "23.73",
        "201508": "21.57",
        "201509": "23.07",
        "201510": "23.68",
        "201511": "22.22",
        "201512": "21.81",
        "201601": "21.14",
        "201602": "21.32",
        "201603": "22.11",
        "201604": "22.81",
        "201605": "22.88",
        "201606": "24.03",
        "201607": "24.43",
        "201608": "23.97",
        "201609": "23.93",
        "201610": "24.58",
        "201611": "24.56",
        "201612": "26.73",
        "201701": "27.78",
        "201702": "28.91",
        "201703": "28.51",
        "201704": "27.15",
        "201705": "27.72",
        "201706": "28.38",
        "201707": "27.62",
        "201708": "27.01",
        "201709": "27.19",
        "201710": "27.13",
        "201711": "26.97",
        "201712": "26.04",
        "201801": "26.67",
        "201802": "26.48",
        "201803": "26.92",
        "201804": "27.82",
        "201805": "28.38",
        "201806": "28.86",
        "201807": "27.55",
        "201808": "26.13",
        "201809": "25.46",
        "201810": "24.17",
        "201811": "23.52",
        "201812": "24.25",
        "201901": "23.82",
        "201902": "23.87",
        "201903": "24.72",
        "201904": "28.03",
        "201905": "27.45",
        "201906": "27.43",
        "201907": "27.15",
        "201908": "24.55",
        "201909": "25.07",
        "201910": "42.27",
        "201911": "40.66",
        "201912": "39.06",
        "202001": "38.38",
        "202002": "36.03",
        "202003": "30.01",
        "202004": "29.60",
        "202005": "33.40",
        "202006": "38.08",
        "202007": "37.88",
        "202008": "41.50",
        "202009": "42.21",
        "202010": "44.48",
        "202011": "47.36",
        "202012": "48.57",
        "202101": "48.88",
        "202102": "47.72",
        "202103": "54.78",
        "202104": "68.70",
        "202105": "68.24",
        "202106": "72.87",
        "202107": "71.62",
        "202108": "67.44",
        "202109": "70.80",
        "202110": "70.60",
        "202111": "67.26",
        "202112": "63.90",
        "202201": "63.07",
        "202202": "62.63",
        "202203": "61.65",
        "202204": "59.37",
        "202205": "60.08",
        "202206": "62.89",
        "202207": "57.22",
        "202208": "45.28",
        "202209": "44.36",
        "202210": "41.24",
        "202211": "46.88",
        "202212": "52.87",
        "202301": "54.85",
        "202302": "57.83",
        "202303": "59.25",
        "202304": "70.91",
        "202305": "83.96",
        "202306": "95.46",
        "202307": "90.68",
        "202308": "87.74",
        "202309": "100.56",
        "202310": "93.50",
        "202311": "100.28",
        "202312": "114.12"
    },
    "quarters": {
        "20011": {
            "year_quarter": 20011,
            "year": 2001,
            "quarter": 1,
            "eps": 1.21,
            "eps_growth_year": -10.37,
            "eps_4q": 2.95,
            "eps_4q_growth_year": -14.57,
            "roe": 4.61,
            "roe_4q": 4.61,
            "gross_profit": 1792504,
            "gross_margin": 12.34,
            "gross_margin_4q_avg": 12.34,
            "net_income": 1368663,
            "net_income_4q": null,
            "revenue": 14523941,
            "revenue_4q": null,
            "common_shares": 11293161,
            "book_valuer_per_share": 26.17,
            "book_valuer_per_share_4q_avg": 26.17,
            "equity": 29556188,
            "current_ratio": 251.98,
            "debt_ratio": 29.64,
            "inventory_turnover_ratio": 1.4,
            "account_receivable_turnover_ratio": null,
            "reinvestment_rate": null,
            "research_to_sale_ratio": null,
            "price_fair": 0,
            "eps_avg_yearly": 0,
            "eps_latest_yearly": 0,
            "eps_growth_yearly": 0
        },
        "20012": {
            "year_quarter": 20012,
            "year": 2001,
            "quarter": 2,
            "eps": 0.7,
            "eps_growth_year": -20.45,
            "eps_4q": 2.81,
            "eps_4q_growth_year": -13.55,
            "roe": 2.72,
            "roe_4q": 7.33,
            "gross_profit": 1418923,
            "gross_margin": 14.72,
            "gross_margin_4q_avg": 13.53,
            "net_income": 794454,
            "net_income_4q": null,
            "revenue": 9636584,
            "revenue_4q": null,
            "common_shares": 11293161,
            "book_valuer_per_share": 25.64,
            "book_valuer_per_share_4q_avg": 25.91,
            "equity": 28959660,
            "current_ratio": 215.92,
            "debt_ratio": 32.62,
            "inventory_turnover_ratio": 1.51,
            "account_receivable_turnover_ratio": null,
            "reinvestment_rate": null,
            "research_to_sale_ratio": null,
            "price_fair": 0,
            "eps_avg_yearly": 0,
            "eps_latest_yearly": 0,
            "eps_growth_yearly": 0
        },
        "20013": {
            "year_quarter": 20013,
            "year": 2001,
            "quarter": 3,
            "eps": 0.49,
            "eps_growth_year": -24.62,
            "eps_4q": 2.5,
            "eps_4q_growth_year": -18.08,
            "roe": 2.04,
            "roe_4q": 9.370000000000001,
            "gross_profit": 1113349,
            "gross_margin": 12.24,
            "gross_margin_4q_avg": 13.1,
            "net_income": 598001,
            "net_income_4q": null,
            "revenue": 9092595,
            "revenue_4q": null,
            "common_shares": 12253080,
            "book_valuer_per_share": 24.13,
            "book_valuer_per_share_4q_avg": 25.31,
            "equity": 29567030,
            "current_ratio": 196.09,
            "debt_ratio": 35.48,
            "inventory_turnover_ratio": 1.64,
            "account_receivable_turnover_ratio": null,
            "reinvestment_rate": null,
            "research_to_sale_ratio": null,
            "price_fair": 0,
            "eps_avg_yearly": 0,
            "eps_latest_yearly": 0,
            "eps_growth_yearly": 0
        },
        "20014": {
            "year_quarter": 20014,
            "year": 2001,
            "quarter": 4,
            "eps": 0.3,
            "eps_growth_year": 15.38,
            "eps_4q": 2.59,
            "eps_4q_growth_year": -14.37,
            "roe": 1.18,
            "roe_4q": 10.55,
            "gross_profit": 1302143,
            "gross_margin": 13.34,
            "gross_margin_4q_avg": 13.16,
            "net_income": 361990,
            "net_income_4q": null,
            "revenue": 9761535,
            "revenue_4q": null,
            "common_shares": 12253080,
            "book_valuer_per_share": 24.4,
            "book_valuer_per_share_4q_avg": 25.09,
            "equity": 31776451,
            "current_ratio": 157.69,
            "debt_ratio": 44.88,
            "inventory_turnover_ratio": 1.32,
            "account_receivable_turnover_ratio": null,
            "reinvestment_rate": null,
            "research_to_sale_ratio": null,
            "price_fair": 0,
            "eps_avg_yearly": 0,
            "eps_latest_yearly": 0,
            "eps_growth_yearly": 0
        },
        "20021": {
            "year_quarter": 20021,
            "year": 2002,
            "quarter": 1,
            "eps": 1.19,
            "eps_growth_year": -1.65,
            "eps_4q": 2.63,
            "eps_4q_growth_year": -10.95,
            "roe": 4.61,
            "roe_4q": 10.55,
            "gross_profit": 1982655,
            "gross_margin": 15.71,
            "gross_margin_4q_avg": 14,
            "net_income": 1449674,
            "net_income_4q": null,
            "revenue": 12623594,
            "revenue_4q": null,
            "common_shares": 12253080,
            "book_valuer_per_share": 25.38,
            "book_valuer_per_share_4q_avg": 24.89,
            "equity": 31103235,
            "current_ratio": 183.87,
            "debt_ratio": 38.2,
            "inventory_turnover_ratio": 1.74,
            "account_receivable_turnover_ratio": null,
            "reinvestment_rate": null,
            "research_to_sale_ratio": null,
            "price_fair": 166.6,
            "eps_avg_yearly": 4.76,
            "eps_latest_yearly": 4.76,
            "eps_growth_yearly": 1186.67
        },
        "20022": {
            "year_quarter": 20022,
            "year": 2002,
            "quarter": 2,
            "eps": 1.38,
            "eps_growth_year": 97.14,
            "eps_4q": 3.32,
            "eps_4q_growth_year": 18.12,
            "roe": 5.51,
            "roe_4q": 13.34,
            "gross_profit": 2206145,
            "gross_margin": 16.16,
            "gross_margin_4q_avg": 14.36,
            "net_income": 1712791,
            "net_income_4q": null,
            "revenue": 13653293,
            "revenue_4q": null,
            "common_shares": 12253080,
            "book_valuer_per_share": 25.35,
            "book_valuer_per_share_4q_avg": 24.82,
            "equity": 31059853,
            "current_ratio": 168.45,
            "debt_ratio": 41.35,
            "inventory_turnover_ratio": 3.25,
            "account_receivable_turnover_ratio": null,
            "reinvestment_rate": null,
            "research_to_sale_ratio": null,
            "price_fair": 179.9,
            "eps_avg_yearly": 5.14,
            "eps_latest_yearly": 5.52,
            "eps_growth_yearly": 625.27
        },
        "20023": {
            "year_quarter": 20023,
            "year": 2002,
            "quarter": 3,
            "eps": 1.06,
            "eps_growth_year": 116.33,
            "eps_4q": 3.9,
            "eps_4q_growth_year": 55.75,
            "roe": 4.14,
            "roe_4q": 15.439999999999998,
            "gross_profit": 1967900,
            "gross_margin": 15.2,
            "gross_margin_4q_avg": 15.1,
            "net_income": 1315735,
            "net_income_4q": null,
            "revenue": 12943684,
            "revenue_4q": null,
            "common_shares": 12556057,
            "book_valuer_per_share": 25.93,
            "book_valuer_per_share_4q_avg": 25.27,
            "equity": 32562730,
            "current_ratio": 198.89,
            "debt_ratio": 35.62,
            "inventory_turnover_ratio": 3.5,
            "account_receivable_turnover_ratio": null,
            "reinvestment_rate": null,
            "research_to_sale_ratio": null,
            "price_fair": 169.4,
            "eps_avg_yearly": 4.84,
            "eps_latest_yearly": 4.24,
            "eps_growth_yearly": 385.93
        },
        "20024": {
            "year_quarter": 20024,
            "year": 2002,
            "quarter": 4,
            "eps": 1.08,
            "eps_growth_year": 260,
            "eps_4q": 4.68,
            "eps_4q_growth_year": 80.77,
            "roe": 3.76,
            "roe_4q": 18.02,
            "gross_profit": 1956582,
            "gross_margin": 12.58,
            "gross_margin_4q_avg": 14.91,
            "net_income": 1343866,
            "net_income_4q": null,
            "revenue": 15549749,
            "revenue_4q": null,
            "common_shares": 12556057,
            "book_valuer_per_share": 28.55,
            "book_valuer_per_share_4q_avg": 26.3,
            "equity": 38995950,
            "current_ratio": 190.07,
            "debt_ratio": 34.5,
            "inventory_turnover_ratio": 3.4,
            "account_receivable_turnover_ratio": null,
            "reinvestment_rate": 13.26,
            "research_to_sale_ratio": null,
            "price_fair": 164.85,
            "eps_avg_yearly": 4.71,
            "eps_latest_yearly": 4.32,
            "eps_growth_yearly": 291.33
        },
        "20031": {
            "year_quarter": 20031,
            "year": 2003,
            "quarter": 1,
            "eps": 1.46,
            "eps_growth_year": 22.69,
            "eps_4q": 4.84,
            "eps_4q_growth_year": 84.02,
            "roe": 4.92,
            "roe_4q": 18.33,
            "gross_profit": 2103846,
            "gross_margin": 15.94,
            "gross_margin_4q_avg": 14.97,
            "net_income": 1888691,
            "net_income_4q": null,
            "revenue": 13196439,
            "revenue_4q": null,
            "common_shares": 13041007,
            "book_valuer_per_share": 29.01,
            "book_valuer_per_share_4q_avg": 27.21,
            "equity": 37831382,
            "current_ratio": 219.44,
            "debt_ratio": 28.13,
            "inventory_turnover_ratio": 2.53,
            "account_receivable_turnover_ratio": null,
            "reinvestment_rate": -6.7,
            "research_to_sale_ratio": null,
            "price_fair": 172.76,
            "eps_avg_yearly": 4.94,
            "eps_latest_yearly": 5.84,
            "eps_growth_yearly": 261.21
        },
        "20032": {
            "year_quarter": 20032,
            "year": 2003,
            "quarter": 2,
            "eps": 1.86,
            "eps_growth_year": 34.78,
            "eps_4q": 5.28,
            "eps_4q_growth_year": 59.01,
            "roe": 6.76,
            "roe_4q": 19.58,
            "gross_profit": 2623037,
            "gross_margin": 15.81,
            "gross_margin_4q_avg": 14.88,
            "net_income": 2472641,
            "net_income_4q": null,
            "revenue": 16592091,
            "revenue_4q": null,
            "common_shares": 13041007,
            "book_valuer_per_share": 27.11,
            "book_valuer_per_share_4q_avg": 27.65,
            "equity": 35350429,
            "current_ratio": 149.43,
            "debt_ratio": 42.49,
            "inventory_turnover_ratio": 3.41,
            "account_receivable_turnover_ratio": null,
            "reinvestment_rate": -7.67,
            "research_to_sale_ratio": null,
            "price_fair": 187.37,
            "eps_avg_yearly": 5.35,
            "eps_latest_yearly": 7.44,
            "eps_growth_yearly": 235.94
        },
        "20033": {
            "year_quarter": 20033,
            "year": 2003,
            "quarter": 3,
            "eps": 1.2,
            "eps_growth_year": 13.21,
            "eps_4q": 5.47,
            "eps_4q_growth_year": 40.17,
            "roe": 4.44,
            "roe_4q": 19.879999999999995,
            "gross_profit": 1895428,
            "gross_margin": 13.91,
            "gross_margin_4q_avg": 14.56,
            "net_income": 1604854,
            "net_income_4q": null,
            "revenue": 13630338,
            "revenue_4q": null,
            "common_shares": 13439488,
            "book_valuer_per_share": 27.48,
            "book_valuer_per_share_4q_avg": 28.04,
            "equity": 36938078,
            "current_ratio": 176.97,
            "debt_ratio": 32.55,
            "inventory_turnover_ratio": 2.93,
            "account_receivable_turnover_ratio": null,
            "reinvestment_rate": -9.99,
            "research_to_sale_ratio": null,
            "price_fair": 184.6,
            "eps_avg_yearly": 5.27,
            "eps_latest_yearly": 4.8,
            "eps_growth_yearly": 181.96
        },
        "20034": {
            "year_quarter": 20034,
            "year": 2003,
            "quarter": 4,
            "eps": 1.15,
            "eps_growth_year": 6.48,
            "eps_4q": 5.63,
            "eps_4q_growth_year": 20.23,
            "roe": 3.79,
            "roe_4q": 19.91,
            "gross_profit": 1427903,
            "gross_margin": 11.77,
            "gross_margin_4q_avg": 14.36,
            "net_income": 1532999,
            "net_income_4q": null,
            "revenue": 12128207,
            "revenue_4q": null,
            "common_shares": 13439488,
            "book_valuer_per_share": 29.49,
            "book_valuer_per_share_4q_avg": 28.27,
            "equity": 43903174,
            "current_ratio": 179.15,
            "debt_ratio": 33.61,
            "inventory_turnover_ratio": 1.7,
            "account_receivable_turnover_ratio": null,
            "reinvestment_rate": 13.48,
            "research_to_sale_ratio": null,
            "price_fair": 181.65,
            "eps_avg_yearly": 5.19,
            "eps_latest_yearly": 4.6,
            "eps_growth_yearly": 157.13
        },
        "20041": {
            "year_quarter": 20041,
            "year": 2004,
            "quarter": 1,
            "eps": 1.37,
            "eps_growth_year": -6.16,
            "eps_4q": 5.53,
            "eps_4q_growth_year": 14.25,
            "roe": 4.32,
            "roe_4q": 19.310000000000002,
            "gross_profit": 2143574,
            "gross_margin": 12.6,
            "gross_margin_4q_avg": 13.52,
            "net_income": 1847742,
            "net_income_4q": null,
            "revenue": 17016905,
            "revenue_4q": null,
            "common_shares": 13459547,
            "book_valuer_per_share": 30.89,
            "book_valuer_per_share_4q_avg": 28.74,
            "equity": 41572393,
            "current_ratio": 242.11,
            "debt_ratio": 22.27,
            "inventory_turnover_ratio": 2.5,
            "account_receivable_turnover_ratio": null,
            "reinvestment_rate": -13.56,
            "research_to_sale_ratio": null,
            "price_fair": 182.78,
            "eps_avg_yearly": 5.22,
            "eps_latest_yearly": 5.48,
            "eps_growth_yearly": 148.18
        },
        "20042": {
            "year_quarter": 20042,
            "year": 2004,
            "quarter": 2,
            "eps": 1.76,
            "eps_growth_year": -5.38,
            "eps_4q": 5.47,
            "eps_4q_growth_year": 3.61,
            "roe": 5.8,
            "roe_4q": 18.35,
            "gross_profit": 2880713,
            "gross_margin": 17.04,
            "gross_margin_4q_avg": 13.83,
            "net_income": 2363702,
            "net_income_4q": null,
            "revenue": 16908718,
            "revenue_4q": null,
            "common_shares": 13459547,
            "book_valuer_per_share": 29.66,
            "book_valuer_per_share_4q_avg": 29.38,
            "equity": 39920144,
            "current_ratio": 136.67,
            "debt_ratio": 34.72,
            "inventory_turnover_ratio": 3.61,
            "account_receivable_turnover_ratio": null,
            "reinvestment_rate": -13.28,
            "research_to_sale_ratio": null,
            "price_fair": 189.14,
            "eps_avg_yearly": 5.4,
            "eps_latest_yearly": 7.04,
            "eps_growth_yearly": 144.74
        },
        "20043": {
            "year_quarter": 20043,
            "year": 2004,
            "quarter": 3,
            "eps": 0.72,
            "eps_growth_year": -40,
            "eps_4q": 4.97,
            "eps_4q_growth_year": -9.03,
            "roe": 2.41,
            "roe_4q": 16.32,
            "gross_profit": 2346350,
            "gross_margin": 16.47,
            "gross_margin_4q_avg": 14.47,
            "net_income": 972647,
            "net_income_4q": null,
            "revenue": 14246494,
            "revenue_4q": null,
            "common_shares": 13459547,
            "book_valuer_per_share": 30.32,
            "book_valuer_per_share_4q_avg": 30.09,
            "equity": 40804508,
            "current_ratio": 222.43,
            "debt_ratio": 29.4,
            "inventory_turnover_ratio": 2.44,
            "account_receivable_turnover_ratio": null,
            "reinvestment_rate": -12.95,
            "research_to_sale_ratio": null,
            "price_fair": 181.11,
            "eps_avg_yearly": 5.17,
            "eps_latest_yearly": 2.88,
            "eps_growth_yearly": 110.1
        },
        "20044": {
            "year_quarter": 20044,
            "year": 2004,
            "quarter": 4,
            "eps": 0.16,
            "eps_growth_year": -86.09,
            "eps_4q": 4.04,
            "eps_4q_growth_year": -28.15,
            "roe": 0.5,
            "roe_4q": 13.030000000000001,
            "gross_profit": 1238763,
            "gross_margin": 15.28,
            "gross_margin_4q_avg": 15.35,
            "net_income": 213675,
            "net_income_4q": null,
            "revenue": 8108457,
            "revenue_4q": null,
            "common_shares": 13459547,
            "book_valuer_per_share": 30.25,
            "book_valuer_per_share_4q_avg": 30.28,
            "equity": 44995861,
            "current_ratio": 169.75,
            "debt_ratio": 37.75,
            "inventory_turnover_ratio": 0.73,
            "account_receivable_turnover_ratio": null,
            "reinvestment_rate": -4.86,
            "research_to_sale_ratio": null,
            "price_fair": 167.88,
            "eps_avg_yearly": 4.8,
            "eps_latest_yearly": 0.64,
            "eps_growth_yearly": 75
        },
        "20051": {
            "year_quarter": 20051,
            "year": 2005,
            "quarter": 1,
            "eps": 0.84,
            "eps_growth_year": -38.69,
            "eps_4q": 3.51,
            "eps_4q_growth_year": -36.54,
            "roe": 2.57,
            "roe_4q": 11.280000000000001,
            "gross_profit": 2114862,
            "gross_margin": 12.32,
            "gross_margin_4q_avg": 15.28,
            "net_income": 1117094,
            "net_income_4q": null,
            "revenue": 17170852,
            "revenue_4q": null,
            "common_shares": 13465362,
            "book_valuer_per_share": 31.06,
            "book_valuer_per_share_4q_avg": 30.32,
            "equity": 41826111,
            "current_ratio": 199.72,
            "debt_ratio": 31.69,
            "inventory_turnover_ratio": 1.55,
            "account_receivable_turnover_ratio": null,
            "reinvestment_rate": -11.14,
            "research_to_sale_ratio": null,
            "price_fair": 164.02,
            "eps_avg_yearly": 4.69,
            "eps_latest_yearly": 3.36,
            "eps_growth_yearly": 200
        },
        "20052": {
            "year_quarter": 20052,
            "year": 2005,
            "quarter": 2,
            "eps": 0.91,
            "eps_growth_year": -48.3,
            "eps_4q": 2.63,
            "eps_4q_growth_year": -51.85,
            "roe": 2.95,
            "roe_4q": 8.43,
            "gross_profit": 1667031,
            "gross_margin": 12.7,
            "gross_margin_4q_avg": 14.19,
            "net_income": 1215331,
            "net_income_4q": null,
            "revenue": 13128604,
            "revenue_4q": null,
            "common_shares": 13465362,
            "book_valuer_per_share": 30.18,
            "book_valuer_per_share_4q_avg": 30.45,
            "equity": 40641814,
            "current_ratio": 185.16,
            "debt_ratio": 31.63,
            "inventory_turnover_ratio": 1.93,
            "account_receivable_turnover_ratio": null,
            "reinvestment_rate": -10.73,
            "research_to_sale_ratio": null,
            "price_fair": 161.4,
            "eps_avg_yearly": 4.61,
            "eps_latest_yearly": 3.64,
            "eps_growth_yearly": 188.09
        },
        "20053": {
            "year_quarter": 20053,
            "year": 2005,
            "quarter": 3,
            "eps": 0.68,
            "eps_growth_year": -5.56,
            "eps_4q": 2.57,
            "eps_4q_growth_year": -48.3,
            "roe": 2.23,
            "roe_4q": 8.25,
            "gross_profit": 1411059,
            "gross_margin": 11.39,
            "gross_margin_4q_avg": 12.92,
            "net_income": 915816,
            "net_income_4q": null,
            "revenue": 12387948,
            "revenue_4q": null,
            "common_shares": 13599016,
            "book_valuer_per_share": 30.65,
            "book_valuer_per_share_4q_avg": 30.54,
            "equity": 41674840,
            "current_ratio": 166.94,
            "debt_ratio": 25.85,
            "inventory_turnover_ratio": 1.93,
            "account_receivable_turnover_ratio": null,
            "reinvestment_rate": -10.31,
            "research_to_sale_ratio": null,
            "price_fair": 156.99,
            "eps_avg_yearly": 4.49,
            "eps_latest_yearly": 2.72,
            "eps_growth_yearly": 168.81
        },
        "20054": {
            "year_quarter": 20054,
            "year": 2005,
            "quarter": 4,
            "eps": 0.98,
            "eps_growth_year": 512.5,
            "eps_4q": 3.39,
            "eps_4q_growth_year": -16.23,
            "roe": 3.07,
            "roe_4q": 10.82,
            "gross_profit": 1162874,
            "gross_margin": 14.31,
            "gross_margin_4q_avg": 12.68,
            "net_income": 1323156,
            "net_income_4q": null,
            "revenue": 8124054,
            "revenue_4q": null,
            "common_shares": 13599016,
            "book_valuer_per_share": 31.57,
            "book_valuer_per_share_4q_avg": 30.87,
            "equity": 44388419,
            "current_ratio": 172.51,
            "debt_ratio": 26.75,
            "inventory_turnover_ratio": 1.1,
            "account_receivable_turnover_ratio": null,
            "reinvestment_rate": -12.73,
            "research_to_sale_ratio": null,
            "price_fair": 155.75,
            "eps_avg_yearly": 4.45,
            "eps_latest_yearly": 3.92,
            "eps_growth_yearly": 169.29
        },
        "20061": {
            "year_quarter": 20061,
            "year": 2006,
            "quarter": 1,
            "eps": 1.01,
            "eps_growth_year": 20.24,
            "eps_4q": 3.56,
            "eps_4q_growth_year": 1.5,
            "roe": 3.07,
            "roe_4q": 11.32,
            "gross_profit": 1348124,
            "gross_margin": 10.66,
            "gross_margin_4q_avg": 12.27,
            "net_income": 1366995,
            "net_income_4q": null,
            "revenue": 12650084,
            "revenue_4q": null,
            "common_shares": 13599016,
            "book_valuer_per_share": 32.86,
            "book_valuer_per_share_4q_avg": 31.32,
            "equity": 44679758,
            "current_ratio": 176.23,
            "debt_ratio": 22.34,
            "inventory_turnover_ratio": 1.71,
            "account_receivable_turnover_ratio": null,
            "reinvestment_rate": -6.62,
            "research_to_sale_ratio": null,
            "price_fair": 154.18,
            "eps_avg_yearly": 4.41,
            "eps_latest_yearly": 4.04,
            "eps_growth_yearly": 95.89
        },
        "20062": {
            "year_quarter": 20062,
            "year": 2006,
            "quarter": 2,
            "eps": 0.5,
            "eps_growth_year": -45.05,
            "eps_4q": 3.19,
            "eps_4q_growth_year": 20.98,
            "roe": 1.53,
            "roe_4q": 9.9,
            "gross_profit": 1164437,
            "gross_margin": 12.8,
            "gross_margin_4q_avg": 12.29,
            "net_income": 670905,
            "net_income_4q": null,
            "revenue": 9093806,
            "revenue_4q": null,
            "common_shares": 13599016,
            "book_valuer_per_share": 31.64,
            "book_valuer_per_share_4q_avg": 31.68,
            "equity": 43021269,
            "current_ratio": 143.03,
            "debt_ratio": 25.78,
            "inventory_turnover_ratio": 1.47,
            "account_receivable_turnover_ratio": null,
            "reinvestment_rate": -5.15,
            "research_to_sale_ratio": null,
            "price_fair": 146.48,
            "eps_avg_yearly": 4.19,
            "eps_latest_yearly": 2,
            "eps_growth_yearly": 79.28
        },
        "20063": {
            "year_quarter": 20063,
            "year": 2006,
            "quarter": 3,
            "eps": 0.6,
            "eps_growth_year": -11.76,
            "eps_4q": 3.04,
            "eps_4q_growth_year": 18.08,
            "roe": 1.91,
            "roe_4q": 9.58,
            "gross_profit": 967162,
            "gross_margin": 14.15,
            "gross_margin_4q_avg": 12.98,
            "net_income": 828065,
            "net_income_4q": null,
            "revenue": 6837195,
            "revenue_4q": null,
            "common_shares": 13801501,
            "book_valuer_per_share": 31.74,
            "book_valuer_per_share_4q_avg": 31.95,
            "equity": 43808619,
            "current_ratio": 239.36,
            "debt_ratio": 20.46,
            "inventory_turnover_ratio": 1.05,
            "account_receivable_turnover_ratio": null,
            "reinvestment_rate": -2.61,
            "research_to_sale_ratio": null,
            "price_fair": 142.45,
            "eps_avg_yearly": 4.07,
            "eps_latest_yearly": 2.4,
            "eps_growth_yearly": 90.07
        },
        "20064": {
            "year_quarter": 20064,
            "year": 2006,
            "quarter": 4,
            "eps": 0.26,
            "eps_growth_year": -73.47,
            "eps_4q": 2.38,
            "eps_4q_growth_year": -29.69,
            "roe": 0.78,
            "roe_4q": 7.289999999999999,
            "gross_profit": 1042767,
            "gross_margin": 13.93,
            "gross_margin_4q_avg": 12.89,
            "net_income": 351381,
            "net_income_4q": null,
            "revenue": 7486122,
            "revenue_4q": null,
            "common_shares": 13801501,
            "book_valuer_per_share": 32.09,
            "book_valuer_per_share_4q_avg": 32.08,
            "equity": 45762823,
            "current_ratio": 229.06,
            "debt_ratio": 25.06,
            "inventory_turnover_ratio": 1.12,
            "account_receivable_turnover_ratio": null,
            "reinvestment_rate": -1.31,
            "research_to_sale_ratio": null,
            "price_fair": 135.28,
            "eps_avg_yearly": 3.87,
            "eps_latest_yearly": 1.04,
            "eps_growth_yearly": 75.43
        },
        "20071": {
            "year_quarter": 20071,
            "year": 2007,
            "quarter": 1,
            "eps": 0.82,
            "eps_growth_year": -18.81,
            "eps_4q": 2.16,
            "eps_4q_growth_year": -39.23,
            "roe": 2.48,
            "roe_4q": 6.7,
            "gross_profit": 1641741,
            "gross_margin": 19.06,
            "gross_margin_4q_avg": 14.99,
            "net_income": 1128337,
            "net_income_4q": null,
            "revenue": 8611949,
            "revenue_4q": null,
            "common_shares": 13801501,
            "book_valuer_per_share": 32.75,
            "book_valuer_per_share_4q_avg": 32.06,
            "equity": 45198008,
            "current_ratio": 326.44,
            "debt_ratio": 18.99,
            "inventory_turnover_ratio": 1.32,
            "account_receivable_turnover_ratio": null,
            "reinvestment_rate": 5.04,
            "research_to_sale_ratio": null,
            "price_fair": 129.68,
            "eps_avg_yearly": 3.71,
            "eps_latest_yearly": 3.28,
            "eps_growth_yearly": 120.48
        },
        "20072": {
            "year_quarter": 20072,
            "year": 2007,
            "quarter": 2,
            "eps": 0.28,
            "eps_growth_year": -44,
            "eps_4q": 1.97,
            "eps_4q_growth_year": -38.3,
            "roe": 0.85,
            "roe_4q": 6.0200000000000005,
            "gross_profit": 587094,
            "gross_margin": 8.35,
            "gross_margin_4q_avg": 13.87,
            "net_income": 383137,
            "net_income_4q": null,
            "revenue": 7028832,
            "revenue_4q": null,
            "common_shares": 13801501,
            "book_valuer_per_share": 32.21,
            "book_valuer_per_share_4q_avg": 32.2,
            "equity": 44455401,
            "current_ratio": 248.42,
            "debt_ratio": 19.94,
            "inventory_turnover_ratio": 1.36,
            "account_receivable_turnover_ratio": null,
            "reinvestment_rate": 11.19,
            "research_to_sale_ratio": null,
            "price_fair": 115.85,
            "eps_avg_yearly": 3.31,
            "eps_latest_yearly": 1.12,
            "eps_growth_yearly": 97.17
        },
        "20073": {
            "year_quarter": 20073,
            "year": 2007,
            "quarter": 3,
            "eps": 0.18,
            "eps_growth_year": -70,
            "eps_4q": 1.54,
            "eps_4q_growth_year": -49.36,
            "roe": 0.55,
            "roe_4q": 4.66,
            "gross_profit": 645986,
            "gross_margin": 9.16,
            "gross_margin_4q_avg": 12.63,
            "net_income": 247073,
            "net_income_4q": null,
            "revenue": 7048759,
            "revenue_4q": null,
            "common_shares": 13913008,
            "book_valuer_per_share": 32.2,
            "book_valuer_per_share_4q_avg": 32.31,
            "equity": 44799019,
            "current_ratio": 262.76,
            "debt_ratio": 18.99,
            "inventory_turnover_ratio": 1.52,
            "account_receivable_turnover_ratio": null,
            "reinvestment_rate": 16.68,
            "research_to_sale_ratio": null,
            "price_fair": 106.93,
            "eps_avg_yearly": 3.06,
            "eps_latest_yearly": 0.72,
            "eps_growth_yearly": 97.11
        },
        "20074": {
            "year_quarter": 20074,
            "year": 2007,
            "quarter": 4,
            "eps": 0.08,
            "eps_growth_year": -69.23,
            "eps_4q": 1.37,
            "eps_4q_growth_year": -42.29,
            "roe": 0.24,
            "roe_4q": 4.12,
            "gross_profit": 590286,
            "gross_margin": 8.68,
            "gross_margin_4q_avg": 11.31,
            "net_income": 108739,
            "net_income_4q": null,
            "revenue": 6803532,
            "revenue_4q": null,
            "common_shares": 13913008,
            "book_valuer_per_share": 32.81,
            "book_valuer_per_share_4q_avg": 32.49,
            "equity": 47609312,
            "current_ratio": 256.18,
            "debt_ratio": 23.98,
            "inventory_turnover_ratio": 1.34,
            "account_receivable_turnover_ratio": null,
            "reinvestment_rate": 11.15,
            "research_to_sale_ratio": null,
            "price_fair": 97.56,
            "eps_avg_yearly": 2.79,
            "eps_latest_yearly": 0.32,
            "eps_growth_yearly": 84.27
        },
        "20081": {
            "year_quarter": 20081,
            "year": 2008,
            "quarter": 1,
            "eps": 0.24,
            "eps_growth_year": -70.73,
            "eps_4q": 0.89,
            "eps_4q_growth_year": -59.03,
            "roe": 0.61,
            "roe_4q": 2.25,
            "gross_profit": 760684,
            "gross_margin": 10.74,
            "gross_margin_4q_avg": 9.23,
            "net_income": 291019,
            "net_income_4q": null,
            "revenue": 7082988,
            "revenue_4q": null,
            "common_shares": 13913008,
            "book_valuer_per_share": 32.75,
            "book_valuer_per_share_4q_avg": 32.49,
            "equity": 47471325,
            "current_ratio": 256.43,
            "debt_ratio": 23.73,
            "inventory_turnover_ratio": 1.1,
            "account_receivable_turnover_ratio": null,
            "reinvestment_rate": 53.78,
            "research_to_sale_ratio": null,
            "price_fair": 87.68,
            "eps_avg_yearly": 2.51,
            "eps_latest_yearly": 0.96,
            "eps_growth_yearly": 129.48
        },
        "20082": {
            "year_quarter": 20082,
            "year": 2008,
            "quarter": 2,
            "eps": -0.18,
            "eps_growth_year": -164.29,
            "eps_4q": 0.32,
            "eps_4q_growth_year": -83.56,
            "roe": -0.53,
            "roe_4q": 0.87,
            "gross_profit": 1244326,
            "gross_margin": 12.82,
            "gross_margin_4q_avg": 10.35,
            "net_income": -249609,
            "net_income_4q": null,
            "revenue": 9707565,
            "revenue_4q": null,
            "common_shares": 13913008,
            "book_valuer_per_share": 32.27,
            "book_valuer_per_share_4q_avg": 32.51,
            "equity": 46797551,
            "current_ratio": 205.48,
            "debt_ratio": 26.17,
            "inventory_turnover_ratio": 1.3,
            "account_receivable_turnover_ratio": null,
            "reinvestment_rate": 70.23,
            "research_to_sale_ratio": null,
            "price_fair": 77.09,
            "eps_avg_yearly": 2.2,
            "eps_latest_yearly": 0.96,
            "eps_growth_yearly": 130.52
        },
        "20083": {
            "year_quarter": 20083,
            "year": 2008,
            "quarter": 3,
            "eps": -0.24,
            "eps_growth_year": -233.33,
            "eps_4q": -0.09,
            "eps_4q_growth_year": -105.74,
            "roe": -0.76,
            "roe_4q": -0.44000000000000006,
            "gross_profit": 533236,
            "gross_margin": 8.88,
            "gross_margin_4q_avg": 10.28,
            "net_income": -350866,
            "net_income_4q": null,
            "revenue": 6004409,
            "revenue_4q": null,
            "common_shares": 13913008,
            "book_valuer_per_share": 31.53,
            "book_valuer_per_share_4q_avg": 32.34,
            "equity": 45755617,
            "current_ratio": 194.05,
            "debt_ratio": 24.13,
            "inventory_turnover_ratio": 0.86,
            "account_receivable_turnover_ratio": null,
            "reinvestment_rate": 79.84,
            "research_to_sale_ratio": null,
            "price_fair": 75.4,
            "eps_avg_yearly": 2.15,
            "eps_latest_yearly": 0.96,
            "eps_growth_yearly": 156.73
        },
        "20084": {
            "year_quarter": 20084,
            "year": 2008,
            "quarter": 4,
            "eps": -3.78,
            "eps_growth_year": -4825,
            "eps_4q": -3.88,
            "eps_4q_growth_year": -382.48,
            "roe": -12.25,
            "roe_4q": -12.93,
            "gross_profit": -566274,
            "gross_margin": -9.35,
            "gross_margin_4q_avg": 5.77,
            "net_income": -5253980,
            "net_income_4q": null,
            "revenue": 6058582,
            "revenue_4q": null,
            "common_shares": 13913008,
            "book_valuer_per_share": 27.41,
            "book_valuer_per_share_4q_avg": 30.99,
            "equity": 40042294,
            "current_ratio": 180.39,
            "debt_ratio": 25.04,
            "inventory_turnover_ratio": 1.18,
            "account_receivable_turnover_ratio": 5.86,
            "reinvestment_rate": -30.96,
            "research_to_sale_ratio": null,
            "price_fair": 79.48,
            "eps_avg_yearly": 2.27,
            "eps_latest_yearly": 0.96,
            "eps_growth_yearly": 192.72
        },
        "20091": {
            "year_quarter": 20091,
            "year": 2009,
            "quarter": 1,
            "eps": 0,
            "eps_growth_year": -100,
            "eps_4q": -4.17,
            "eps_4q_growth_year": -570.31,
            "roe": 0.18,
            "roe_4q": -13.36,
            "gross_profit": 932867,
            "gross_margin": 11.68,
            "gross_margin_4q_avg": 6.01,
            "net_income": 71816,
            "net_income_4q": null,
            "revenue": 7985861,
            "revenue_4q": null,
            "common_shares": 13913008,
            "book_valuer_per_share": 27.48,
            "book_valuer_per_share_4q_avg": 29.67,
            "equity": 40224410,
            "current_ratio": 202.7,
            "debt_ratio": 24.42,
            "inventory_turnover_ratio": 1.65,
            "account_receivable_turnover_ratio": 3.41,
            "reinvestment_rate": 110.86,
            "research_to_sale_ratio": null,
            "price_fair": 76.3,
            "eps_avg_yearly": 2.18,
            "eps_latest_yearly": 0.96,
            "eps_growth_yearly": 67.11
        },
        "20092": {
            "year_quarter": 20092,
            "year": 2009,
            "quarter": 2,
            "eps": 0.07,
            "eps_growth_year": null,
            "eps_4q": -12.7,
            "eps_4q_growth_year": -4027.69,
            "roe": 0.07,
            "roe_4q": -12.76,
            "gross_profit": 958576,
            "gross_margin": 11.28,
            "gross_margin_4q_avg": 5.62,
            "net_income": 30152,
            "net_income_4q": null,
            "revenue": 8499185,
            "revenue_4q": null,
            "common_shares": 13913008,
            "book_valuer_per_share": 28.23,
            "book_valuer_per_share_4q_avg": 28.66,
            "equity": 41652184,
            "current_ratio": 195.85,
            "debt_ratio": 26.99,
            "inventory_turnover_ratio": 2.12,
            "account_receivable_turnover_ratio": 3.17,
            "reinvestment_rate": 236.92,
            "research_to_sale_ratio": null,
            "price_fair": 71.65,
            "eps_avg_yearly": 2.05,
            "eps_latest_yearly": 0.96,
            "eps_growth_yearly": 70.18
        },
        "20093": {
            "year_quarter": 20093,
            "year": 2009,
            "quarter": 3,
            "eps": 0.12,
            "eps_growth_year": null,
            "eps_4q": -3.04,
            "eps_4q_growth_year": null,
            "roe": 0.47,
            "roe_4q": -11.53,
            "gross_profit": 919089,
            "gross_margin": 10.18,
            "gross_margin_4q_avg": 5.95,
            "net_income": 196468,
            "net_income_4q": null,
            "revenue": 9024463,
            "revenue_4q": null,
            "common_shares": 13913008,
            "book_valuer_per_share": 28.23,
            "book_valuer_per_share_4q_avg": 27.84,
            "equity": 41679010,
            "current_ratio": 202.53,
            "debt_ratio": 25.51,
            "inventory_turnover_ratio": 2.18,
            "account_receivable_turnover_ratio": 3.12,
            "reinvestment_rate": 334.75,
            "research_to_sale_ratio": null,
            "price_fair": 64.53,
            "eps_avg_yearly": 1.84,
            "eps_latest_yearly": 0.48,
            "eps_growth_yearly": 105.35
        },
        "20094": {
            "year_quarter": 20094,
            "year": 2009,
            "quarter": 4,
            "eps": 0.44,
            "eps_growth_year": null,
            "eps_4q": 0.62,
            "eps_4q_growth_year": null,
            "roe": 1.41,
            "roe_4q": 2.13,
            "gross_profit": 506191,
            "gross_margin": 4.23,
            "gross_margin_4q_avg": 9.34,
            "net_income": 592517,
            "net_income_4q": null,
            "revenue": 11959608,
            "revenue_4q": null,
            "common_shares": 13913008,
            "book_valuer_per_share": 28.77,
            "book_valuer_per_share_4q_avg": 28.18,
            "equity": 42169244,
            "current_ratio": 189.56,
            "debt_ratio": 27.63,
            "inventory_turnover_ratio": 2.89,
            "account_receivable_turnover_ratio": 6.66,
            "reinvestment_rate": 6733.87,
            "research_to_sale_ratio": null,
            "price_fair": 57.65,
            "eps_avg_yearly": 1.65,
            "eps_latest_yearly": 1.76,
            "eps_growth_yearly": 186.27
        },
        "20101": {
            "year_quarter": 20101,
            "year": 2010,
            "quarter": 1,
            "eps": 0.23,
            "eps_growth_year": null,
            "eps_4q": 0.85,
            "eps_4q_growth_year": null,
            "roe": 0.74,
            "roe_4q": 2.69,
            "gross_profit": 1163688,
            "gross_margin": 11.79,
            "gross_margin_4q_avg": 9.37,
            "net_income": 312558,
            "net_income_4q": null,
            "revenue": 9868432,
            "revenue_4q": null,
            "common_shares": 13913008,
            "book_valuer_per_share": 28.9,
            "book_valuer_per_share_4q_avg": 28.53,
            "equity": 42356335,
            "current_ratio": 214.24,
            "debt_ratio": 23.99,
            "inventory_turnover_ratio": 2.13,
            "account_receivable_turnover_ratio": 3.04,
            "reinvestment_rate": null,
            "research_to_sale_ratio": 2.97,
            "price_fair": 47.73,
            "eps_avg_yearly": 1.36,
            "eps_latest_yearly": 0.92,
            "eps_growth_yearly": 167.81
        },
        "20102": {
            "year_quarter": 20102,
            "year": 2010,
            "quarter": 2,
            "eps": 0.39,
            "eps_growth_year": 461.47,
            "eps_4q": 1.18,
            "eps_4q_growth_year": null,
            "roe": 1.27,
            "roe_4q": 3.8899999999999997,
            "gross_profit": 1591324,
            "gross_margin": 14.99,
            "gross_margin_4q_avg": 10.3,
            "net_income": 537315,
            "net_income_4q": null,
            "revenue": 10615207,
            "revenue_4q": null,
            "common_shares": 13913008,
            "book_valuer_per_share": 29.04,
            "book_valuer_per_share_4q_avg": 28.74,
            "equity": 42514968,
            "current_ratio": 209.93,
            "debt_ratio": 24.46,
            "inventory_turnover_ratio": 2.25,
            "account_receivable_turnover_ratio": 3.34,
            "reinvestment_rate": null,
            "research_to_sale_ratio": 3.29,
            "price_fair": 46.33,
            "eps_avg_yearly": 1.32,
            "eps_latest_yearly": 1.56,
            "eps_growth_yearly": 211.46
        },
        "20103": {
            "year_quarter": 20103,
            "year": 2010,
            "quarter": 3,
            "eps": 0.57,
            "eps_growth_year": 377.55,
            "eps_4q": 1.64,
            "eps_4q_growth_year": null,
            "roe": 1.92,
            "roe_4q": 5.34,
            "gross_profit": 1081697,
            "gross_margin": 9.65,
            "gross_margin_4q_avg": 10.17,
            "net_income": 823872,
            "net_income_4q": null,
            "revenue": 11204535,
            "revenue_4q": null,
            "common_shares": 13913008,
            "book_valuer_per_share": 29.71,
            "book_valuer_per_share_4q_avg": 29.11,
            "equity": 43458893,
            "current_ratio": 227.14,
            "debt_ratio": 23,
            "inventory_turnover_ratio": 2.6,
            "account_receivable_turnover_ratio": 3.28,
            "reinvestment_rate": null,
            "research_to_sale_ratio": 3.17,
            "price_fair": 45.95,
            "eps_avg_yearly": 1.31,
            "eps_latest_yearly": 2.28,
            "eps_growth_yearly": 220.98
        },
        "20104": {
            "year_quarter": 20104,
            "year": 2010,
            "quarter": 4,
            "eps": 0.89,
            "eps_growth_year": 102.06,
            "eps_4q": 2.09,
            "eps_4q_growth_year": 235.66,
            "roe": 2.79,
            "roe_4q": 6.720000000000001,
            "gross_profit": 690869,
            "gross_margin": 7.21,
            "gross_margin_4q_avg": 10.91,
            "net_income": 1219462,
            "net_income_4q": null,
            "revenue": 9583222,
            "revenue_4q": null,
            "common_shares": 13840508,
            "book_valuer_per_share": 30.11,
            "book_valuer_per_share_4q_avg": 29.44,
            "equity": 43937802,
            "current_ratio": 223.97,
            "debt_ratio": 24.08,
            "inventory_turnover_ratio": 2.18,
            "account_receivable_turnover_ratio": 3.24,
            "reinvestment_rate": 46349.14,
            "research_to_sale_ratio": 3.64,
            "price_fair": 53.96,
            "eps_avg_yearly": 1.54,
            "eps_latest_yearly": 3.56,
            "eps_growth_yearly": 262
        },
        "20111": {
            "year_quarter": 20111,
            "year": 2011,
            "quarter": 1,
            "eps": 0.57,
            "eps_growth_year": 147.83,
            "eps_4q": 2.42,
            "eps_4q_growth_year": 184.39,
            "roe": 1.79,
            "roe_4q": 7.77,
            "gross_profit": 1597192,
            "gross_margin": 12.24,
            "gross_margin_4q_avg": 11.02,
            "net_income": 793065,
            "net_income_4q": null,
            "revenue": 13047569,
            "revenue_4q": null,
            "common_shares": 13840508,
            "book_valuer_per_share": 30.54,
            "book_valuer_per_share_4q_avg": 29.85,
            "equity": 44562098,
            "current_ratio": 222.51,
            "debt_ratio": 22.35,
            "inventory_turnover_ratio": 2.68,
            "account_receivable_turnover_ratio": 4.3,
            "reinvestment_rate": null,
            "research_to_sale_ratio": 2.59,
            "price_fair": 50.78,
            "eps_avg_yearly": 1.45,
            "eps_latest_yearly": 2.28,
            "eps_growth_yearly": 170.6
        },
        "20112": {
            "year_quarter": 20112,
            "year": 2011,
            "quarter": 2,
            "eps": 0.52,
            "eps_growth_year": 31.08,
            "eps_4q": 2.55,
            "eps_4q_growth_year": 115.94,
            "roe": 1.68,
            "roe_4q": 8.18,
            "gross_profit": 1712084,
            "gross_margin": 14.41,
            "gross_margin_4q_avg": 10.88,
            "net_income": 738925,
            "net_income_4q": null,
            "revenue": 11885034,
            "revenue_4q": null,
            "common_shares": 13840508,
            "book_valuer_per_share": 29.9,
            "book_valuer_per_share_4q_avg": 30.07,
            "equity": 43645632,
            "current_ratio": 207.21,
            "debt_ratio": 24.48,
            "inventory_turnover_ratio": 2.4,
            "account_receivable_turnover_ratio": 3.33,
            "reinvestment_rate": 65186.45,
            "research_to_sale_ratio": 3.19,
            "price_fair": 53.84,
            "eps_avg_yearly": 1.54,
            "eps_latest_yearly": 2.08,
            "eps_growth_yearly": 191.36
        },
        "20113": {
            "year_quarter": 20113,
            "year": 2011,
            "quarter": 3,
            "eps": 0.51,
            "eps_growth_year": -10.14,
            "eps_4q": 2.49,
            "eps_4q_growth_year": 52.06,
            "roe": 1.75,
            "roe_4q": 8.01,
            "gross_profit": 1475198,
            "gross_margin": 13.75,
            "gross_margin_4q_avg": 11.9,
            "net_income": 776153,
            "net_income_4q": null,
            "revenue": 10730776,
            "revenue_4q": null,
            "common_shares": 13840508,
            "book_valuer_per_share": 30.68,
            "book_valuer_per_share_4q_avg": 30.31,
            "equity": 44844672,
            "current_ratio": 245.75,
            "debt_ratio": 20.84,
            "inventory_turnover_ratio": 2.09,
            "account_receivable_turnover_ratio": 3.01,
            "reinvestment_rate": 4753.72,
            "research_to_sale_ratio": 4.04,
            "price_fair": 58.04,
            "eps_avg_yearly": 1.66,
            "eps_latest_yearly": 2.04,
            "eps_growth_yearly": 203.64
        },
        "20114": {
            "year_quarter": 20114,
            "year": 2011,
            "quarter": 4,
            "eps": 0.6,
            "eps_growth_year": -32.26,
            "eps_4q": 2.2,
            "eps_4q_growth_year": 5.52,
            "roe": 2.03,
            "roe_4q": 7.25,
            "gross_profit": 473047,
            "gross_margin": 5.18,
            "gross_margin_4q_avg": 11.4,
            "net_income": 919258,
            "net_income_4q": null,
            "revenue": 9133290,
            "revenue_4q": null,
            "common_shares": 13840508,
            "book_valuer_per_share": 31.31,
            "book_valuer_per_share_4q_avg": 30.61,
            "equity": 45838212,
            "current_ratio": 231.74,
            "debt_ratio": 21.73,
            "inventory_turnover_ratio": 1.61,
            "account_receivable_turnover_ratio": 2.6,
            "reinvestment_rate": 1709.62,
            "research_to_sale_ratio": 6.94,
            "price_fair": 64.65,
            "eps_avg_yearly": 1.85,
            "eps_latest_yearly": 2.4,
            "eps_growth_yearly": 230.26
        },
        "20121": {
            "year_quarter": 20121,
            "year": 2012,
            "quarter": 1,
            "eps": 0.36,
            "eps_growth_year": -36.84,
            "eps_4q": 2,
            "eps_4q_growth_year": -17.59,
            "roe": 1.2,
            "roe_4q": 6.659999999999999,
            "gross_profit": 1620458,
            "gross_margin": 12.79,
            "gross_margin_4q_avg": 11.53,
            "net_income": 550227,
            "net_income_4q": null,
            "revenue": 12668587,
            "revenue_4q": null,
            "common_shares": 13840508,
            "book_valuer_per_share": 31.59,
            "book_valuer_per_share_4q_avg": 30.87,
            "equity": 46229706,
            "current_ratio": 274.7,
            "debt_ratio": 18.05,
            "inventory_turnover_ratio": 2.01,
            "account_receivable_turnover_ratio": 3.35,
            "reinvestment_rate": 1469.37,
            "research_to_sale_ratio": 2.71,
            "price_fair": 66.18,
            "eps_avg_yearly": 1.89,
            "eps_latest_yearly": 1.44,
            "eps_growth_yearly": 142.99
        },
        "20122": {
            "year_quarter": 20122,
            "year": 2012,
            "quarter": 2,
            "eps": 0.68,
            "eps_growth_year": 31.79,
            "eps_4q": 2.16,
            "eps_4q_growth_year": -15.11,
            "roe": 2.19,
            "roe_4q": 7.17,
            "gross_profit": 1901568,
            "gross_margin": 16.72,
            "gross_margin_4q_avg": 12.11,
            "net_income": 1001682,
            "net_income_4q": null,
            "revenue": 11371134,
            "revenue_4q": null,
            "common_shares": 13840508,
            "book_valuer_per_share": 30.91,
            "book_valuer_per_share_4q_avg": 31.12,
            "equity": 45301133,
            "current_ratio": 230.85,
            "debt_ratio": 21.71,
            "inventory_turnover_ratio": 1.95,
            "account_receivable_turnover_ratio": 2.58,
            "reinvestment_rate": 784.39,
            "research_to_sale_ratio": 3.53,
            "price_fair": 68.6,
            "eps_avg_yearly": 1.96,
            "eps_latest_yearly": 2.72,
            "eps_growth_yearly": 160.7
        },
        "20123": {
            "year_quarter": 20123,
            "year": 2012,
            "quarter": 3,
            "eps": 0.43,
            "eps_growth_year": -15.75,
            "eps_4q": 2.08,
            "eps_4q_growth_year": -16.39,
            "roe": 1.42,
            "roe_4q": 6.84,
            "gross_profit": 1278455,
            "gross_margin": 12.96,
            "gross_margin_4q_avg": 11.91,
            "net_income": 646742,
            "net_income_4q": null,
            "revenue": 9868466,
            "revenue_4q": null,
            "common_shares": 13840508,
            "book_valuer_per_share": 31.29,
            "book_valuer_per_share_4q_avg": 31.28,
            "equity": 45842720,
            "current_ratio": 280.87,
            "debt_ratio": 17.87,
            "inventory_turnover_ratio": 1.56,
            "account_receivable_turnover_ratio": 2.31,
            "reinvestment_rate": 574.94,
            "research_to_sale_ratio": 2.66,
            "price_fair": 67.95,
            "eps_avg_yearly": 1.94,
            "eps_latest_yearly": 1.72,
            "eps_growth_yearly": 137.03
        },
        "20124": {
            "year_quarter": 20124,
            "year": 2012,
            "quarter": 4,
            "eps": 0.08,
            "eps_growth_year": -86.57,
            "eps_4q": 1.56,
            "eps_4q_growth_year": -29.19,
            "roe": 0.3,
            "roe_4q": 5.11,
            "gross_profit": 743395,
            "gross_margin": 9.44,
            "gross_margin_4q_avg": 12.98,
            "net_income": 138476,
            "net_income_4q": null,
            "revenue": 7877943,
            "revenue_4q": null,
            "common_shares": 13840508,
            "book_valuer_per_share": 31.3,
            "book_valuer_per_share_4q_avg": 31.27,
            "equity": 45866460,
            "current_ratio": 263.67,
            "debt_ratio": 18.85,
            "inventory_turnover_ratio": 1.06,
            "account_receivable_turnover_ratio": 2.34,
            "reinvestment_rate": 270.07,
            "research_to_sale_ratio": 13.36,
            "price_fair": 63.9,
            "eps_avg_yearly": 1.83,
            "eps_latest_yearly": 0.32,
            "eps_growth_yearly": 103.99
        },
        "20131": {
            "year_quarter": 20131,
            "year": 2013,
            "quarter": 1,
            "eps": 0.35,
            "eps_growth_year": -2.78,
            "eps_4q": 1.54,
            "eps_4q_growth_year": -22.82,
            "roe": 1.07,
            "roe_4q": 4.98,
            "gross_profit": 1399496,
            "gross_margin": 13.91,
            "gross_margin_4q_avg": 13.26,
            "net_income": 498057,
            "net_income_4q": null,
            "revenue": 10062683,
            "revenue_4q": null,
            "common_shares": 13840508,
            "book_valuer_per_share": 32.04,
            "book_valuer_per_share_4q_avg": 31.39,
            "equity": 46920503,
            "current_ratio": 293.3,
            "debt_ratio": 16.41,
            "inventory_turnover_ratio": 1.43,
            "account_receivable_turnover_ratio": 3.31,
            "reinvestment_rate": 254.23,
            "research_to_sale_ratio": 3.42,
            "price_fair": 62.91,
            "eps_avg_yearly": 1.8,
            "eps_latest_yearly": 1.4,
            "eps_growth_yearly": 187.05
        },
        "20132": {
            "year_quarter": 20132,
            "year": 2013,
            "quarter": 2,
            "eps": 0.58,
            "eps_growth_year": -14.58,
            "eps_4q": 1.43,
            "eps_4q_growth_year": -33.68,
            "roe": 1.75,
            "roe_4q": 4.54,
            "gross_profit": 1438077,
            "gross_margin": 16.81,
            "gross_margin_4q_avg": 13.28,
            "net_income": 828301,
            "net_income_4q": null,
            "revenue": 8556179,
            "revenue_4q": null,
            "common_shares": 13840508,
            "book_valuer_per_share": 32.49,
            "book_valuer_per_share_4q_avg": 31.78,
            "equity": 47526399,
            "current_ratio": 263.89,
            "debt_ratio": 18.73,
            "inventory_turnover_ratio": 1.58,
            "account_receivable_turnover_ratio": 2.78,
            "reinvestment_rate": 226,
            "research_to_sale_ratio": 4.66,
            "price_fair": 64.05,
            "eps_avg_yearly": 1.83,
            "eps_latest_yearly": 2.32,
            "eps_growth_yearly": 191.79
        },
        "20133": {
            "year_quarter": 20133,
            "year": 2013,
            "quarter": 3,
            "eps": 0.37,
            "eps_growth_year": -14.72,
            "eps_4q": 1.36,
            "eps_4q_growth_year": -34.6,
            "roe": 1.2,
            "roe_4q": 4.32,
            "gross_profit": 1470251,
            "gross_margin": 17.98,
            "gross_margin_4q_avg": 14.54,
            "net_income": 573638,
            "net_income_4q": null,
            "revenue": 8174956,
            "revenue_4q": null,
            "common_shares": 13840508,
            "book_valuer_per_share": 32.89,
            "book_valuer_per_share_4q_avg": 32.18,
            "equity": 48139190,
            "current_ratio": 296.3,
            "debt_ratio": 16.79,
            "inventory_turnover_ratio": 1.48,
            "account_receivable_turnover_ratio": 2.84,
            "reinvestment_rate": 222.81,
            "research_to_sale_ratio": 5.62,
            "price_fair": 66.24,
            "eps_avg_yearly": 1.89,
            "eps_latest_yearly": 1.48,
            "eps_growth_yearly": 164.88
        },
        "20134": {
            "year_quarter": 20134,
            "year": 2013,
            "quarter": 4,
            "eps": 0.55,
            "eps_growth_year": 580.31,
            "eps_4q": 1.83,
            "eps_4q_growth_year": 17.41,
            "roe": 1.74,
            "roe_4q": 5.76,
            "gross_profit": 838146,
            "gross_margin": 9.58,
            "gross_margin_4q_avg": 14.57,
            "net_income": 851026,
            "net_income_4q": null,
            "revenue": 8746007,
            "revenue_4q": null,
            "common_shares": 13840508,
            "book_valuer_per_share": 33.76,
            "book_valuer_per_share_4q_avg": 32.8,
            "equity": 49438901,
            "current_ratio": 284.5,
            "debt_ratio": 17.68,
            "inventory_turnover_ratio": 1.51,
            "account_receivable_turnover_ratio": 3.01,
            "reinvestment_rate": 1.2,
            "research_to_sale_ratio": 7.18,
            "price_fair": 67.2,
            "eps_avg_yearly": 1.92,
            "eps_latest_yearly": 2.2,
            "eps_growth_yearly": 110.38
        },
        "20141": {
            "year_quarter": 20141,
            "year": 2014,
            "quarter": 1,
            "eps": 0.61,
            "eps_growth_year": 74.29,
            "eps_4q": 2.09,
            "eps_4q_growth_year": 35.32,
            "roe": 1.79,
            "roe_4q": 6.48,
            "gross_profit": 1820819,
            "gross_margin": 18.03,
            "gross_margin_4q_avg": 15.6,
            "net_income": 894715,
            "net_income_4q": null,
            "revenue": 10097704,
            "revenue_4q": null,
            "common_shares": 13840508,
            "book_valuer_per_share": 34.38,
            "book_valuer_per_share_4q_avg": 33.38,
            "equity": 50355075,
            "current_ratio": 320.85,
            "debt_ratio": 15.68,
            "inventory_turnover_ratio": 1.63,
            "account_receivable_turnover_ratio": 3.15,
            "reinvestment_rate": -49.11,
            "research_to_sale_ratio": 4.38,
            "price_fair": 70.53,
            "eps_avg_yearly": 2.02,
            "eps_latest_yearly": 2.44,
            "eps_growth_yearly": 125.04
        },
        "20142": {
            "year_quarter": 20142,
            "year": 2014,
            "quarter": 2,
            "eps": 0.52,
            "eps_growth_year": -10.34,
            "eps_4q": 2.02,
            "eps_4q_growth_year": 40.94,
            "roe": 1.57,
            "roe_4q": 6.300000000000001,
            "gross_profit": 1852998,
            "gross_margin": 18.77,
            "gross_margin_4q_avg": 16.09,
            "net_income": 780972,
            "net_income_4q": null,
            "revenue": 9874605,
            "revenue_4q": null,
            "common_shares": 13840508,
            "book_valuer_per_share": 33.72,
            "book_valuer_per_share_4q_avg": 33.69,
            "equity": 49416901,
            "current_ratio": 264.22,
            "debt_ratio": 19.22,
            "inventory_turnover_ratio": 1.82,
            "account_receivable_turnover_ratio": 2.68,
            "reinvestment_rate": 2.11,
            "research_to_sale_ratio": 3.96,
            "price_fair": 71.66,
            "eps_avg_yearly": 2.05,
            "eps_latest_yearly": 2.08,
            "eps_growth_yearly": 103.96
        },
        "20143": {
            "year_quarter": 20143,
            "year": 2014,
            "quarter": 3,
            "eps": 0.49,
            "eps_growth_year": 32.43,
            "eps_4q": 2.14,
            "eps_4q_growth_year": 57.53,
            "roe": 1.44,
            "roe_4q": 6.54,
            "gross_profit": 1544121,
            "gross_margin": 18.15,
            "gross_margin_4q_avg": 16.13,
            "net_income": 718638,
            "net_income_4q": null,
            "revenue": 8506538,
            "revenue_4q": null,
            "common_shares": 13840508,
            "book_valuer_per_share": 34.36,
            "book_valuer_per_share_4q_avg": 34.06,
            "equity": 50377930,
            "current_ratio": 319.91,
            "debt_ratio": 15.36,
            "inventory_turnover_ratio": 1.6,
            "account_receivable_turnover_ratio": 2.28,
            "reinvestment_rate": -35.16,
            "research_to_sale_ratio": 5.62,
            "price_fair": 70.96,
            "eps_avg_yearly": 2.03,
            "eps_latest_yearly": 1.96,
            "eps_growth_yearly": 90.98
        },
        "20144": {
            "year_quarter": 20144,
            "year": 2014,
            "quarter": 4,
            "eps": 0.26,
            "eps_growth_year": -53.39,
            "eps_4q": 1.85,
            "eps_4q_growth_year": 1.04,
            "roe": 0.84,
            "roe_4q": 5.64,
            "gross_profit": 844126,
            "gross_margin": 11.3,
            "gross_margin_4q_avg": 16.56,
            "net_income": 427387,
            "net_income_4q": null,
            "revenue": 7472580,
            "revenue_4q": null,
            "common_shares": 13840508,
            "book_valuer_per_share": 35,
            "book_valuer_per_share_4q_avg": 34.37,
            "equity": 51400580,
            "current_ratio": 292.47,
            "debt_ratio": 16.45,
            "inventory_turnover_ratio": 1.33,
            "account_receivable_turnover_ratio": 2.43,
            "reinvestment_rate": 33.22,
            "research_to_sale_ratio": 10.98,
            "price_fair": 65.45,
            "eps_avg_yearly": 1.87,
            "eps_latest_yearly": 1.04,
            "eps_growth_yearly": 65.21
        },
        "20151": {
            "year_quarter": 20151,
            "year": 2015,
            "quarter": 1,
            "eps": 0.73,
            "eps_growth_year": 19.67,
            "eps_4q": 1.96,
            "eps_4q_growth_year": -6.07,
            "roe": 2.05,
            "roe_4q": 5.9,
            "gross_profit": 2124291,
            "gross_margin": 19.52,
            "gross_margin_4q_avg": 16.94,
            "net_income": 1064028,
            "net_income_4q": null,
            "revenue": 10881082,
            "revenue_4q": null,
            "common_shares": 13840508,
            "book_valuer_per_share": 35.63,
            "book_valuer_per_share_4q_avg": 34.68,
            "equity": 52302960,
            "current_ratio": 328.94,
            "debt_ratio": 14.87,
            "inventory_turnover_ratio": 1.79,
            "account_receivable_turnover_ratio": 3.45,
            "reinvestment_rate": 31.45,
            "research_to_sale_ratio": 4.02,
            "price_fair": 66.85,
            "eps_avg_yearly": 1.91,
            "eps_latest_yearly": 2.92,
            "eps_growth_yearly": 119.39
        },
        "20152": {
            "year_quarter": 20152,
            "year": 2015,
            "quarter": 2,
            "eps": 0.68,
            "eps_growth_year": 30.77,
            "eps_4q": 2.13,
            "eps_4q_growth_year": 5.38,
            "roe": 1.94,
            "roe_4q": 6.27,
            "gross_profit": 1853921,
            "gross_margin": 20.19,
            "gross_margin_4q_avg": 17.29,
            "net_income": 1008968,
            "net_income_4q": null,
            "revenue": 9183695,
            "revenue_4q": null,
            "common_shares": 13840508,
            "book_valuer_per_share": 35.06,
            "book_valuer_per_share_4q_avg": 35.01,
            "equity": 51475738,
            "current_ratio": 259.29,
            "debt_ratio": 18.1,
            "inventory_turnover_ratio": 1.8,
            "account_receivable_turnover_ratio": 2.6,
            "reinvestment_rate": 39.77,
            "research_to_sale_ratio": 4.87,
            "price_fair": 68.25,
            "eps_avg_yearly": 1.95,
            "eps_latest_yearly": 2.72,
            "eps_growth_yearly": 119.87
        },
        "20153": {
            "year_quarter": 20153,
            "year": 2015,
            "quarter": 3,
            "eps": 0.51,
            "eps_growth_year": 4.08,
            "eps_4q": 2.15,
            "eps_4q_growth_year": 0.38,
            "roe": 1.48,
            "roe_4q": 6.31,
            "gross_profit": 1598120,
            "gross_margin": 18.96,
            "gross_margin_4q_avg": 17.49,
            "net_income": 769486,
            "net_income_4q": null,
            "revenue": 8427276,
            "revenue_4q": null,
            "common_shares": 13840508,
            "book_valuer_per_share": 35.67,
            "book_valuer_per_share_4q_avg": 35.34,
            "equity": 52474597,
            "current_ratio": 311.86,
            "debt_ratio": 14.99,
            "inventory_turnover_ratio": 1.75,
            "account_receivable_turnover_ratio": 2.62,
            "reinvestment_rate": 46.59,
            "research_to_sale_ratio": 7.71,
            "price_fair": 68.25,
            "eps_avg_yearly": 1.95,
            "eps_latest_yearly": 2.04,
            "eps_growth_yearly": 114.1
        },
        "20154": {
            "year_quarter": 20154,
            "year": 2015,
            "quarter": 4,
            "eps": 0.39,
            "eps_growth_year": 53.45,
            "eps_4q": 2.29,
            "eps_4q_growth_year": 23.76,
            "roe": 1.26,
            "roe_4q": 6.7299999999999995,
            "gross_profit": 1136795,
            "gross_margin": 13.55,
            "gross_margin_4q_avg": 18.06,
            "net_income": 662206,
            "net_income_4q": null,
            "revenue": 8392394,
            "revenue_4q": null,
            "common_shares": 13840508,
            "book_valuer_per_share": 35.78,
            "book_valuer_per_share_4q_avg": 35.54,
            "equity": 52659211,
            "current_ratio": 303.85,
            "debt_ratio": 15.99,
            "inventory_turnover_ratio": 1.64,
            "account_receivable_turnover_ratio": 2.94,
            "reinvestment_rate": 36.34,
            "research_to_sale_ratio": 10.85,
            "price_fair": 66.41,
            "eps_avg_yearly": 1.9,
            "eps_latest_yearly": 1.56,
            "eps_growth_yearly": 103.81
        },
        "20161": {
            "year_quarter": 20161,
            "year": 2016,
            "quarter": 1,
            "eps": 0.77,
            "eps_growth_year": 5.48,
            "eps_4q": 2.33,
            "eps_4q_growth_year": 18.85,
            "roe": 2.19,
            "roe_4q": 6.869999999999999,
            "gross_profit": 2034214,
            "gross_margin": 18.77,
            "gross_margin_4q_avg": 17.87,
            "net_income": 1163090,
            "net_income_4q": null,
            "revenue": 10838415,
            "revenue_4q": null,
            "common_shares": 13840508,
            "book_valuer_per_share": 36.49,
            "book_valuer_per_share_4q_avg": 35.75,
            "equity": 53753228,
            "current_ratio": 335.15,
            "debt_ratio": 12.91,
            "inventory_turnover_ratio": 2,
            "account_receivable_turnover_ratio": 3.6,
            "reinvestment_rate": 33.36,
            "research_to_sale_ratio": 4.42,
            "price_fair": 70,
            "eps_avg_yearly": 2,
            "eps_latest_yearly": 3.08,
            "eps_growth_yearly": 138.16
        },
        "20162": {
            "year_quarter": 20162,
            "year": 2016,
            "quarter": 2,
            "eps": 0.7,
            "eps_growth_year": 2.94,
            "eps_4q": 2.35,
            "eps_4q_growth_year": 10.37,
            "roe": 1.99,
            "roe_4q": 6.92,
            "gross_profit": 2056485,
            "gross_margin": 19.24,
            "gross_margin_4q_avg": 17.63,
            "net_income": 1056258,
            "net_income_4q": null,
            "revenue": 10686672,
            "revenue_4q": null,
            "common_shares": 13840508,
            "book_valuer_per_share": 35.58,
            "book_valuer_per_share_4q_avg": 35.88,
            "equity": 52470667,
            "current_ratio": 250.75,
            "debt_ratio": 17.73,
            "inventory_turnover_ratio": 2.17,
            "account_receivable_turnover_ratio": 3.04,
            "reinvestment_rate": 30.83,
            "research_to_sale_ratio": 5.61,
            "price_fair": 70.18,
            "eps_avg_yearly": 2.01,
            "eps_latest_yearly": 2.8,
            "eps_growth_yearly": 113.67
        },
        "20163": {
            "year_quarter": 20163,
            "year": 2016,
            "quarter": 3,
            "eps": 0.62,
            "eps_growth_year": 21.57,
            "eps_4q": 2.45,
            "eps_4q_growth_year": 14.14,
            "roe": 1.75,
            "roe_4q": 7.1899999999999995,
            "gross_profit": 1999966,
            "gross_margin": 19.93,
            "gross_margin_4q_avg": 17.87,
            "net_income": 921505,
            "net_income_4q": null,
            "revenue": 10035156,
            "revenue_4q": null,
            "common_shares": 13840508,
            "book_valuer_per_share": 36.03,
            "book_valuer_per_share_4q_avg": 35.97,
            "equity": 53104553,
            "current_ratio": 319.1,
            "debt_ratio": 13.94,
            "inventory_turnover_ratio": 2.04,
            "account_receivable_turnover_ratio": 2.87,
            "reinvestment_rate": 28.12,
            "research_to_sale_ratio": 6.63,
            "price_fair": 71.84,
            "eps_avg_yearly": 2.05,
            "eps_latest_yearly": 2.48,
            "eps_growth_yearly": 120
        },
        "20164": {
            "year_quarter": 20164,
            "year": 2016,
            "quarter": 4,
            "eps": 0.24,
            "eps_growth_year": -38.18,
            "eps_4q": 2.3,
            "eps_4q_growth_year": 0.73,
            "roe": 0.86,
            "roe_4q": 6.789999999999999,
            "gross_profit": 1104856,
            "gross_margin": 12.04,
            "gross_margin_4q_avg": 17.5,
            "net_income": 456519,
            "net_income_4q": null,
            "revenue": 9173242,
            "revenue_4q": null,
            "common_shares": 13840508,
            "book_valuer_per_share": 35.71,
            "book_valuer_per_share_4q_avg": 35.95,
            "equity": 52721362,
            "current_ratio": 304.68,
            "debt_ratio": 15.21,
            "inventory_turnover_ratio": 1.85,
            "account_receivable_turnover_ratio": 3.04,
            "reinvestment_rate": 23.1,
            "research_to_sale_ratio": 10.55,
            "price_fair": 73.24,
            "eps_avg_yearly": 2.09,
            "eps_latest_yearly": 0.96,
            "eps_growth_yearly": 125.03
        },
        "20171": {
            "year_quarter": 20171,
            "year": 2017,
            "quarter": 1,
            "eps": 0.76,
            "eps_growth_year": -1.3,
            "eps_4q": 2.3,
            "eps_4q_growth_year": -1.13,
            "roe": 2.15,
            "roe_4q": 6.75,
            "gross_profit": 1946506,
            "gross_margin": 17.9,
            "gross_margin_4q_avg": 17.28,
            "net_income": 1142760,
            "net_income_4q": null,
            "revenue": 10871613,
            "revenue_4q": null,
            "common_shares": 13840508,
            "book_valuer_per_share": 36.28,
            "book_valuer_per_share_4q_avg": 35.9,
            "equity": 53516257,
            "current_ratio": 335.48,
            "debt_ratio": 13.49,
            "inventory_turnover_ratio": 1.96,
            "account_receivable_turnover_ratio": 3.73,
            "reinvestment_rate": 24.54,
            "research_to_sale_ratio": 3.95,
            "price_fair": 76.83,
            "eps_avg_yearly": 2.2,
            "eps_latest_yearly": 3.04,
            "eps_growth_yearly": 94.82
        },
        "20172": {
            "year_quarter": 20172,
            "year": 2017,
            "quarter": 2,
            "eps": 0.91,
            "eps_growth_year": 30,
            "eps_4q": 2.5,
            "eps_4q_growth_year": 6.46,
            "roe": 2.54,
            "roe_4q": 7.3,
            "gross_profit": 2016322,
            "gross_margin": 18.01,
            "gross_margin_4q_avg": 16.97,
            "net_income": 1348608,
            "net_income_4q": null,
            "revenue": 11198235,
            "revenue_4q": null,
            "common_shares": 13840508,
            "book_valuer_per_share": 35.56,
            "book_valuer_per_share_4q_avg": 35.9,
            "equity": 52494552,
            "current_ratio": 247.06,
            "debt_ratio": 18.39,
            "inventory_turnover_ratio": 2.28,
            "account_receivable_turnover_ratio": 3.35,
            "reinvestment_rate": 26.36,
            "research_to_sale_ratio": 4.76,
            "price_fair": 79.71,
            "eps_avg_yearly": 2.28,
            "eps_latest_yearly": 3.64,
            "eps_growth_yearly": 83.33
        },
        "20173": {
            "year_quarter": 20173,
            "year": 2017,
            "quarter": 3,
            "eps": 0.73,
            "eps_growth_year": 17.74,
            "eps_4q": 2.61,
            "eps_4q_growth_year": 6.17,
            "roe": 2.03,
            "roe_4q": 7.580000000000001,
            "gross_profit": 1740158,
            "gross_margin": 19.58,
            "gross_margin_4q_avg": 16.88,
            "net_income": 1079242,
            "net_income_4q": null,
            "revenue": 8885458,
            "revenue_4q": null,
            "common_shares": 13840508,
            "book_valuer_per_share": 36.37,
            "book_valuer_per_share_4q_avg": 35.98,
            "equity": 53706826,
            "current_ratio": 310.46,
            "debt_ratio": 14.2,
            "inventory_turnover_ratio": 1.92,
            "account_receivable_turnover_ratio": 2.6,
            "reinvestment_rate": 29.89,
            "research_to_sale_ratio": 5.77,
            "price_fair": 82.86,
            "eps_avg_yearly": 2.37,
            "eps_latest_yearly": 2.92,
            "eps_growth_yearly": 87.43
        },
        "20174": {
            "year_quarter": 20174,
            "year": 2017,
            "quarter": 4,
            "eps": 0.6,
            "eps_growth_year": 148.12,
            "eps_4q": 2.97,
            "eps_4q_growth_year": 28.74,
            "roe": 1.79,
            "roe_4q": 8.51,
            "gross_profit": 821063,
            "gross_margin": 10.31,
            "gross_margin_4q_avg": 16.45,
            "net_income": 969580,
            "net_income_4q": null,
            "revenue": 7967514,
            "revenue_4q": null,
            "common_shares": 13840508,
            "book_valuer_per_share": 36.81,
            "book_valuer_per_share_4q_avg": 36.26,
            "equity": 54456962,
            "current_ratio": 315.55,
            "debt_ratio": 14.28,
            "inventory_turnover_ratio": 1.81,
            "account_receivable_turnover_ratio": 2.65,
            "reinvestment_rate": 23.41,
            "research_to_sale_ratio": 6.93,
            "price_fair": 83.3,
            "eps_avg_yearly": 2.38,
            "eps_latest_yearly": 2.4,
            "eps_growth_yearly": 70.82
        },
        "20181": {
            "year_quarter": 20181,
            "year": 2018,
            "quarter": 1,
            "eps": 0.97,
            "eps_growth_year": 27.63,
            "eps_4q": 3.17,
            "eps_4q_growth_year": 37.52,
            "roe": 2.5,
            "roe_4q": 8.86,
            "gross_profit": 2104603,
            "gross_margin": 20.21,
            "gross_margin_4q_avg": 17.03,
            "net_income": 1387278,
            "net_income_4q": null,
            "revenue": 10411933,
            "revenue_4q": null,
            "common_shares": 13840508,
            "book_valuer_per_share": 38.16,
            "book_valuer_per_share_4q_avg": 36.73,
            "equity": 56477313,
            "current_ratio": 345.64,
            "debt_ratio": 12.65,
            "inventory_turnover_ratio": 2.03,
            "account_receivable_turnover_ratio": 3.66,
            "reinvestment_rate": 13.58,
            "research_to_sale_ratio": 4.01,
            "price_fair": 86.45,
            "eps_avg_yearly": 2.47,
            "eps_latest_yearly": 3.88,
            "eps_growth_yearly": 83.51
        },
        "20182": {
            "year_quarter": 20182,
            "year": 2018,
            "quarter": 2,
            "eps": 0.54,
            "eps_growth_year": -40.66,
            "eps_4q": 2.81,
            "eps_4q_growth_year": 12.34,
            "roe": 1.48,
            "roe_4q": 7.799999999999999,
            "gross_profit": 1743800,
            "gross_margin": 20.42,
            "gross_margin_4q_avg": 17.63,
            "net_income": 824314,
            "net_income_4q": null,
            "revenue": 8540342,
            "revenue_4q": null,
            "common_shares": 13840508,
            "book_valuer_per_share": 36.86,
            "book_valuer_per_share_4q_avg": 37.05,
            "equity": 54555545,
            "current_ratio": 248.63,
            "debt_ratio": 17.46,
            "inventory_turnover_ratio": 1.71,
            "account_receivable_turnover_ratio": 2.82,
            "reinvestment_rate": 20.35,
            "research_to_sale_ratio": 6.64,
            "price_fair": 86.63,
            "eps_avg_yearly": 2.48,
            "eps_latest_yearly": 2.16,
            "eps_growth_yearly": 76.12
        },
        "20183": {
            "year_quarter": 20183,
            "year": 2018,
            "quarter": 3,
            "eps": 0.63,
            "eps_growth_year": -13.7,
            "eps_4q": 2.71,
            "eps_4q_growth_year": 4.12,
            "roe": 1.68,
            "roe_4q": 7.45,
            "gross_profit": 1519174,
            "gross_margin": 18.6,
            "gross_margin_4q_avg": 17.39,
            "net_income": 919013,
            "net_income_4q": null,
            "revenue": 8168837,
            "revenue_4q": null,
            "common_shares": 13840508,
            "book_valuer_per_share": 37.2,
            "book_valuer_per_share_4q_avg": 37.26,
            "equity": 55009601,
            "current_ratio": 341.28,
            "debt_ratio": 12.62,
            "inventory_turnover_ratio": 1.71,
            "account_receivable_turnover_ratio": 2.58,
            "reinvestment_rate": 7.81,
            "research_to_sale_ratio": 5.35,
            "price_fair": 87.85,
            "eps_avg_yearly": 2.51,
            "eps_latest_yearly": 2.52,
            "eps_growth_yearly": 81.72
        },
        "20184": {
            "year_quarter": 20184,
            "year": 2018,
            "quarter": 4,
            "eps": 0.49,
            "eps_growth_year": -19.42,
            "eps_4q": 2.6,
            "eps_4q_growth_year": -12.49,
            "roe": 1.37,
            "roe_4q": 7.029999999999999,
            "gross_profit": 825033,
            "gross_margin": 10.65,
            "gross_margin_4q_avg": 17.47,
            "net_income": 761437,
            "net_income_4q": null,
            "revenue": 7748402,
            "revenue_4q": null,
            "common_shares": 13840508,
            "book_valuer_per_share": 37.69,
            "book_valuer_per_share_4q_avg": 37.48,
            "equity": 55774089,
            "current_ratio": 332.71,
            "debt_ratio": 13.53,
            "inventory_turnover_ratio": 1.81,
            "account_receivable_turnover_ratio": 2.5,
            "reinvestment_rate": -0.04,
            "research_to_sale_ratio": 8.66,
            "price_fair": 89.86,
            "eps_avg_yearly": 2.57,
            "eps_latest_yearly": 1.96,
            "eps_growth_yearly": 87.9
        },
        "20191": {
            "year_quarter": 20191,
            "year": 2019,
            "quarter": 1,
            "eps": 0.56,
            "eps_growth_year": -42.27,
            "eps_4q": 2.19,
            "eps_4q_growth_year": -30.72,
            "roe": 1.46,
            "roe_4q": 5.99,
            "gross_profit": 1622433,
            "gross_margin": 18.59,
            "gross_margin_4q_avg": 17.07,
            "net_income": 823376,
            "net_income_4q": null,
            "revenue": 8726459,
            "revenue_4q": null,
            "common_shares": 13840508,
            "book_valuer_per_share": 38.51,
            "book_valuer_per_share_4q_avg": 37.57,
            "equity": 57034187,
            "current_ratio": 359.9,
            "debt_ratio": 12.86,
            "inventory_turnover_ratio": 1.82,
            "account_receivable_turnover_ratio": 2.81,
            "reinvestment_rate": 3.94,
            "research_to_sale_ratio": 4.22,
            "price_fair": 88.38,
            "eps_avg_yearly": 2.53,
            "eps_latest_yearly": 2.24,
            "eps_growth_yearly": 46.28
        },
        "20192": {
            "year_quarter": 20192,
            "year": 2019,
            "quarter": 2,
            "eps": -0.55,
            "eps_growth_year": -201.85,
            "eps_4q": 1.11,
            "eps_4q_growth_year": -60.33,
            "roe": -1.31,
            "roe_4q": 3.2,
            "gross_profit": 1608086,
            "gross_margin": 19.42,
            "gross_margin_4q_avg": 16.82,
            "net_income": -725351,
            "net_income_4q": null,
            "revenue": 8282215,
            "revenue_4q": null,
            "common_shares": 13840508,
            "book_valuer_per_share": 36.22,
            "book_valuer_per_share_4q_avg": 37.41,
            "equity": 53739183,
            "current_ratio": 286.79,
            "debt_ratio": 16.83,
            "inventory_turnover_ratio": 1.85,
            "account_receivable_turnover_ratio": 2.68,
            "reinvestment_rate": -20.24,
            "research_to_sale_ratio": 4.91,
            "price_fair": 87.92,
            "eps_avg_yearly": 2.51,
            "eps_latest_yearly": 2.24,
            "eps_growth_yearly": 51.19
        },
        "20193": {
            "year_quarter": 20193,
            "year": 2019,
            "quarter": 3,
            "eps": 0.38,
            "eps_growth_year": -39.68,
            "eps_4q": 1.84,
            "eps_4q_growth_year": -32.13,
            "roe": 0.75,
            "roe_4q": 2.27,
            "gross_profit": 1262555,
            "gross_margin": 17.08,
            "gross_margin_4q_avg": 16.44,
            "net_income": 372957,
            "net_income_4q": null,
            "revenue": 7390469,
            "revenue_4q": null,
            "common_shares": 5536203,
            "book_valuer_per_share": 75.42,
            "book_valuer_per_share_4q_avg": 46.96,
            "equity": 45315953,
            "current_ratio": 162.08,
            "debt_ratio": 26.52,
            "inventory_turnover_ratio": 1.75,
            "account_receivable_turnover_ratio": 2.42,
            "reinvestment_rate": -28.24,
            "research_to_sale_ratio": 5.43,
            "price_fair": 89.1,
            "eps_avg_yearly": 2.55,
            "eps_latest_yearly": 2.24,
            "eps_growth_yearly": 61.99
        },
        "20194": {
            "year_quarter": 20194,
            "year": 2019,
            "quarter": 4,
            "eps": -5.08,
            "eps_growth_year": -1144.03,
            "eps_4q": -4.45,
            "eps_4q_growth_year": -271.55,
            "roe": -6.35,
            "roe_4q": -5.45,
            "gross_profit": 757735,
            "gross_margin": 9.88,
            "gross_margin_4q_avg": 16.24,
            "net_income": -2779355,
            "net_income_4q": null,
            "revenue": 7668829,
            "revenue_4q": null,
            "common_shares": 5536203,
            "book_valuer_per_share": 69.98,
            "book_valuer_per_share_4q_avg": 55.03,
            "equity": 42164939,
            "current_ratio": 226.66,
            "debt_ratio": 18.07,
            "inventory_turnover_ratio": 1.71,
            "account_receivable_turnover_ratio": 2.72,
            "reinvestment_rate": -77.53,
            "research_to_sale_ratio": 7.02,
            "price_fair": 91.75,
            "eps_avg_yearly": 2.62,
            "eps_latest_yearly": 2.24,
            "eps_growth_yearly": 74
        },
        "20201": {
            "year_quarter": 20201,
            "year": 2020,
            "quarter": 1,
            "eps": 1.12,
            "eps_growth_year": 100,
            "eps_4q": -4.73,
            "eps_4q_growth_year": -315.54,
            "roe": 1.45,
            "roe_4q": -5.459999999999999,
            "gross_profit": 1360519,
            "gross_margin": 17.76,
            "gross_margin_4q_avg": 16.04,
            "net_income": 613824,
            "net_income_4q": null,
            "revenue": 7662219,
            "revenue_4q": null,
            "common_shares": 5536203,
            "book_valuer_per_share": 70.56,
            "book_valuer_per_share_4q_avg": 63.05,
            "equity": 42464497,
            "current_ratio": 280.63,
            "debt_ratio": 14.34,
            "inventory_turnover_ratio": 1.48,
            "account_receivable_turnover_ratio": 3.03,
            "reinvestment_rate": -83.83,
            "research_to_sale_ratio": 4.29,
            "price_fair": 90.42,
            "eps_avg_yearly": 2.58,
            "eps_latest_yearly": 2.24,
            "eps_growth_yearly": 47.69
        },
        "20202": {
            "year_quarter": 20202,
            "year": 2020,
            "quarter": 2,
            "eps": 1.67,
            "eps_growth_year": null,
            "eps_4q": -1.72,
            "eps_4q_growth_year": -254.43,
            "roe": 2.3,
            "roe_4q": -1.8499999999999996,
            "gross_profit": 1292275,
            "gross_margin": 18.16,
            "gross_margin_4q_avg": 15.72,
            "net_income": 984856,
            "net_income_4q": null,
            "revenue": 7115834,
            "revenue_4q": null,
            "common_shares": 5536203,
            "book_valuer_per_share": 72.2,
            "book_valuer_per_share_4q_avg": 72.04,
            "equity": 43285604,
            "current_ratio": 298.79,
            "debt_ratio": 14.25,
            "inventory_turnover_ratio": 1.55,
            "account_receivable_turnover_ratio": 3.02,
            "reinvestment_rate": -85.67,
            "research_to_sale_ratio": 5.96,
            "price_fair": 101.73,
            "eps_avg_yearly": 2.91,
            "eps_latest_yearly": 6.68,
            "eps_growth_yearly": 67.09
        },
        "20203": {
            "year_quarter": 20203,
            "year": 2020,
            "quarter": 3,
            "eps": 1.73,
            "eps_growth_year": 355.26,
            "eps_4q": -0.63,
            "eps_4q_growth_year": -133.97,
            "roe": 2.36,
            "roe_4q": -0.23999999999999932,
            "gross_profit": 1480642,
            "gross_margin": 18.3,
            "gross_margin_4q_avg": 16.03,
            "net_income": 1033932,
            "net_income_4q": null,
            "revenue": 8088955,
            "revenue_4q": null,
            "common_shares": 5536203,
            "book_valuer_per_share": 74.17,
            "book_valuer_per_share_4q_avg": 71.73,
            "equity": 44509421,
            "current_ratio": 289.77,
            "debt_ratio": 15.15,
            "inventory_turnover_ratio": 1.91,
            "account_receivable_turnover_ratio": 3.21,
            "reinvestment_rate": -73.91,
            "research_to_sale_ratio": 4.66,
            "price_fair": 114.68,
            "eps_avg_yearly": 3.28,
            "eps_latest_yearly": 6.92,
            "eps_growth_yearly": 72.1
        },
        "20204": {
            "year_quarter": 20204,
            "year": 2020,
            "quarter": 4,
            "eps": 1.47,
            "eps_growth_year": null,
            "eps_4q": 5.92,
            "eps_4q_growth_year": null,
            "roe": 2.01,
            "roe_4q": 8.12,
            "gross_profit": 772211,
            "gross_margin": 9.64,
            "gross_margin_4q_avg": 15.97,
            "net_income": 907936,
            "net_income_4q": null,
            "revenue": 8007592,
            "revenue_4q": null,
            "common_shares": 5536203,
            "book_valuer_per_share": 76.09,
            "book_valuer_per_share_4q_avg": 73.26,
            "equity": 45706644,
            "current_ratio": 280.23,
            "debt_ratio": 16.28,
            "inventory_turnover_ratio": 2.03,
            "account_receivable_turnover_ratio": 3.26,
            "reinvestment_rate": -60.26,
            "research_to_sale_ratio": 6.62,
            "price_fair": 129.03,
            "eps_avg_yearly": 3.69,
            "eps_latest_yearly": 5.88,
            "eps_growth_yearly": 87.52
        },
        "20211": {
            "year_quarter": 20211,
            "year": 2021,
            "quarter": 1,
            "eps": 2.35,
            "eps_growth_year": 109.82,
            "eps_4q": 7.14,
            "eps_4q_growth_year": null,
            "roe": 2.92,
            "roe_4q": 9.59,
            "gross_profit": 1637010,
            "gross_margin": 18.94,
            "gross_margin_4q_avg": 16.26,
            "net_income": 1355840,
            "net_income_4q": null,
            "revenue": 8644686,
            "revenue_4q": null,
            "common_shares": 5536203,
            "book_valuer_per_share": 78.54,
            "book_valuer_per_share_4q_avg": 75.25,
            "equity": 47122060,
            "current_ratio": 313.85,
            "debt_ratio": 14.69,
            "inventory_turnover_ratio": 1.84,
            "account_receivable_turnover_ratio": 3.84,
            "reinvestment_rate": -50.08,
            "research_to_sale_ratio": 3.42,
            "price_fair": 147.58,
            "eps_avg_yearly": 4.22,
            "eps_latest_yearly": 9.4,
            "eps_growth_yearly": 35.25
        },
        "20212": {
            "year_quarter": 20212,
            "year": 2021,
            "quarter": 2,
            "eps": 2.3,
            "eps_growth_year": 37.72,
            "eps_4q": 7.75,
            "eps_4q_growth_year": null,
            "roe": 2.85,
            "roe_4q": 10.139999999999999,
            "gross_profit": 1678973,
            "gross_margin": 22.24,
            "gross_margin_4q_avg": 17.28,
            "net_income": 1305396,
            "net_income_4q": null,
            "revenue": 7550661,
            "revenue_4q": null,
            "common_shares": 5536203,
            "book_valuer_per_share": 73.77,
            "book_valuer_per_share_4q_avg": 75.64,
            "equity": 44378786,
            "current_ratio": 200.42,
            "debt_ratio": 21.84,
            "inventory_turnover_ratio": 1.41,
            "account_receivable_turnover_ratio": 3.4,
            "reinvestment_rate": -56.85,
            "research_to_sale_ratio": 3.19,
            "price_fair": 163.8,
            "eps_avg_yearly": 4.68,
            "eps_latest_yearly": 9.2,
            "eps_growth_yearly": 27.96
        },
        "20213": {
            "year_quarter": 20213,
            "year": 2021,
            "quarter": 3,
            "eps": 1.25,
            "eps_growth_year": -27.75,
            "eps_4q": 7.28,
            "eps_4q_growth_year": null,
            "roe": 1.59,
            "roe_4q": 9.370000000000001,
            "gross_profit": 1282624,
            "gross_margin": 15.06,
            "gross_margin_4q_avg": 16.47,
            "net_income": 711408,
            "net_income_4q": null,
            "revenue": 8513993,
            "revenue_4q": null,
            "common_shares": 5536203,
            "book_valuer_per_share": 75.09,
            "book_valuer_per_share_4q_avg": 75.87,
            "equity": 45136636,
            "current_ratio": 283.18,
            "debt_ratio": 15.38,
            "inventory_turnover_ratio": 1.79,
            "account_receivable_turnover_ratio": 3.99,
            "reinvestment_rate": -67.57,
            "research_to_sale_ratio": 4.94,
            "price_fair": 142.39,
            "eps_avg_yearly": 4.85,
            "eps_latest_yearly": 5,
            "eps_growth_yearly": 19.34
        },
        "20214": {
            "year_quarter": 20214,
            "year": 2021,
            "quarter": 4,
            "eps": 1.74,
            "eps_growth_year": 18.64,
            "eps_4q": 7.55,
            "eps_4q_growth_year": 27.6,
            "roe": 2.25,
            "roe_4q": 9.61,
            "gross_profit": 341844,
            "gross_margin": 5.33,
            "gross_margin_4q_avg": 15.39,
            "net_income": 1030840,
            "net_income_4q": null,
            "revenue": 6416059,
            "revenue_4q": null,
            "common_shares": 5536203,
            "book_valuer_per_share": 77.08,
            "book_valuer_per_share_4q_avg": 76.12,
            "equity": 46325028,
            "current_ratio": 288.55,
            "debt_ratio": 15.37,
            "inventory_turnover_ratio": 1.63,
            "account_receivable_turnover_ratio": 3.03,
            "reinvestment_rate": -56.53,
            "research_to_sale_ratio": 7.33,
            "price_fair": 183.17,
            "eps_avg_yearly": 5.23,
            "eps_latest_yearly": 6.96,
            "eps_growth_yearly": 38.34
        },
        "20221": {
            "year_quarter": 20221,
            "year": 2022,
            "quarter": 1,
            "eps": 2.41,
            "eps_growth_year": 2.55,
            "eps_4q": 7.6,
            "eps_4q_growth_year": 6.52,
            "roe": 2.89,
            "roe_4q": 9.58,
            "gross_profit": 1273150,
            "gross_margin": 17.59,
            "gross_margin_4q_avg": 15.06,
            "net_income": 1366427,
            "net_income_4q": null,
            "revenue": 7239878,
            "revenue_4q": null,
            "common_shares": 5536203,
            "book_valuer_per_share": 80.23,
            "book_valuer_per_share_4q_avg": 76.54,
            "equity": 48205574,
            "current_ratio": 318.07,
            "debt_ratio": 13.54,
            "inventory_turnover_ratio": 1.65,
            "account_receivable_turnover_ratio": 3.35,
            "reinvestment_rate": -34.65,
            "research_to_sale_ratio": 4.55,
            "price_fair": 199.97,
            "eps_avg_yearly": 5.71,
            "eps_latest_yearly": 9.64,
            "eps_growth_yearly": 30.62
        },
        "20222": {
            "year_quarter": 20222,
            "year": 2022,
            "quarter": 2,
            "eps": -9.92,
            "eps_growth_year": -531.3,
            "eps_4q": -4.43,
            "eps_4q_growth_year": -157.19,
            "roe": -12.25,
            "roe_4q": -5.52,
            "gross_profit": 1316704,
            "gross_margin": 18.37,
            "gross_margin_4q_avg": 14.09,
            "net_income": -5355836,
            "net_income_4q": null,
            "revenue": 7168769,
            "revenue_4q": null,
            "common_shares": 5536203,
            "book_valuer_per_share": 64.27,
            "book_valuer_per_share_4q_avg": 74.17,
            "equity": 39263153,
            "current_ratio": 227.35,
            "debt_ratio": 26.43,
            "inventory_turnover_ratio": 1.79,
            "account_receivable_turnover_ratio": 3.08,
            "reinvestment_rate": -344.54,
            "research_to_sale_ratio": 4.57,
            "price_fair": 211.27,
            "eps_avg_yearly": 6.04,
            "eps_latest_yearly": 9.64,
            "eps_growth_yearly": 49.52
        },
        "20223": {
            "year_quarter": 20223,
            "year": 2022,
            "quarter": 3,
            "eps": -0.99,
            "eps_growth_year": -179.2,
            "eps_4q": -6.64,
            "eps_4q_growth_year": -191.21,
            "roe": -1.26,
            "roe_4q": -8.37,
            "gross_profit": 1260974,
            "gross_margin": 16.93,
            "gross_margin_4q_avg": 14.56,
            "net_income": -495158,
            "net_income_4q": null,
            "revenue": 7446370,
            "revenue_4q": null,
            "common_shares": 5536203,
            "book_valuer_per_share": 64.01,
            "book_valuer_per_share_4q_avg": 71.4,
            "equity": 39179974,
            "current_ratio": 249.33,
            "debt_ratio": 24.76,
            "inventory_turnover_ratio": 1.82,
            "account_receivable_turnover_ratio": 2.95,
            "reinvestment_rate": -718.8,
            "research_to_sale_ratio": 4.7,
            "price_fair": 223.58,
            "eps_avg_yearly": 6.39,
            "eps_latest_yearly": 9.64,
            "eps_growth_yearly": 47.81
        },
        "20224": {
            "year_quarter": 20224,
            "year": 2022,
            "quarter": 4,
            "eps": -5.63,
            "eps_growth_year": -423.75,
            "eps_4q": -14.01,
            "eps_4q_growth_year": -285.51,
            "roe": -8.29,
            "roe_4q": -18.909999999999997,
            "gross_profit": 1061007,
            "gross_margin": 13.78,
            "gross_margin_4q_avg": 16.67,
            "net_income": -3119878,
            "net_income_4q": null,
            "revenue": 7698853,
            "revenue_4q": null,
            "common_shares": 5536203,
            "book_valuer_per_share": 58.4,
            "book_valuer_per_share_4q_avg": 66.73,
            "equity": 36046948,
            "current_ratio": 231.09,
            "debt_ratio": 25.66,
            "inventory_turnover_ratio": 1.69,
            "account_receivable_turnover_ratio": 2.91,
            "reinvestment_rate": null,
            "research_to_sale_ratio": 7.66,
            "price_fair": 240.8,
            "eps_avg_yearly": 6.88,
            "eps_latest_yearly": 9.64,
            "eps_growth_yearly": 63
        },
        "20231": {
            "year_quarter": 20231,
            "year": 2023,
            "quarter": 1,
            "eps": 2.71,
            "eps_growth_year": 12.45,
            "eps_4q": -13.71,
            "eps_4q_growth_year": -280.27,
            "roe": 4.49,
            "roe_4q": -17.31,
            "gross_profit": 1520861,
            "gross_margin": 16.76,
            "gross_margin_4q_avg": 16.46,
            "net_income": 1597401,
            "net_income_4q": null,
            "revenue": 9076270,
            "revenue_4q": null,
            "common_shares": 5536203,
            "book_valuer_per_share": 56.43,
            "book_valuer_per_share_4q_avg": 60.78,
            "equity": 35054429,
            "current_ratio": 175.76,
            "debt_ratio": 25.27,
            "inventory_turnover_ratio": 1.94,
            "account_receivable_turnover_ratio": 3.3,
            "reinvestment_rate": null,
            "research_to_sale_ratio": 4.01,
            "price_fair": 261.1,
            "eps_avg_yearly": 7.46,
            "eps_latest_yearly": 9.64,
            "eps_growth_yearly": 63.73
        },
        "20232": {
            "year_quarter": 20232,
            "year": 2023,
            "quarter": 2,
            "eps": 2.83,
            "eps_growth_year": null,
            "eps_4q": -1.14,
            "eps_4q_growth_year": null,
            "roe": 4.5,
            "roe_4q": -0.5599999999999989,
            "gross_profit": 1494697,
            "gross_margin": 15.89,
            "gross_margin_4q_avg": 15.84,
            "net_income": 1595968,
            "net_income_4q": null,
            "revenue": 9405102,
            "revenue_4q": null,
            "common_shares": 5536203,
            "book_valuer_per_share": 58.27,
            "book_valuer_per_share_4q_avg": 59.28,
            "equity": 35814133,
            "current_ratio": 148.69,
            "debt_ratio": 24,
            "inventory_turnover_ratio": 2.24,
            "account_receivable_turnover_ratio": 3.31,
            "reinvestment_rate": -2297.86,
            "research_to_sale_ratio": 4.41,
            "price_fair": 276.11,
            "eps_avg_yearly": 7.89,
            "eps_latest_yearly": 11.32,
            "eps_growth_yearly": 58.62
        },
        "20233": {
            "year_quarter": 20233,
            "year": 2023,
            "quarter": 3,
            "eps": 2.46,
            "eps_growth_year": null,
            "eps_4q": 2.26,
            "eps_4q_growth_year": null,
            "roe": 3.81,
            "roe_4q": 4.510000000000002,
            "gross_profit": 1454403,
            "gross_margin": 15.76,
            "gross_margin_4q_avg": 15.55,
            "net_income": 1404044,
            "net_income_4q": null,
            "revenue": 9227686,
            "revenue_4q": null,
            "common_shares": 5536203,
            "book_valuer_per_share": 61.83,
            "book_valuer_per_share_4q_avg": 58.73,
            "equity": 37919182,
            "current_ratio": 143.85,
            "debt_ratio": 22,
            "inventory_turnover_ratio": 2.1,
            "account_receivable_turnover_ratio": 3.32,
            "reinvestment_rate": -234.89,
            "research_to_sale_ratio": 4.86,
            "price_fair": 282.94,
            "eps_avg_yearly": 8.08,
            "eps_latest_yearly": 9.84,
            "eps_growth_yearly": 47.53
        }
    },
    "months": {
        "2001-06": {
            "month": "2001-06",
            "price": "26.62",
            "revenue": 2306313
        },
        "2001-07": {
            "month": "2001-07",
            "price": "20.78",
            "revenue": 3618802
        },
        "2001-08": {
            "month": "2001-08",
            "price": "20.13",
            "revenue": 2983852
        },
        "2001-09": {
            "month": "2001-09",
            "price": "20.09",
            "revenue": 2489941
        },
        "2001-10": {
            "month": "2001-10",
            "price": "21.18",
            "revenue": 4484724
        },
        "2001-11": {
            "month": "2001-11",
            "price": "21.80",
            "revenue": 2692403
        },
        "2001-12": {
            "month": "2001-12",
            "price": "22.98",
            "revenue": 2584110
        },
        "2002-01": {
            "month": "2002-01",
            "price": "23.44",
            "revenue": 6119685
        },
        "2002-02": {
            "month": "2002-02",
            "price": "23.80",
            "revenue": 2418128
        },
        "2002-03": {
            "month": "2002-03",
            "price": "25.58",
            "revenue": 4085781
        },
        "2002-04": {
            "month": "2002-04",
            "price": "26.91",
            "revenue": 4379761
        },
        "2002-05": {
            "month": "2002-05",
            "price": "29.67",
            "revenue": 4698237
        },
        "2002-06": {
            "month": "2002-06",
            "price": "33.88",
            "revenue": 4575296
        },
        "2002-07": {
            "month": "2002-07",
            "price": "39.98",
            "revenue": 4980055
        },
        "2002-08": {
            "month": "2002-08",
            "price": "42.15",
            "revenue": 3346417
        },
        "2002-09": {
            "month": "2002-09",
            "price": "42.08",
            "revenue": 4617212
        },
        "2002-10": {
            "month": "2002-10",
            "price": "45.25",
            "revenue": 4497186
        },
        "2002-11": {
            "month": "2002-11",
            "price": "51.10",
            "revenue": 4735164
        },
        "2002-12": {
            "month": "2002-12",
            "price": "64.02",
            "revenue": 6317399
        },
        "2003-01": {
            "month": "2003-01",
            "price": "68.68",
            "revenue": 4749671
        },
        "2003-02": {
            "month": "2003-02",
            "price": "61.59",
            "revenue": 3561325
        },
        "2003-03": {
            "month": "2003-03",
            "price": "63.98",
            "revenue": 4885444
        },
        "2003-04": {
            "month": "2003-04",
            "price": "62.80",
            "revenue": 4549484
        },
        "2003-05": {
            "month": "2003-05",
            "price": "59.86",
            "revenue": 6008873
        },
        "2003-06": {
            "month": "2003-06",
            "price": "63.18",
            "revenue": 6033733
        },
        "2003-07": {
            "month": "2003-07",
            "price": "64.09",
            "revenue": 5830583
        },
        "2003-08": {
            "month": "2003-08",
            "price": "62.60",
            "revenue": 3185742
        },
        "2003-09": {
            "month": "2003-09",
            "price": "57.48",
            "revenue": 4610522
        },
        "2003-10": {
            "month": "2003-10",
            "price": "61.18",
            "revenue": 4576773
        },
        "2003-11": {
            "month": "2003-11",
            "price": "62.60",
            "revenue": 4555255
        },
        "2003-12": {
            "month": "2003-12",
            "price": "60.48",
            "revenue": 2996178
        },
        "2004-01": {
            "month": "2004-01",
            "price": "60.80",
            "revenue": 6886091
        },
        "2004-02": {
            "month": "2004-02",
            "price": "67.10",
            "revenue": 4507351
        },
        "2004-03": {
            "month": "2004-03",
            "price": "69.11",
            "revenue": 5623464
        },
        "2004-04": {
            "month": "2004-04",
            "price": "61.16",
            "revenue": 5522457
        },
        "2004-05": {
            "month": "2004-05",
            "price": "45.91",
            "revenue": 5973415
        },
        "2004-06": {
            "month": "2004-06",
            "price": "45.73",
            "revenue": 5412845
        },
        "2004-07": {
            "month": "2004-07",
            "price": "43.29",
            "revenue": 7160064
        },
        "2004-08": {
            "month": "2004-08",
            "price": "36.57",
            "revenue": 4063661
        },
        "2004-09": {
            "month": "2004-09",
            "price": "41.84",
            "revenue": 3022769
        },
        "2004-10": {
            "month": "2004-10",
            "price": "40.99",
            "revenue": 2979669
        },
        "2004-11": {
            "month": "2004-11",
            "price": "38.03",
            "revenue": 2841928
        },
        "2004-12": {
            "month": "2004-12",
            "price": "37.42",
            "revenue": 1937124
        },
        "2005-01": {
            "month": "2005-01",
            "price": "39.49",
            "revenue": 8912919
        },
        "2005-02": {
            "month": "2005-02",
            "price": "39.48",
            "revenue": 3182419
        },
        "2005-03": {
            "month": "2005-03",
            "price": "38.37",
            "revenue": 5075514
        },
        "2005-04": {
            "month": "2005-04",
            "price": "35.18",
            "revenue": 4307456
        },
        "2005-05": {
            "month": "2005-05",
            "price": "33.46",
            "revenue": 4586090
        },
        "2005-06": {
            "month": "2005-06",
            "price": "33.55",
            "revenue": 4235059
        },
        "2005-07": {
            "month": "2005-07",
            "price": "32.85",
            "revenue": 5246145
        },
        "2005-08": {
            "month": "2005-08",
            "price": "31.15",
            "revenue": 3333886
        },
        "2005-09": {
            "month": "2005-09",
            "price": "29.65",
            "revenue": 3807917
        },
        "2005-10": {
            "month": "2005-10",
            "price": "30.74",
            "revenue": 3121423
        },
        "2005-11": {
            "month": "2005-11",
            "price": "30.62",
            "revenue": 2453588
        },
        "2005-12": {
            "month": "2005-12",
            "price": "32.00",
            "revenue": 2549043
        },
        "2006-01": {
            "month": "2006-01",
            "price": "34.91",
            "revenue": 6750990
        },
        "2006-02": {
            "month": "2006-02",
            "price": "37.25",
            "revenue": 2653611
        },
        "2006-03": {
            "month": "2006-03",
            "price": "35.03",
            "revenue": 3245483
        },
        "2006-04": {
            "month": "2006-04",
            "price": "33.87",
            "revenue": 2830849
        },
        "2006-05": {
            "month": "2006-05",
            "price": "34.93",
            "revenue": 3009409
        },
        "2006-06": {
            "month": "2006-06",
            "price": "32.05",
            "revenue": 3253547
        },
        "2006-07": {
            "month": "2006-07",
            "price": "29.29",
            "revenue": 2747196
        },
        "2006-08": {
            "month": "2006-08",
            "price": "25.98",
            "revenue": 1859886
        },
        "2006-09": {
            "month": "2006-09",
            "price": "26.79",
            "revenue": 2246406
        },
        "2006-10": {
            "month": "2006-10",
            "price": "28.74",
            "revenue": 2162129
        },
        "2006-11": {
            "month": "2006-11",
            "price": "29.55",
            "revenue": 1748856
        },
        "2006-12": {
            "month": "2006-12",
            "price": "29.41",
            "revenue": 3641651
        },
        "2007-01": {
            "month": "2007-01",
            "price": "32.61",
            "revenue": 3517490
        },
        "2007-02": {
            "month": "2007-02",
            "price": "31.78",
            "revenue": 1669244
        },
        "2007-03": {
            "month": "2007-03",
            "price": "28.85",
            "revenue": 3425215
        },
        "2007-04": {
            "month": "2007-04",
            "price": "29.49",
            "revenue": 2434089
        },
        "2007-05": {
            "month": "2007-05",
            "price": "29.26",
            "revenue": 2575924
        },
        "2007-06": {
            "month": "2007-06",
            "price": "29.99",
            "revenue": 2018820
        },
        "2007-07": {
            "month": "2007-07",
            "price": "30.88",
            "revenue": 2751365
        },
        "2007-08": {
            "month": "2007-08",
            "price": "28.72",
            "revenue": 2007760
        },
        "2007-09": {
            "month": "2007-09",
            "price": "29.35",
            "revenue": 2289634
        },
        "2007-10": {
            "month": "2007-10",
            "price": "29.80",
            "revenue": 2414775
        },
        "2007-11": {
            "month": "2007-11",
            "price": "26.42",
            "revenue": 1614045
        },
        "2007-12": {
            "month": "2007-12",
            "price": "24.63",
            "revenue": 2762292
        },
        "2008-01": {
            "month": "2008-01",
            "price": "23.35",
            "revenue": 3252529
        },
        "2008-02": {
            "month": "2008-02",
            "price": "22.87",
            "revenue": 1397042
        },
        "2008-03": {
            "month": "2008-03",
            "price": "25.98",
            "revenue": 1837686
        },
        "2008-04": {
            "month": "2008-04",
            "price": "27.78",
            "revenue": 2867210
        },
        "2008-05": {
            "month": "2008-05",
            "price": "25.77",
            "revenue": 2085567
        },
        "2008-06": {
            "month": "2008-06",
            "price": "21.71",
            "revenue": 2130835
        },
        "2008-07": {
            "month": "2008-07",
            "price": "19.28",
            "revenue": 2206213
        },
        "2008-08": {
            "month": "2008-08",
            "price": "18.50",
            "revenue": 1282598
        },
        "2008-09": {
            "month": "2008-09",
            "price": "14.18",
            "revenue": 1748916
        },
        "2008-10": {
            "month": "2008-10",
            "price": "11.09",
            "revenue": 2091872
        },
        "2008-11": {
            "month": "2008-11",
            "price": "9.45",
            "revenue": 1179640
        },
        "2008-12": {
            "month": "2008-12",
            "price": "8.56",
            "revenue": 1163921
        },
        "2009-01": {
            "month": "2009-01",
            "price": "8.44",
            "revenue": 2652463
        },
        "2009-02": {
            "month": "2009-02",
            "price": "9.54",
            "revenue": 1539971
        },
        "2009-03": {
            "month": "2009-03",
            "price": "11.81",
            "revenue": 1804648
        },
        "2009-04": {
            "month": "2009-04",
            "price": "13.10",
            "revenue": 1890693
        },
        "2009-05": {
            "month": "2009-05",
            "price": "15.91",
            "revenue": 1925200
        },
        "2009-06": {
            "month": "2009-06",
            "price": "15.84",
            "revenue": 2240469
        },
        "2009-07": {
            "month": "2009-07",
            "price": "20.53",
            "revenue": 2707900
        },
        "2009-08": {
            "month": "2009-08",
            "price": "19.04",
            "revenue": 2141270
        },
        "2009-09": {
            "month": "2009-09",
            "price": "20.17",
            "revenue": 2285706
        },
        "2009-10": {
            "month": "2009-10",
            "price": "23.83",
            "revenue": 2668894
        },
        "2009-11": {
            "month": "2009-11",
            "price": "24.05",
            "revenue": 2946650
        },
        "2009-12": {
            "month": "2009-12",
            "price": "22.87",
            "revenue": 3588948
        },
        "2010-01": {
            "month": "2010-01",
            "price": "21.34",
            "revenue": 3199711
        },
        "2010-02": {
            "month": "2010-02",
            "price": "18.59",
            "revenue": 2016893
        },
        "2010-03": {
            "month": "2010-03",
            "price": "20.93",
            "revenue": 2337775
        },
        "2010-04": {
            "month": "2010-04",
            "price": "22.87",
            "revenue": 2448706
        },
        "2010-05": {
            "month": "2010-05",
            "price": "19.82",
            "revenue": 2800601
        },
        "2010-06": {
            "month": "2010-06",
            "price": "19.01",
            "revenue": 3007358
        },
        "2010-07": {
            "month": "2010-07",
            "price": "19.84",
            "revenue": 2962046
        },
        "2010-08": {
            "month": "2010-08",
            "price": "20.43",
            "revenue": 2216867
        },
        "2010-09": {
            "month": "2010-09",
            "price": "22.10",
            "revenue": 2767584
        },
        "2010-10": {
            "month": "2010-10",
            "price": "25.73",
            "revenue": 2940805
        },
        "2010-11": {
            "month": "2010-11",
            "price": "27.20",
            "revenue": 2364445
        },
        "2010-12": {
            "month": "2010-12",
            "price": "29.57",
            "revenue": 2841265
        },
        "2011-01": {
            "month": "2011-01",
            "price": "28.65",
            "revenue": 4696326
        },
        "2011-02": {
            "month": "2011-02",
            "price": "26.15",
            "revenue": 2224626
        },
        "2011-03": {
            "month": "2011-03",
            "price": "23.95",
            "revenue": 3632261
        },
        "2011-04": {
            "month": "2011-04",
            "price": "25.72",
            "revenue": 2680139
        },
        "2011-05": {
            "month": "2011-05",
            "price": "28.35",
            "revenue": 3113914
        },
        "2011-06": {
            "month": "2011-06",
            "price": "28.92",
            "revenue": 3396326
        },
        "2011-07": {
            "month": "2011-07",
            "price": "32.67",
            "revenue": 3486741
        },
        "2011-08": {
            "month": "2011-08",
            "price": "31.86",
            "revenue": 2474988
        },
        "2011-09": {
            "month": "2011-09",
            "price": "27.50",
            "revenue": 2875277
        },
        "2011-10": {
            "month": "2011-10",
            "price": "26.86",
            "revenue": 2417499
        },
        "2011-11": {
            "month": "2011-11",
            "price": "29.23",
            "revenue": 2314416
        },
        "2011-12": {
            "month": "2011-12",
            "price": "27.20",
            "revenue": 2600947
        },
        "2012-01": {
            "month": "2012-01",
            "price": "29.30",
            "revenue": 4773102
        },
        "2012-02": {
            "month": "2012-02",
            "price": "32.57",
            "revenue": 2372733
        },
        "2012-03": {
            "month": "2012-03",
            "price": "31.47",
            "revenue": 3304289
        },
        "2012-04": {
            "month": "2012-04",
            "price": "26.03",
            "revenue": 2608594
        },
        "2012-05": {
            "month": "2012-05",
            "price": "25.04",
            "revenue": 3028306
        },
        "2012-06": {
            "month": "2012-06",
            "price": "26.50",
            "revenue": 3541167
        },
        "2012-07": {
            "month": "2012-07",
            "price": "25.67",
            "revenue": 3264731
        },
        "2012-08": {
            "month": "2012-08",
            "price": "26.27",
            "revenue": 2305928
        },
        "2012-09": {
            "month": "2012-09",
            "price": "27.54",
            "revenue": 2559149
        },
        "2012-10": {
            "month": "2012-10",
            "price": "27.91",
            "revenue": 2278607
        },
        "2012-11": {
            "month": "2012-11",
            "price": "25.86",
            "revenue": 1883497
        },
        "2012-12": {
            "month": "2012-12",
            "price": "26.93",
            "revenue": 1916492
        },
        "2013-01": {
            "month": "2013-01",
            "price": "26.63",
            "revenue": 5100682
        },
        "2013-02": {
            "month": "2013-02",
            "price": "27.65",
            "revenue": 2110610
        },
        "2013-03": {
            "month": "2013-03",
            "price": "27.98",
            "revenue": 2845840
        },
        "2013-04": {
            "month": "2013-04",
            "price": "27.97",
            "revenue": 2835752
        },
        "2013-05": {
            "month": "2013-05",
            "price": "27.79",
            "revenue": 2708809
        },
        "2013-06": {
            "month": "2013-06",
            "price": "26.73",
            "revenue": 3016200
        },
        "2013-07": {
            "month": "2013-07",
            "price": "25.56",
            "revenue": 3343264
        },
        "2013-08": {
            "month": "2013-08",
            "price": "24.66",
            "revenue": 2297591
        },
        "2013-09": {
            "month": "2013-09",
            "price": "26.25",
            "revenue": 2549030
        },
        "2013-10": {
            "month": "2013-10",
            "price": "27.63",
            "revenue": 3143211
        },
        "2013-11": {
            "month": "2013-11",
            "price": "27.12",
            "revenue": 2788820
        },
        "2013-12": {
            "month": "2013-12",
            "price": "28.15",
            "revenue": 2783329
        },
        "2014-01": {
            "month": "2014-01",
            "price": "28.87",
            "revenue": 4467858
        },
        "2014-02": {
            "month": "2014-02",
            "price": "27.54",
            "revenue": 2399557
        },
        "2014-03": {
            "month": "2014-03",
            "price": "27.06",
            "revenue": 3221598
        },
        "2014-04": {
            "month": "2014-04",
            "price": "27.63",
            "revenue": 3194630
        },
        "2014-05": {
            "month": "2014-05",
            "price": "28.18",
            "revenue": 3278968
        },
        "2014-06": {
            "month": "2014-06",
            "price": "29.07",
            "revenue": 3409694
        },
        "2014-07": {
            "month": "2014-07",
            "price": "29.68",
            "revenue": 3296355
        },
        "2014-08": {
            "month": "2014-08",
            "price": "28.56",
            "revenue": 2324717
        },
        "2014-09": {
            "month": "2014-09",
            "price": "27.96",
            "revenue": 2885121
        },
        "2014-10": {
            "month": "2014-10",
            "price": "26.96",
            "revenue": 2809502
        },
        "2014-11": {
            "month": "2014-11",
            "price": "27.87",
            "revenue": 2129687
        },
        "2014-12": {
            "month": "2014-12",
            "price": "27.56",
            "revenue": 2527754
        },
        "2015-01": {
            "month": "2015-01",
            "price": "27.31",
            "revenue": 4947759
        },
        "2015-02": {
            "month": "2015-02",
            "price": "27.13",
            "revenue": 2580814
        },
        "2015-03": {
            "month": "2015-03",
            "price": "27.11",
            "revenue": 3354292
        },
        "2015-04": {
            "month": "2015-04",
            "price": "26.32",
            "revenue": 2834103
        },
        "2015-05": {
            "month": "2015-05",
            "price": "26.19",
            "revenue": 3180661
        },
        "2015-06": {
            "month": "2015-06",
            "price": "24.74",
            "revenue": 3167148
        },
        "2015-07": {
            "month": "2015-07",
            "price": "23.73",
            "revenue": 3493699
        },
        "2015-08": {
            "month": "2015-08",
            "price": "21.57",
            "revenue": 2392225
        },
        "2015-09": {
            "month": "2015-09",
            "price": "23.07",
            "revenue": 2541352
        },
        "2015-10": {
            "month": "2015-10",
            "price": "23.68",
            "revenue": 2759208
        },
        "2015-11": {
            "month": "2015-11",
            "price": "22.22",
            "revenue": 2608844
        },
        "2015-12": {
            "month": "2015-12",
            "price": "21.81",
            "revenue": 3024811
        },
        "2016-01": {
            "month": "2016-01",
            "price": "21.14",
            "revenue": 4635344
        },
        "2016-02": {
            "month": "2016-02",
            "price": "21.32",
            "revenue": 2495299
        },
        "2016-03": {
            "month": "2016-03",
            "price": "22.11",
            "revenue": 3707772
        },
        "2016-04": {
            "month": "2016-04",
            "price": "22.81",
            "revenue": 3225636
        },
        "2016-05": {
            "month": "2016-05",
            "price": "22.88",
            "revenue": 3693756
        },
        "2016-06": {
            "month": "2016-06",
            "price": "24.03",
            "revenue": 3767280
        },
        "2016-07": {
            "month": "2016-07",
            "price": "24.43",
            "revenue": 3667216
        },
        "2016-08": {
            "month": "2016-08",
            "price": "23.97",
            "revenue": 2744141
        },
        "2016-09": {
            "month": "2016-09",
            "price": "23.93",
            "revenue": 3623799
        },
        "2016-10": {
            "month": "2016-10",
            "price": "24.58",
            "revenue": 3297914
        },
        "2016-11": {
            "month": "2016-11",
            "price": "24.56",
            "revenue": 2730695
        },
        "2016-12": {
            "month": "2016-12",
            "price": "26.73",
            "revenue": 3144633
        },
        "2017-01": {
            "month": "2017-01",
            "price": "27.78",
            "revenue": 4568702
        },
        "2017-02": {
            "month": "2017-02",
            "price": "28.91",
            "revenue": 2906884
        },
        "2017-03": {
            "month": "2017-03",
            "price": "28.51",
            "revenue": 3396027
        },
        "2017-04": {
            "month": "2017-04",
            "price": "27.15",
            "revenue": 3853078
        },
        "2017-05": {
            "month": "2017-05",
            "price": "27.72",
            "revenue": 3631636
        },
        "2017-06": {
            "month": "2017-06",
            "price": "28.38",
            "revenue": 3759458
        },
        "2017-07": {
            "month": "2017-07",
            "price": "27.62",
            "revenue": 3197410
        },
        "2017-08": {
            "month": "2017-08",
            "price": "27.01",
            "revenue": 2938519
        },
        "2017-09": {
            "month": "2017-09",
            "price": "27.19",
            "revenue": 2749529
        },
        "2017-10": {
            "month": "2017-10",
            "price": "27.13",
            "revenue": 2657865
        },
        "2017-11": {
            "month": "2017-11",
            "price": "26.97",
            "revenue": 2294421
        },
        "2017-12": {
            "month": "2017-12",
            "price": "26.04",
            "revenue": 3015228
        },
        "2018-01": {
            "month": "2018-01",
            "price": "26.67",
            "revenue": 4817435
        },
        "2018-02": {
            "month": "2018-02",
            "price": "26.48",
            "revenue": 2416404
        },
        "2018-03": {
            "month": "2018-03",
            "price": "26.92",
            "revenue": 3178094
        },
        "2018-04": {
            "month": "2018-04",
            "price": "27.82",
            "revenue": 2875094
        },
        "2018-05": {
            "month": "2018-05",
            "price": "28.38",
            "revenue": 2720176
        },
        "2018-06": {
            "month": "2018-06",
            "price": "28.86",
            "revenue": 2945072
        },
        "2018-07": {
            "month": "2018-07",
            "price": "27.55",
            "revenue": 2961843
        },
        "2018-08": {
            "month": "2018-08",
            "price": "26.13",
            "revenue": 2674114
        },
        "2018-09": {
            "month": "2018-09",
            "price": "25.46",
            "revenue": 2532880
        },
        "2018-10": {
            "month": "2018-10",
            "price": "24.17",
            "revenue": 2768465
        },
        "2018-11": {
            "month": "2018-11",
            "price": "23.52",
            "revenue": 2191712
        },
        "2018-12": {
            "month": "2018-12",
            "price": "24.25",
            "revenue": 2792014
        },
        "2019-01": {
            "month": "2019-01",
            "price": "23.82",
            "revenue": 3679923
        },
        "2019-02": {
            "month": "2019-02",
            "price": "23.87",
            "revenue": 2216314
        },
        "2019-03": {
            "month": "2019-03",
            "price": "24.72",
            "revenue": 2830222
        },
        "2019-04": {
            "month": "2019-04",
            "price": "28.03",
            "revenue": 2636396
        },
        "2019-05": {
            "month": "2019-05",
            "price": "27.45",
            "revenue": 2883414
        },
        "2019-06": {
            "month": "2019-06",
            "price": "27.43",
            "revenue": 2762404
        },
        "2019-07": {
            "month": "2019-07",
            "price": "27.15",
            "revenue": 2776554
        },
        "2019-08": {
            "month": "2019-08",
            "price": "24.55",
            "revenue": 1991011
        },
        "2019-09": {
            "month": "2019-09",
            "price": "25.07",
            "revenue": 2626048
        },
        "2019-10": {
            "month": "2019-10",
            "price": "42.27",
            "revenue": 2809177
        },
        "2019-11": {
            "month": "2019-11",
            "price": "40.66",
            "revenue": 2097054
        },
        "2019-12": {
            "month": "2019-12",
            "price": "39.06",
            "revenue": 2762456
        },
        "2020-01": {
            "month": "2020-01",
            "price": "38.38",
            "revenue": 3496345
        },
        "2020-02": {
            "month": "2020-02",
            "price": "36.03",
            "revenue": 1851685
        },
        "2020-03": {
            "month": "2020-03",
            "price": "30.01",
            "revenue": 2295873
        },
        "2020-04": {
            "month": "2020-04",
            "price": "29.60",
            "revenue": 2160397
        },
        "2020-05": {
            "month": "2020-05",
            "price": "33.40",
            "revenue": 2263579
        },
        "2020-06": {
            "month": "2020-06",
            "price": "38.08",
            "revenue": 2712582
        },
        "2020-07": {
            "month": "2020-07",
            "price": "37.88",
            "revenue": 3009420
        },
        "2020-08": {
            "month": "2020-08",
            "price": "41.50",
            "revenue": 2346776
        },
        "2020-09": {
            "month": "2020-09",
            "price": "42.21",
            "revenue": 2734811
        },
        "2020-10": {
            "month": "2020-10",
            "price": "44.48",
            "revenue": 2820607
        },
        "2020-11": {
            "month": "2020-11",
            "price": "47.36",
            "revenue": 2645038
        },
        "2020-12": {
            "month": "2020-12",
            "price": "48.57",
            "revenue": 2537876
        },
        "2021-01": {
            "month": "2021-01",
            "price": "48.88",
            "revenue": 3800145
        },
        "2021-02": {
            "month": "2021-02",
            "price": "47.72",
            "revenue": 2118851
        },
        "2021-03": {
            "month": "2021-03",
            "price": "54.78",
            "revenue": 2725690
        },
        "2021-04": {
            "month": "2021-04",
            "price": "68.70",
            "revenue": 2621175
        },
        "2021-05": {
            "month": "2021-05",
            "price": "68.24",
            "revenue": 2749367
        },
        "2021-06": {
            "month": "2021-06",
            "price": "72.87",
            "revenue": 2180119
        },
        "2021-07": {
            "month": "2021-07",
            "price": "71.62",
            "revenue": 2553427
        },
        "2021-08": {
            "month": "2021-08",
            "price": "67.44",
            "revenue": 3564477
        },
        "2021-09": {
            "month": "2021-09",
            "price": "70.80",
            "revenue": 2396089
        },
        "2021-10": {
            "month": "2021-10",
            "price": "70.60",
            "revenue": 2235985
        },
        "2021-11": {
            "month": "2021-11",
            "price": "67.26",
            "revenue": 1925806
        },
        "2021-12": {
            "month": "2021-12",
            "price": "63.90",
            "revenue": 2254268
        },
        "2022-01": {
            "month": "2022-01",
            "price": "63.07",
            "revenue": 2812031
        },
        "2022-02": {
            "month": "2022-02",
            "price": "62.63",
            "revenue": 1916381
        },
        "2022-03": {
            "month": "2022-03",
            "price": "61.65",
            "revenue": 2511466
        },
        "2022-04": {
            "month": "2022-04",
            "price": "59.37",
            "revenue": 2529298
        },
        "2022-05": {
            "month": "2022-05",
            "price": "60.08",
            "revenue": 2295912
        },
        "2022-06": {
            "month": "2022-06",
            "price": "62.89",
            "revenue": 2343559
        },
        "2022-07": {
            "month": "2022-07",
            "price": "57.22",
            "revenue": 2664866
        },
        "2022-08": {
            "month": "2022-08",
            "price": "45.28",
            "revenue": 2204713
        },
        "2022-09": {
            "month": "2022-09",
            "price": "44.36",
            "revenue": 2576791
        },
        "2022-10": {
            "month": "2022-10",
            "price": "41.24",
            "revenue": 2651889
        },
        "2022-11": {
            "month": "2022-11",
            "price": "46.88",
            "revenue": 2423667
        },
        "2022-12": {
            "month": "2022-12",
            "price": "52.87",
            "revenue": 2623192
        },
        "2023-01": {
            "month": "2023-01",
            "price": "54.85",
            "revenue": 2870558
        },
        "2023-02": {
            "month": "2023-02",
            "price": "57.83",
            "revenue": 2852439
        },
        "2023-03": {
            "month": "2023-03",
            "price": "59.25",
            "revenue": 3353273
        },
        "2023-04": {
            "month": "2023-04",
            "price": "70.91",
            "revenue": 2615381
        },
        "2023-05": {
            "month": "2023-05",
            "price": "83.96",
            "revenue": 3277701
        },
        "2023-06": {
            "month": "2023-06",
            "price": "95.46",
            "revenue": 3512020
        },
        "2023-07": {
            "month": "2023-07",
            "price": "90.68",
            "revenue": 3097848
        },
        "2023-08": {
            "month": "2023-08",
            "price": "87.74",
            "revenue": 2720370
        },
        "2023-09": {
            "month": "2023-09",
            "price": "100.56",
            "revenue": 3409468
        },
        "2023-10": {
            "month": "2023-10",
            "price": "93.50",
            "revenue": 3719261
        },
        "2023-11": {
            "month": "2023-11",
            "price": "100.28",
            "revenue": 3750656
        },
        "2023-12": {
            "month": "2023-12",
            "price": "114.12",
            "revenue": 3327634
        }
    }
}
