{
    "summary": {
        "stock_name": "三陽工業",
        "stock_id": "2206",
        "category": "汽車",
        "main_business": "生產汽車、機車及其零件、引擎、模治具內外銷<br>提供有關產品之技術服務及其諮詢顧問業務",
        "website_url": "http://www.sanyang.com.tw",
        "ceo": "吳清源",
        "pe_ratio": 16,
        "report_year_from": 2001,
        "report_year_to": 2023,
        "age": 22,
        "eps_negative_percentage": 22,
        "eps_growth_avg": {
            "last_all": 13.81,
            "last_2y": 18.31,
            "last_4y": 50.99,
            "last_8y": 25.82,
            "last_12y": 15.48,
            "last_16y": 8.42,
            "last_20y": 13.81,
            "at_2006_last_3y": 21.2,
            "at_2007_last_3y": 15.9,
            "at_2008_last_3y": -33.48,
            "at_2009_last_3y": -9.26,
            "at_2010_last_3y": 25.62,
            "at_2011_last_3y": 43.48,
            "at_2012_last_3y": 49.98,
            "at_2013_last_3y": -0.02,
            "at_2014_last_3y": -33.37,
            "at_2015_last_3y": -85.76,
            "at_2016_last_3y": -100,
            "at_2017_last_3y": -100,
            "at_2018_last_3y": 0,
            "at_2019_last_3y": 33.33,
            "at_2020_last_3y": 62.85,
            "at_2021_last_3y": 46.2,
            "at_2022_last_3y": 38.74,
            "at_2023_last_3y": 38.74,
            "at_2006_last_all": 21.2,
            "at_2007_last_all": 15.9,
            "at_2008_last_all": -6.79,
            "at_2009_last_all": 11.01,
            "at_2010_last_all": 23.72,
            "at_2011_last_all": 29.69,
            "at_2012_last_all": 18.44,
            "at_2013_last_all": 6.6,
            "at_2014_last_all": 6.6,
            "at_2015_last_all": 6.6,
            "at_2016_last_all": -3.09,
            "at_2017_last_all": -3.09,
            "at_2018_last_all": 5.5,
            "at_2019_last_all": 12.77,
            "at_2020_last_all": 11.04,
            "at_2021_last_all": 10.05,
            "at_2022_last_all": 13.81,
            "at_2023_last_all": 13.81
        },
        "latest_eps": 4.39,
        "latest_price": 68.6,
        "latest_roe": 19.08,
        "latest_gross_margin": 20.67,
        "latest_equity": 21762563,
        "latest_revenue": 15334065,
        "latest_gross_profit": 3169122,
        "latest_net_income": 1443711,
        "latest_debt_ratio": 62.51,
        "latest_current_ratio": 144.04,
        "latest_account_receivable_turnover_ratio": 4.73,
        "latest_inventory_turnover_ratio": 1.22,
        "latest_reinvestment_rate": 80.36,
        "latest_research_to_sale_ratio": 1.87
    },
    "eps_dividends": {
        "1997": {
            "cash": 2,
            "stock": 0,
            "eps": 0
        },
        "2000": {
            "cash": 1,
            "stock": 0,
            "eps": 0
        },
        "2001": {
            "cash": 1,
            "stock": 0,
            "eps": -0.13
        },
        "2002": {
            "cash": 0,
            "stock": 0,
            "eps": -1.17
        },
        "2003": {
            "cash": 0,
            "stock": 0,
            "eps": 0.71
        },
        "2004": {
            "cash": 1,
            "stock": 0,
            "eps": 1.94
        },
        "2005": {
            "cash": 1,
            "stock": 0,
            "eps": 2
        },
        "2006": {
            "cash": 1,
            "stock": 0,
            "eps": 1.21
        },
        "2007": {
            "cash": 1,
            "stock": 0,
            "eps": 1.21
        },
        "2008": {
            "cash": 1,
            "stock": 1,
            "eps": 0.03
        },
        "2009": {
            "cash": 0,
            "stock": 0,
            "eps": 0.18
        },
        "2010": {
            "cash": 0,
            "stock": 0,
            "eps": 0.84
        },
        "2011": {
            "cash": 0,
            "stock": 1,
            "eps": 1.44
        },
        "2012": {
            "cash": 0,
            "stock": 0,
            "eps": 0.41
        },
        "2013": {
            "cash": 0,
            "stock": 0,
            "eps": -0.57
        },
        "2014": {
            "cash": 0,
            "stock": 0,
            "eps": -0.3
        },
        "2015": {
            "cash": 0,
            "stock": 0,
            "eps": 3.47
        },
        "2016": {
            "cash": 1,
            "stock": 0,
            "eps": -0.37
        },
        "2017": {
            "cash": 1,
            "stock": 0,
            "eps": 0.59
        },
        "2018": {
            "cash": 1,
            "stock": 0,
            "eps": 1.26
        },
        "2019": {
            "cash": 1,
            "stock": 0,
            "eps": 2.71
        },
        "2020": {
            "cash": 1,
            "stock": 0,
            "eps": 2.4
        },
        "2021": {
            "cash": 1,
            "stock": 0,
            "eps": 2.31
        },
        "2022": {
            "cash": 1,
            "stock": 0,
            "eps": 3.93
        },
        "2023": {
            "cash": 2,
            "stock": 0,
            "eps": 1.71
        }
    },
    "dividends": {
        "1997-05-30": {
            "cash": 1.65,
            "stock": 0
        },
        "2000-06-07": {
            "cash": 1.24,
            "stock": 0.18
        },
        "2001-06-20": {
            "cash": 0.5,
            "stock": 0.19
        },
        "2004-04-16": {
            "cash": 0.57,
            "stock": 0
        },
        "2005-04-14": {
            "cash": 1.35,
            "stock": 0
        },
        "2006-04-21": {
            "cash": 1,
            "stock": 0
        },
        "2007-04-27": {
            "cash": 1,
            "stock": 0
        },
        "2008-04-25": {
            "cash": 0.5,
            "stock": 0.5
        },
        "2011-01-01": {
            "cash": 0.45,
            "stock": 0
        },
        "2011-04-15": {
            "cash": 0.1,
            "stock": 0.6
        },
        "2013-03-05": {
            "cash": 0.45,
            "stock": 0
        },
        "2016-09-30": {
            "cash": 1,
            "stock": 0
        },
        "2017-08-17": {
            "cash": 1,
            "stock": 0
        },
        "2018-08-17": {
            "cash": 1,
            "stock": 0
        },
        "2019-08-23": {
            "cash": 1,
            "stock": 0
        },
        "2020-08-17": {
            "cash": 1,
            "stock": 0
        },
        "2021-09-08": {
            "cash": 1.3,
            "stock": 0
        },
        "2022-08-22": {
            "cash": 1.3,
            "stock": 0
        },
        "2023-03-15": {
            "cash": 1.8,
            "stock": 0
        }
    },
    "prices": {
        "200101": "10.48",
        "200102": "9.82",
        "200103": "9.37",
        "200104": "9.06",
        "200105": "7.76",
        "200106": "7.76",
        "200107": "6.99",
        "200108": "6.26",
        "200109": "6.32",
        "200110": "5.54",
        "200111": "5.06",
        "200112": "5.45",
        "200201": "5.02",
        "200202": "4.82",
        "200203": "5.15",
        "200204": "6.15",
        "200205": "5.47",
        "200206": "5.43",
        "200207": "5.53",
        "200208": "5.83",
        "200209": "4.93",
        "200210": "4.99",
        "200211": "8.28",
        "200212": "7.87",
        "200301": "8.10",
        "200302": "7.40",
        "200303": "6.63",
        "200304": "6.08",
        "200305": "5.47",
        "200306": "6.19",
        "200307": "6.66",
        "200308": "6.76",
        "200309": "6.48",
        "200310": "6.86",
        "200311": "7.04",
        "200312": "7.14",
        "200401": "8.29",
        "200402": "11.59",
        "200403": "12.56",
        "200404": "13.29",
        "200405": "13.05",
        "200406": "11.79",
        "200407": "11.58",
        "200408": "11.06",
        "200409": "13.53",
        "200410": "13.74",
        "200411": "12.62",
        "200412": "13.30",
        "200501": "13.63",
        "200502": "13.66",
        "200503": "13.80",
        "200504": "14.48",
        "200505": "13.78",
        "200506": "13.83",
        "200507": "13.07",
        "200508": "12.15",
        "200509": "11.83",
        "200510": "11.76",
        "200511": "11.80",
        "200512": "12.03",
        "200601": "12.05",
        "200602": "12.01",
        "200603": "11.55",
        "200604": "12.59",
        "200605": "17.20",
        "200606": "15.98",
        "200607": "18.10",
        "200608": "17.04",
        "200609": "16.11",
        "200610": "17.98",
        "200611": "21.08",
        "200612": "23.05",
        "200701": "21.32",
        "200702": "19.94",
        "200703": "19.18",
        "200704": "20.36",
        "200705": "19.42",
        "200706": "23.10",
        "200707": "26.26",
        "200708": "25.21",
        "200709": "23.84",
        "200710": "24.84",
        "200711": "23.59",
        "200712": "19.83",
        "200801": "18.40",
        "200802": "20.45",
        "200803": "21.74",
        "200804": "21.96",
        "200805": "20.74",
        "200806": "16.16",
        "200807": "11.99",
        "200808": "12.43",
        "200809": "9.56",
        "200810": "7.02",
        "200811": "6.15",
        "200812": "6.25",
        "200901": "6.27",
        "200902": "6.30",
        "200903": "7.31",
        "200904": "9.67",
        "200905": "11.83",
        "200906": "14.42",
        "200907": "14.90",
        "200908": "13.25",
        "200909": "13.85",
        "200910": "14.46",
        "200911": "14.14",
        "200912": "13.95",
        "201001": "13.48",
        "201002": "11.39",
        "201003": "12.33",
        "201004": "13.36",
        "201005": "12.14",
        "201006": "12.34",
        "201007": "13.33",
        "201008": "16.41",
        "201009": "16.65",
        "201010": "16.83",
        "201011": "16.23",
        "201012": "17.48",
        "201101": "17.84",
        "201102": "17.25",
        "201103": "16.88",
        "201104": "16.68",
        "201105": "18.38",
        "201106": "17.21",
        "201107": "18.99",
        "201108": "19.37",
        "201109": "18.12",
        "201110": "16.79",
        "201111": "17.08",
        "201112": "16.90",
        "201201": "16.98",
        "201202": "19.33",
        "201203": "20.14",
        "201204": "18.24",
        "201205": "16.88",
        "201206": "17.85",
        "201207": "19.28",
        "201208": "19.28",
        "201209": "19.57",
        "201210": "20.03",
        "201211": "18.32",
        "201212": "17.94",
        "201301": "19.90",
        "201302": "23.95",
        "201303": "26.66",
        "201304": "26.29",
        "201305": "27.39",
        "201306": "27.41",
        "201307": "29.34",
        "201308": "32.77",
        "201309": "42.57",
        "201310": "49.54",
        "201311": "48.16",
        "201312": "48.80",
        "201401": "46.95",
        "201402": "52.29",
        "201403": "53.79",
        "201404": "39.31",
        "201405": "27.01",
        "201406": "29.32",
        "201407": "31.65",
        "201408": "28.53",
        "201409": "27.89",
        "201410": "27.57",
        "201411": "27.97",
        "201412": "28.56",
        "201501": "27.55",
        "201502": "27.33",
        "201503": "27.06",
        "201504": "27.29",
        "201505": "25.88",
        "201506": "24.85",
        "201507": "23.11",
        "201508": "21.04",
        "201509": "22.39",
        "201510": "22.74",
        "201511": "21.86",
        "201512": "22.52",
        "201601": "20.76",
        "201602": "21.28",
        "201603": "21.80",
        "201604": "21.08",
        "201605": "20.67",
        "201606": "21.00",
        "201607": "21.02",
        "201608": "22.34",
        "201609": "21.29",
        "201610": "20.64",
        "201611": "20.21",
        "201612": "20.94",
        "201701": "20.51",
        "201702": "20.77",
        "201703": "21.28",
        "201704": "21.33",
        "201705": "21.40",
        "201706": "21.77",
        "201707": "21.04",
        "201708": "20.62",
        "201709": "21.17",
        "201710": "21.66",
        "201711": "21.72",
        "201712": "21.16",
        "201801": "21.20",
        "201802": "20.84",
        "201803": "21.34",
        "201804": "21.49",
        "201805": "21.06",
        "201806": "21.68",
        "201807": "21.44",
        "201808": "20.89",
        "201809": "20.64",
        "201810": "20.11",
        "201811": "19.69",
        "201812": "20.21",
        "201901": "20.09",
        "201902": "20.00",
        "201903": "20.23",
        "201904": "20.20",
        "201905": "20.86",
        "201906": "21.93",
        "201907": "22.14",
        "201908": "20.59",
        "201909": "20.94",
        "201910": "21.38",
        "201911": "21.61",
        "201912": "21.13",
        "202001": "21.05",
        "202002": "20.65",
        "202003": "19.98",
        "202004": "19.45",
        "202005": "20.07",
        "202006": "21.42",
        "202007": "21.26",
        "202008": "23.12",
        "202009": "23.33",
        "202010": "23.05",
        "202011": "26.50",
        "202012": "34.39",
        "202101": "34.23",
        "202102": "32.12",
        "202103": "31.31",
        "202104": "31.72",
        "202105": "28.41",
        "202106": "29.29",
        "202107": "29.64",
        "202108": "27.31",
        "202109": "27.11",
        "202110": "26.58",
        "202111": "26.70",
        "202112": "26.54",
        "202201": "27.24",
        "202202": "28.05",
        "202203": "28.48",
        "202204": "28.11",
        "202205": "28.71",
        "202206": "33.18",
        "202207": "35.59",
        "202208": "36.65",
        "202209": "38.30",
        "202210": "36.94",
        "202211": "36.75",
        "202212": "35.60",
        "202301": "34.33",
        "202302": "37.41",
        "202303": "39.60",
        "202304": "50.41",
        "202305": "60.53"
    },
    "quarters": {
        "20011": {
            "year_quarter": 20011,
            "year": 2001,
            "quarter": 1,
            "eps": 0.07,
            "eps_growth_year": -76.67,
            "eps_4q": 0.03,
            "eps_4q_growth_year": -98.11,
            "roe": 0.48,
            "roe_4q": 0.48,
            "gross_profit": 458197,
            "gross_margin": 7.31,
            "gross_margin_4q_avg": 7.31,
            "net_income": 56911,
            "revenue": 6267538,
            "common_shares": 7900700,
            "book_valuer_per_share": 15.14,
            "book_valuer_per_share_4q_avg": 15.14,
            "equity": 11963318,
            "current_ratio": 121.58,
            "debt_ratio": 45.31,
            "inventory_turnover_ratio": 2.1,
            "account_receivable_turnover_ratio": null,
            "reinvestment_rate": null,
            "research_to_sale_ratio": null,
            "price_fair": 0,
            "eps_avg_yearly": 0,
            "eps_latest_yearly": 0,
            "eps_growth_yearly": 0
        },
        "20012": {
            "year_quarter": 20012,
            "year": 2001,
            "quarter": 2,
            "eps": 0.06,
            "eps_growth_year": -76.92,
            "eps_4q": -0.18,
            "eps_4q_growth_year": -116.49,
            "roe": 0.37,
            "roe_4q": 0.85,
            "gross_profit": 474147,
            "gross_margin": 10.75,
            "gross_margin_4q_avg": 9.03,
            "net_income": 43662,
            "revenue": 4410912,
            "common_shares": 7900700,
            "book_valuer_per_share": 14.75,
            "book_valuer_per_share_4q_avg": 14.95,
            "equity": 11649855,
            "current_ratio": 106.12,
            "debt_ratio": 45.47,
            "inventory_turnover_ratio": 2.12,
            "account_receivable_turnover_ratio": null,
            "reinvestment_rate": null,
            "research_to_sale_ratio": null,
            "price_fair": 0,
            "eps_avg_yearly": 0,
            "eps_latest_yearly": 0,
            "eps_growth_yearly": 0
        },
        "20013": {
            "year_quarter": 20013,
            "year": 2001,
            "quarter": 3,
            "eps": -0.1,
            "eps_growth_year": null,
            "eps_4q": 0.02,
            "eps_4q_growth_year": -95.67,
            "roe": -0.68,
            "roe_4q": 0.16999999999999993,
            "gross_profit": 239122,
            "gross_margin": 6.89,
            "gross_margin_4q_avg": 8.32,
            "net_income": -79337,
            "revenue": 3472778,
            "common_shares": 8053700,
            "book_valuer_per_share": 14.37,
            "book_valuer_per_share_4q_avg": 14.75,
            "equity": 11573401,
            "current_ratio": 108.85,
            "debt_ratio": 43.74,
            "inventory_turnover_ratio": 1.55,
            "account_receivable_turnover_ratio": null,
            "reinvestment_rate": null,
            "research_to_sale_ratio": null,
            "price_fair": 0,
            "eps_avg_yearly": 0,
            "eps_latest_yearly": 0,
            "eps_growth_yearly": 0
        },
        "20014": {
            "year_quarter": 20014,
            "year": 2001,
            "quarter": 4,
            "eps": -0.16,
            "eps_growth_year": null,
            "eps_4q": -0.02,
            "eps_4q_growth_year": -123.97,
            "roe": -1.08,
            "roe_4q": -0.9100000000000001,
            "gross_profit": 458610,
            "gross_margin": 11.09,
            "gross_margin_4q_avg": 9.01,
            "net_income": -125111,
            "revenue": 4135226,
            "common_shares": 8053700,
            "book_valuer_per_share": 14.21,
            "book_valuer_per_share_4q_avg": 14.62,
            "equity": 11603537,
            "current_ratio": 66.87,
            "debt_ratio": 59.77,
            "inventory_turnover_ratio": 1.32,
            "account_receivable_turnover_ratio": null,
            "reinvestment_rate": null,
            "research_to_sale_ratio": null,
            "price_fair": 0,
            "eps_avg_yearly": 0,
            "eps_latest_yearly": 0,
            "eps_growth_yearly": 0
        },
        "20021": {
            "year_quarter": 20021,
            "year": 2002,
            "quarter": 1,
            "eps": -0.76,
            "eps_growth_year": -1185.71,
            "eps_4q": -0.96,
            "eps_4q_growth_year": -3768.51,
            "roe": -5.45,
            "roe_4q": -6.84,
            "gross_profit": 223322,
            "gross_margin": 7.1,
            "gross_margin_4q_avg": 8.96,
            "net_income": -610503,
            "revenue": 3145468,
            "common_shares": 8053700,
            "book_valuer_per_share": 13.43,
            "book_valuer_per_share_4q_avg": 14.19,
            "equity": 10818963,
            "current_ratio": 110.13,
            "debt_ratio": 45.48,
            "inventory_turnover_ratio": 1.08,
            "account_receivable_turnover_ratio": null,
            "reinvestment_rate": null,
            "research_to_sale_ratio": null,
            "price_fair": 0,
            "eps_avg_yearly": 0,
            "eps_latest_yearly": 0,
            "eps_growth_yearly": 0
        },
        "20022": {
            "year_quarter": 20022,
            "year": 2002,
            "quarter": 2,
            "eps": -0.04,
            "eps_growth_year": -166.67,
            "eps_4q": -1.06,
            "eps_4q_growth_year": null,
            "roe": -0.32,
            "roe_4q": -7.53,
            "gross_profit": 336357,
            "gross_margin": 8.05,
            "gross_margin_4q_avg": 8.28,
            "net_income": -34972,
            "revenue": 4180594,
            "common_shares": 8053700,
            "book_valuer_per_share": 13.29,
            "book_valuer_per_share_4q_avg": 13.83,
            "equity": 10701967,
            "current_ratio": 110.44,
            "debt_ratio": 45.5,
            "inventory_turnover_ratio": 2.01,
            "account_receivable_turnover_ratio": null,
            "reinvestment_rate": null,
            "research_to_sale_ratio": null,
            "price_fair": 0,
            "eps_avg_yearly": 0,
            "eps_latest_yearly": 0,
            "eps_growth_yearly": 0
        },
        "20023": {
            "year_quarter": 20023,
            "year": 2002,
            "quarter": 3,
            "eps": 0.28,
            "eps_growth_year": null,
            "eps_4q": -0.68,
            "eps_4q_growth_year": -3264.71,
            "roe": 2.06,
            "roe_4q": -4.79,
            "gross_profit": 462489,
            "gross_margin": 11.26,
            "gross_margin_4q_avg": 9.38,
            "net_income": 223626,
            "revenue": 4108700,
            "common_shares": 8053700,
            "book_valuer_per_share": 13.65,
            "book_valuer_per_share_4q_avg": 13.65,
            "equity": 10992378,
            "current_ratio": 116.04,
            "debt_ratio": 44.74,
            "inventory_turnover_ratio": 2.6,
            "account_receivable_turnover_ratio": null,
            "reinvestment_rate": null,
            "research_to_sale_ratio": null,
            "price_fair": 0,
            "eps_avg_yearly": 0,
            "eps_latest_yearly": 0,
            "eps_growth_yearly": 0
        },
        "20024": {
            "year_quarter": 20024,
            "year": 2002,
            "quarter": 4,
            "eps": -0.65,
            "eps_growth_year": null,
            "eps_4q": -0.76,
            "eps_4q_growth_year": null,
            "roe": -5.05,
            "roe_4q": -8.76,
            "gross_profit": 345507,
            "gross_margin": 9.06,
            "gross_margin_4q_avg": 8.87,
            "net_income": -525974,
            "revenue": 3813498,
            "common_shares": 8053700,
            "book_valuer_per_share": 12.63,
            "book_valuer_per_share_4q_avg": 13.25,
            "equity": 9851338,
            "current_ratio": 90.12,
            "debt_ratio": 65.74,
            "inventory_turnover_ratio": 1.91,
            "account_receivable_turnover_ratio": null,
            "reinvestment_rate": 1506.4,
            "research_to_sale_ratio": null,
            "price_fair": 0,
            "eps_avg_yearly": 0,
            "eps_latest_yearly": 0,
            "eps_growth_yearly": 0
        },
        "20031": {
            "year_quarter": 20031,
            "year": 2003,
            "quarter": 1,
            "eps": 0.22,
            "eps_growth_year": null,
            "eps_4q": -0.21,
            "eps_4q_growth_year": null,
            "roe": 1.71,
            "roe_4q": -1.5999999999999999,
            "gross_profit": 233734,
            "gross_margin": 6.48,
            "gross_margin_4q_avg": 8.71,
            "net_income": 173378,
            "revenue": 3605767,
            "common_shares": 8053700,
            "book_valuer_per_share": 12.89,
            "book_valuer_per_share_4q_avg": 13.12,
            "equity": 10380694,
            "current_ratio": 101.68,
            "debt_ratio": 47.39,
            "inventory_turnover_ratio": 1.97,
            "account_receivable_turnover_ratio": null,
            "reinvestment_rate": -1239.99,
            "research_to_sale_ratio": null,
            "price_fair": 0,
            "eps_avg_yearly": 0,
            "eps_latest_yearly": 0,
            "eps_growth_yearly": 0
        },
        "20032": {
            "year_quarter": 20032,
            "year": 2003,
            "quarter": 2,
            "eps": 0.02,
            "eps_growth_year": null,
            "eps_4q": -0.19,
            "eps_4q_growth_year": null,
            "roe": 0.12,
            "roe_4q": -1.1599999999999997,
            "gross_profit": 475298,
            "gross_margin": 13.43,
            "gross_margin_4q_avg": 10.06,
            "net_income": 12512,
            "revenue": 3539752,
            "common_shares": 8053700,
            "book_valuer_per_share": 12.74,
            "book_valuer_per_share_4q_avg": 12.98,
            "equity": 10260166,
            "current_ratio": 102.36,
            "debt_ratio": 48.06,
            "inventory_turnover_ratio": 3.34,
            "account_receivable_turnover_ratio": null,
            "reinvestment_rate": null,
            "research_to_sale_ratio": null,
            "price_fair": 0.24,
            "eps_avg_yearly": 0.08,
            "eps_latest_yearly": 0.08,
            "eps_growth_yearly": -363.64
        },
        "20033": {
            "year_quarter": 20033,
            "year": 2003,
            "quarter": 3,
            "eps": 0.04,
            "eps_growth_year": -85.71,
            "eps_4q": -0.38,
            "eps_4q_growth_year": null,
            "roe": 0.32,
            "roe_4q": -2.9,
            "gross_profit": 441140,
            "gross_margin": 11.37,
            "gross_margin_4q_avg": 10.09,
            "net_income": 32558,
            "revenue": 3878656,
            "common_shares": 8053700,
            "book_valuer_per_share": 12.69,
            "book_valuer_per_share_4q_avg": 12.74,
            "equity": 10220792,
            "current_ratio": 98.13,
            "debt_ratio": 50.12,
            "inventory_turnover_ratio": 3.91,
            "account_receivable_turnover_ratio": null,
            "reinvestment_rate": null,
            "research_to_sale_ratio": null,
            "price_fair": 3.38,
            "eps_avg_yearly": 0.12,
            "eps_latest_yearly": 0.16,
            "eps_growth_yearly": 18.18
        },
        "20034": {
            "year_quarter": 20034,
            "year": 2003,
            "quarter": 4,
            "eps": 0.43,
            "eps_growth_year": null,
            "eps_4q": 0.71,
            "eps_4q_growth_year": null,
            "roe": 3.3,
            "roe_4q": 5.449999999999999,
            "gross_profit": 590259,
            "gross_margin": 13.5,
            "gross_margin_4q_avg": 11.2,
            "net_income": 337568,
            "revenue": 4370851,
            "common_shares": 8053700,
            "book_valuer_per_share": 13.12,
            "book_valuer_per_share_4q_avg": 12.86,
            "equity": 10216550,
            "current_ratio": 107.1,
            "debt_ratio": 66.4,
            "inventory_turnover_ratio": 2.29,
            "account_receivable_turnover_ratio": null,
            "reinvestment_rate": null,
            "research_to_sale_ratio": null,
            "price_fair": 22.87,
            "eps_avg_yearly": 0.65,
            "eps_latest_yearly": 1.72,
            "eps_growth_yearly": 1312.12
        },
        "20041": {
            "year_quarter": 20041,
            "year": 2004,
            "quarter": 1,
            "eps": 0.35,
            "eps_growth_year": 59.09,
            "eps_4q": 0.84,
            "eps_4q_growth_year": null,
            "roe": 2.58,
            "roe_4q": 6.32,
            "gross_profit": 443714,
            "gross_margin": 10.4,
            "gross_margin_4q_avg": 12.18,
            "net_income": 271192,
            "revenue": 4264632,
            "common_shares": 8053700,
            "book_valuer_per_share": 13.47,
            "book_valuer_per_share_4q_avg": 13.01,
            "equity": 10844500,
            "current_ratio": 107.56,
            "debt_ratio": 49.54,
            "inventory_turnover_ratio": 2.14,
            "account_receivable_turnover_ratio": null,
            "reinvestment_rate": null,
            "research_to_sale_ratio": null,
            "price_fair": 29.4,
            "eps_avg_yearly": 0.84,
            "eps_latest_yearly": 1.4,
            "eps_growth_yearly": 965.49
        },
        "20042": {
            "year_quarter": 20042,
            "year": 2004,
            "quarter": 2,
            "eps": 0.81,
            "eps_growth_year": 3950,
            "eps_4q": 1.63,
            "eps_4q_growth_year": null,
            "roe": 5.87,
            "roe_4q": 12.07,
            "gross_profit": 800346,
            "gross_margin": 14.58,
            "gross_margin_4q_avg": 12.46,
            "net_income": 633180,
            "revenue": 5489525,
            "common_shares": 8053700,
            "book_valuer_per_share": 13.34,
            "book_valuer_per_share_4q_avg": 13.16,
            "equity": 10743961,
            "current_ratio": 115.11,
            "debt_ratio": 48.64,
            "inventory_turnover_ratio": 3.46,
            "account_receivable_turnover_ratio": null,
            "reinvestment_rate": -2006.63,
            "research_to_sale_ratio": null,
            "price_fair": 46.2,
            "eps_avg_yearly": 1.32,
            "eps_latest_yearly": 3.24,
            "eps_growth_yearly": 877.53
        },
        "20043": {
            "year_quarter": 20043,
            "year": 2004,
            "quarter": 3,
            "eps": 0.26,
            "eps_growth_year": 550,
            "eps_4q": 1.88,
            "eps_4q_growth_year": null,
            "roe": 1.83,
            "roe_4q": 13.580000000000002,
            "gross_profit": 513427,
            "gross_margin": 9.97,
            "gross_margin_4q_avg": 12.11,
            "net_income": 199062,
            "revenue": 5148991,
            "common_shares": 8053700,
            "book_valuer_per_share": 13.61,
            "book_valuer_per_share_4q_avg": 13.39,
            "equity": 10960338,
            "current_ratio": 106.53,
            "debt_ratio": 47.52,
            "inventory_turnover_ratio": 2.96,
            "account_receivable_turnover_ratio": null,
            "reinvestment_rate": -563.41,
            "research_to_sale_ratio": null,
            "price_fair": 44.57,
            "eps_avg_yearly": 1.27,
            "eps_latest_yearly": 1.04,
            "eps_growth_yearly": 686.01
        },
        "20044": {
            "year_quarter": 20044,
            "year": 2004,
            "quarter": 4,
            "eps": 0.52,
            "eps_growth_year": 20.93,
            "eps_4q": 1.94,
            "eps_4q_growth_year": 174.45,
            "roe": 3.59,
            "roe_4q": 13.87,
            "gross_profit": 576548,
            "gross_margin": 10.95,
            "gross_margin_4q_avg": 11.48,
            "net_income": 402986,
            "revenue": 5267400,
            "common_shares": 8053700,
            "book_valuer_per_share": 14.46,
            "book_valuer_per_share_4q_avg": 13.72,
            "equity": 11519600,
            "current_ratio": 103.77,
            "debt_ratio": 61.08,
            "inventory_turnover_ratio": 2.05,
            "account_receivable_turnover_ratio": null,
            "reinvestment_rate": 134.66,
            "research_to_sale_ratio": null,
            "price_fair": 48.6,
            "eps_avg_yearly": 1.39,
            "eps_latest_yearly": 2.08,
            "eps_growth_yearly": 645.15
        },
        "20051": {
            "year_quarter": 20051,
            "year": 2005,
            "quarter": 1,
            "eps": 0.11,
            "eps_growth_year": -68.57,
            "eps_4q": 1.77,
            "eps_4q_growth_year": 109.92,
            "roe": 0.68,
            "roe_4q": 11.969999999999999,
            "gross_profit": 552332,
            "gross_margin": 9.93,
            "gross_margin_4q_avg": 11.36,
            "net_income": 81783,
            "revenue": 5563845,
            "common_shares": 8053700,
            "book_valuer_per_share": 15.62,
            "book_valuer_per_share_4q_avg": 14.26,
            "equity": 12581380,
            "current_ratio": 95.14,
            "debt_ratio": 40.47,
            "inventory_turnover_ratio": 2.17,
            "account_receivable_turnover_ratio": null,
            "reinvestment_rate": -388.18,
            "research_to_sale_ratio": null,
            "price_fair": 44.45,
            "eps_avg_yearly": 1.27,
            "eps_latest_yearly": 0.44,
            "eps_growth_yearly": 525.08
        },
        "20052": {
            "year_quarter": 20052,
            "year": 2005,
            "quarter": 2,
            "eps": 0.48,
            "eps_growth_year": -40.74,
            "eps_4q": 1.39,
            "eps_4q_growth_year": -14.98,
            "roe": 2.97,
            "roe_4q": 9.07,
            "gross_profit": 773843,
            "gross_margin": 11.68,
            "gross_margin_4q_avg": 10.63,
            "net_income": 362227,
            "revenue": 6626680,
            "common_shares": 8053700,
            "book_valuer_per_share": 14.71,
            "book_valuer_per_share_4q_avg": 14.6,
            "equity": 11844854,
            "current_ratio": 87.76,
            "debt_ratio": 46.96,
            "inventory_turnover_ratio": 3.47,
            "account_receivable_turnover_ratio": null,
            "reinvestment_rate": -284.25,
            "research_to_sale_ratio": null,
            "price_fair": 46.98,
            "eps_avg_yearly": 1.34,
            "eps_latest_yearly": 1.92,
            "eps_growth_yearly": 616.24
        },
        "20053": {
            "year_quarter": 20053,
            "year": 2005,
            "quarter": 3,
            "eps": 0.62,
            "eps_growth_year": 138.46,
            "eps_4q": 1.75,
            "eps_4q_growth_year": -7.08,
            "roe": 3.83,
            "roe_4q": 11.07,
            "gross_profit": 822663,
            "gross_margin": 12.17,
            "gross_margin_4q_avg": 11.18,
            "net_income": 465219,
            "revenue": 6757738,
            "common_shares": 8053700,
            "book_valuer_per_share": 15.48,
            "book_valuer_per_share_4q_avg": 15.07,
            "equity": 12471152,
            "current_ratio": 86.41,
            "debt_ratio": 45.81,
            "inventory_turnover_ratio": 3.53,
            "account_receivable_turnover_ratio": null,
            "reinvestment_rate": -190.58,
            "research_to_sale_ratio": null,
            "price_fair": 50.96,
            "eps_avg_yearly": 1.46,
            "eps_latest_yearly": 2.48,
            "eps_growth_yearly": 566.28
        },
        "20054": {
            "year_quarter": 20054,
            "year": 2005,
            "quarter": 4,
            "eps": 0.79,
            "eps_growth_year": 51.92,
            "eps_4q": 2,
            "eps_4q_growth_year": 2.95,
            "roe": 4.61,
            "roe_4q": 12.090000000000002,
            "gross_profit": 761061,
            "gross_margin": 13.34,
            "gross_margin_4q_avg": 11.78,
            "net_income": 593064,
            "revenue": 5703884,
            "common_shares": 8053700,
            "book_valuer_per_share": 16.24,
            "book_valuer_per_share_4q_avg": 15.51,
            "equity": 13256704,
            "current_ratio": 94.65,
            "debt_ratio": 59.3,
            "inventory_turnover_ratio": 1.77,
            "account_receivable_turnover_ratio": null,
            "reinvestment_rate": -9.39,
            "research_to_sale_ratio": null,
            "price_fair": 56.38,
            "eps_avg_yearly": 1.61,
            "eps_latest_yearly": 3.16,
            "eps_growth_yearly": 524.77
        },
        "20061": {
            "year_quarter": 20061,
            "year": 2006,
            "quarter": 1,
            "eps": 0.2,
            "eps_growth_year": 81.82,
            "eps_4q": 2.08,
            "eps_4q_growth_year": 17.57,
            "roe": 1.14,
            "roe_4q": 12.55,
            "gross_profit": 559179,
            "gross_margin": 11.24,
            "gross_margin_4q_avg": 12.11,
            "net_income": 150903,
            "revenue": 4973657,
            "common_shares": 8053700,
            "book_valuer_per_share": 16.49,
            "book_valuer_per_share_4q_avg": 15.73,
            "equity": 13280118,
            "current_ratio": 88.86,
            "debt_ratio": 42.9,
            "inventory_turnover_ratio": 1.14,
            "account_receivable_turnover_ratio": null,
            "reinvestment_rate": -95.71,
            "research_to_sale_ratio": null,
            "price_fair": 54.02,
            "eps_avg_yearly": 1.54,
            "eps_latest_yearly": 0.8,
            "eps_growth_yearly": 456.14
        },
        "20062": {
            "year_quarter": 20062,
            "year": 2006,
            "quarter": 2,
            "eps": 0.31,
            "eps_growth_year": -35.42,
            "eps_4q": 1.92,
            "eps_4q_growth_year": 38.8,
            "roe": 1.79,
            "roe_4q": 11.370000000000001,
            "gross_profit": 663023,
            "gross_margin": 11.02,
            "gross_margin_4q_avg": 11.94,
            "net_income": 232247,
            "revenue": 6014593,
            "common_shares": 8053700,
            "book_valuer_per_share": 15.71,
            "book_valuer_per_share_4q_avg": 15.98,
            "equity": 12648737,
            "current_ratio": 118.11,
            "debt_ratio": 53.18,
            "inventory_turnover_ratio": 1.25,
            "account_receivable_turnover_ratio": null,
            "reinvestment_rate": -79.07,
            "research_to_sale_ratio": null,
            "price_fair": 53.2,
            "eps_avg_yearly": 1.52,
            "eps_latest_yearly": 1.24,
            "eps_growth_yearly": 437.98
        },
        "20063": {
            "year_quarter": 20063,
            "year": 2006,
            "quarter": 3,
            "eps": 0.45,
            "eps_growth_year": -27.42,
            "eps_4q": 1.75,
            "eps_4q_growth_year": -0.16,
            "roe": 2.62,
            "roe_4q": 10.16,
            "gross_profit": 848493,
            "gross_margin": 11.4,
            "gross_margin_4q_avg": 11.75,
            "net_income": 338986,
            "revenue": 7445071,
            "common_shares": 8053700,
            "book_valuer_per_share": 16.44,
            "book_valuer_per_share_4q_avg": 16.22,
            "equity": 13242341,
            "current_ratio": 138.76,
            "debt_ratio": 47.9,
            "inventory_turnover_ratio": 1.48,
            "account_receivable_turnover_ratio": null,
            "reinvestment_rate": -68.06,
            "research_to_sale_ratio": null,
            "price_fair": 53.9,
            "eps_avg_yearly": 1.54,
            "eps_latest_yearly": 1.8,
            "eps_growth_yearly": 419.6
        },
        "20064": {
            "year_quarter": 20064,
            "year": 2006,
            "quarter": 4,
            "eps": 0.25,
            "eps_growth_year": -68.35,
            "eps_4q": 1.22,
            "eps_4q_growth_year": -39.21,
            "roe": 1.37,
            "roe_4q": 6.92,
            "gross_profit": 500146,
            "gross_margin": 7.91,
            "gross_margin_4q_avg": 10.39,
            "net_income": 186789,
            "revenue": 6325932,
            "common_shares": 8053700,
            "book_valuer_per_share": 16.3,
            "book_valuer_per_share_4q_avg": 16.24,
            "equity": 13999628,
            "current_ratio": 120.44,
            "debt_ratio": 60.39,
            "inventory_turnover_ratio": 1.17,
            "account_receivable_turnover_ratio": null,
            "reinvestment_rate": 24.97,
            "research_to_sale_ratio": null,
            "price_fair": 52.64,
            "eps_avg_yearly": 1.5,
            "eps_latest_yearly": 1,
            "eps_growth_yearly": 379.77
        },
        "20071": {
            "year_quarter": 20071,
            "year": 2007,
            "quarter": 1,
            "eps": 0.12,
            "eps_growth_year": -40,
            "eps_4q": 1.09,
            "eps_4q_growth_year": -47.72,
            "roe": 0.68,
            "roe_4q": 6.46,
            "gross_profit": 576171,
            "gross_margin": 11.38,
            "gross_margin_4q_avg": 10.43,
            "net_income": 93892,
            "revenue": 5064883,
            "common_shares": 8053700,
            "book_valuer_per_share": 16.68,
            "book_valuer_per_share_4q_avg": 16.28,
            "equity": 13433722,
            "current_ratio": 143.16,
            "debt_ratio": 48.24,
            "inventory_turnover_ratio": 0.85,
            "account_receivable_turnover_ratio": null,
            "reinvestment_rate": -40.7,
            "research_to_sale_ratio": null,
            "price_fair": 50.4,
            "eps_avg_yearly": 1.44,
            "eps_latest_yearly": 0.48,
            "eps_growth_yearly": 343.04
        },
        "20072": {
            "year_quarter": 20072,
            "year": 2007,
            "quarter": 2,
            "eps": 0.3,
            "eps_growth_year": -3.23,
            "eps_4q": 1.1,
            "eps_4q_growth_year": -42.75,
            "roe": 1.77,
            "roe_4q": 6.44,
            "gross_profit": 744606,
            "gross_margin": 11.34,
            "gross_margin_4q_avg": 10.51,
            "net_income": 231953,
            "revenue": 6568954,
            "common_shares": 8053700,
            "book_valuer_per_share": 15.92,
            "book_valuer_per_share_4q_avg": 16.34,
            "equity": 12818021,
            "current_ratio": 122.95,
            "debt_ratio": 50.79,
            "inventory_turnover_ratio": 1.32,
            "account_receivable_turnover_ratio": null,
            "reinvestment_rate": -37.06,
            "research_to_sale_ratio": null,
            "price_fair": 52.85,
            "eps_avg_yearly": 1.51,
            "eps_latest_yearly": 1.2,
            "eps_growth_yearly": 403.26
        },
        "20073": {
            "year_quarter": 20073,
            "year": 2007,
            "quarter": 3,
            "eps": 0.28,
            "eps_growth_year": -37.78,
            "eps_4q": 0.93,
            "eps_4q_growth_year": -46.79,
            "roe": 1.72,
            "roe_4q": 5.54,
            "gross_profit": 599976,
            "gross_margin": 12.62,
            "gross_margin_4q_avg": 10.81,
            "net_income": 221179,
            "revenue": 4752829,
            "common_shares": 8053700,
            "book_valuer_per_share": 16.11,
            "book_valuer_per_share_4q_avg": 16.25,
            "equity": 12974889,
            "current_ratio": 124.21,
            "debt_ratio": 48.6,
            "inventory_turnover_ratio": 0.95,
            "account_receivable_turnover_ratio": null,
            "reinvestment_rate": -35.53,
            "research_to_sale_ratio": null,
            "price_fair": 54.95,
            "eps_avg_yearly": 1.57,
            "eps_latest_yearly": 1.12,
            "eps_growth_yearly": 376.6
        },
        "20074": {
            "year_quarter": 20074,
            "year": 2007,
            "quarter": 4,
            "eps": 0.51,
            "eps_growth_year": 104,
            "eps_4q": 1.21,
            "eps_4q_growth_year": -0.56,
            "roe": 2.67,
            "roe_4q": 6.84,
            "gross_profit": 660875,
            "gross_margin": 11.33,
            "gross_margin_4q_avg": 11.67,
            "net_income": 398741,
            "revenue": 5834926,
            "common_shares": 8053700,
            "book_valuer_per_share": 18,
            "book_valuer_per_share_4q_avg": 16.68,
            "equity": 16866357,
            "current_ratio": 143.76,
            "debt_ratio": 55.67,
            "inventory_turnover_ratio": 0.95,
            "account_receivable_turnover_ratio": null,
            "reinvestment_rate": 35.56,
            "research_to_sale_ratio": null,
            "price_fair": 55.65,
            "eps_avg_yearly": 1.59,
            "eps_latest_yearly": 2.04,
            "eps_growth_yearly": 153.38
        },
        "20081": {
            "year_quarter": 20081,
            "year": 2008,
            "quarter": 1,
            "eps": -0.06,
            "eps_growth_year": -150,
            "eps_4q": 0.58,
            "eps_4q_growth_year": -46.52,
            "roe": 0.5,
            "roe_4q": 6.66,
            "gross_profit": 1738890,
            "gross_margin": 22.26,
            "gross_margin_4q_avg": 14.39,
            "net_income": 82852,
            "revenue": 7810934,
            "common_shares": 8053700,
            "book_valuer_per_share": 17.54,
            "book_valuer_per_share_4q_avg": 16.89,
            "equity": 16543971,
            "current_ratio": 140.27,
            "debt_ratio": 56.59,
            "inventory_turnover_ratio": 0.94,
            "account_receivable_turnover_ratio": null,
            "reinvestment_rate": 145.94,
            "research_to_sale_ratio": null,
            "price_fair": 56.09,
            "eps_avg_yearly": 1.6,
            "eps_latest_yearly": 2.04,
            "eps_growth_yearly": 168.57
        },
        "20082": {
            "year_quarter": 20082,
            "year": 2008,
            "quarter": 2,
            "eps": 0.39,
            "eps_growth_year": 30,
            "eps_4q": 0.97,
            "eps_4q_growth_year": -11.92,
            "roe": 2.2,
            "roe_4q": 7.09,
            "gross_profit": 1489326,
            "gross_margin": 14.51,
            "gross_margin_4q_avg": 15.18,
            "net_income": 359344,
            "revenue": 10266973,
            "common_shares": 8053700,
            "book_valuer_per_share": 17.25,
            "book_valuer_per_share_4q_avg": 17.23,
            "equity": 16135556,
            "current_ratio": 115.42,
            "debt_ratio": 58.75,
            "inventory_turnover_ratio": 1.35,
            "account_receivable_turnover_ratio": null,
            "reinvestment_rate": 195.76,
            "research_to_sale_ratio": null,
            "price_fair": 52,
            "eps_avg_yearly": 1.49,
            "eps_latest_yearly": 2.04,
            "eps_growth_yearly": 143.06
        },
        "20083": {
            "year_quarter": 20083,
            "year": 2008,
            "quarter": 3,
            "eps": -0.17,
            "eps_growth_year": -160.71,
            "eps_4q": 0.63,
            "eps_4q_growth_year": -31.75,
            "roe": -0.89,
            "roe_4q": 4.48,
            "gross_profit": 1225087,
            "gross_margin": 11.28,
            "gross_margin_4q_avg": 14.85,
            "net_income": -145228,
            "revenue": 10861103,
            "common_shares": 8456385,
            "book_valuer_per_share": 16.64,
            "book_valuer_per_share_4q_avg": 17.36,
            "equity": 16342202,
            "current_ratio": 108.62,
            "debt_ratio": 59.12,
            "inventory_turnover_ratio": 1.39,
            "account_receivable_turnover_ratio": null,
            "reinvestment_rate": 212.69,
            "research_to_sale_ratio": null,
            "price_fair": 53.2,
            "eps_avg_yearly": 1.52,
            "eps_latest_yearly": 2.04,
            "eps_growth_yearly": 174.96
        },
        "20084": {
            "year_quarter": 20084,
            "year": 2008,
            "quarter": 4,
            "eps": -0.13,
            "eps_growth_year": -125.49,
            "eps_4q": 0.01,
            "eps_4q_growth_year": -99.02,
            "roe": -1.09,
            "roe_4q": 0.7200000000000002,
            "gross_profit": 1196538,
            "gross_margin": 29.35,
            "gross_margin_4q_avg": 19.35,
            "net_income": -177435,
            "revenue": 4076817,
            "common_shares": 8456385,
            "book_valuer_per_share": 16.65,
            "book_valuer_per_share_4q_avg": 17.02,
            "equity": 16312059,
            "current_ratio": 135.87,
            "debt_ratio": 56.49,
            "inventory_turnover_ratio": 0.4,
            "account_receivable_turnover_ratio": 5.01,
            "reinvestment_rate": 20.29,
            "research_to_sale_ratio": null,
            "price_fair": 51.57,
            "eps_avg_yearly": 1.47,
            "eps_latest_yearly": 2.04,
            "eps_growth_yearly": 156.2
        },
        "20091": {
            "year_quarter": 20091,
            "year": 2009,
            "quarter": 1,
            "eps": -0.46,
            "eps_growth_year": null,
            "eps_4q": -0.35,
            "eps_4q_growth_year": -159.92,
            "roe": -2.29,
            "roe_4q": -2.0699999999999994,
            "gross_profit": 768497,
            "gross_margin": 13.23,
            "gross_margin_4q_avg": 17.09,
            "net_income": -372981,
            "revenue": 5807315,
            "common_shares": 8456385,
            "book_valuer_per_share": 16.48,
            "book_valuer_per_share_4q_avg": 16.76,
            "equity": 16226762,
            "current_ratio": 139.23,
            "debt_ratio": 55,
            "inventory_turnover_ratio": 0.74,
            "account_receivable_turnover_ratio": 2.99,
            "reinvestment_rate": 268.34,
            "research_to_sale_ratio": null,
            "price_fair": 54.85,
            "eps_avg_yearly": 1.57,
            "eps_latest_yearly": 2.04,
            "eps_growth_yearly": 199.08
        },
        "20092": {
            "year_quarter": 20092,
            "year": 2009,
            "quarter": 2,
            "eps": 0.02,
            "eps_growth_year": -94.87,
            "eps_4q": -0.24,
            "eps_4q_growth_year": -124.45,
            "roe": 0.32,
            "roe_4q": -3.95,
            "gross_profit": 1311574,
            "gross_margin": 14.16,
            "gross_margin_4q_avg": 17.01,
            "net_income": 50602,
            "revenue": 9263984,
            "common_shares": 8456385,
            "book_valuer_per_share": 16.19,
            "book_valuer_per_share_4q_avg": 16.49,
            "equity": 15870099,
            "current_ratio": 136.73,
            "debt_ratio": 56.7,
            "inventory_turnover_ratio": 1.4,
            "account_receivable_turnover_ratio": 3.13,
            "reinvestment_rate": 297.57,
            "research_to_sale_ratio": null,
            "price_fair": 53.62,
            "eps_avg_yearly": 1.53,
            "eps_latest_yearly": 2.04,
            "eps_growth_yearly": 84.44
        },
        "20093": {
            "year_quarter": 20093,
            "year": 2009,
            "quarter": 3,
            "eps": 0.17,
            "eps_growth_year": null,
            "eps_4q": -0.24,
            "eps_4q_growth_year": -138.54,
            "roe": 1.43,
            "roe_4q": -1.6300000000000001,
            "gross_profit": 1484898,
            "gross_margin": 19.18,
            "gross_margin_4q_avg": 18.98,
            "net_income": 227514,
            "revenue": 7742085,
            "common_shares": 8456385,
            "book_valuer_per_share": 16.29,
            "book_valuer_per_share_4q_avg": 16.4,
            "equity": 15948124,
            "current_ratio": 142.8,
            "debt_ratio": 55.61,
            "inventory_turnover_ratio": 1.41,
            "account_receivable_turnover_ratio": 2.77,
            "reinvestment_rate": 317.88,
            "research_to_sale_ratio": null,
            "price_fair": 47.32,
            "eps_avg_yearly": 1.35,
            "eps_latest_yearly": 0.68,
            "eps_growth_yearly": 372.77
        },
        "20094": {
            "year_quarter": 20094,
            "year": 2009,
            "quarter": 4,
            "eps": 0.45,
            "eps_growth_year": null,
            "eps_4q": 0.18,
            "eps_4q_growth_year": 1388.73,
            "roe": 2.88,
            "roe_4q": 2.34,
            "gross_profit": 1618507,
            "gross_margin": 21.54,
            "gross_margin_4q_avg": 17.03,
            "net_income": 461785,
            "revenue": 7513124,
            "common_shares": 8456385,
            "book_valuer_per_share": 16.6,
            "book_valuer_per_share_4q_avg": 16.39,
            "equity": 16140066,
            "current_ratio": 143.13,
            "debt_ratio": 55.29,
            "inventory_turnover_ratio": 1.54,
            "account_receivable_turnover_ratio": 5.47,
            "reinvestment_rate": 29.59,
            "research_to_sale_ratio": null,
            "price_fair": 42.56,
            "eps_avg_yearly": 1.22,
            "eps_latest_yearly": 1.8,
            "eps_growth_yearly": 427.69
        },
        "20101": {
            "year_quarter": 20101,
            "year": 2010,
            "quarter": 1,
            "eps": 0.15,
            "eps_growth_year": null,
            "eps_4q": 0.78,
            "eps_4q_growth_year": null,
            "roe": 1.35,
            "roe_4q": 5.98,
            "gross_profit": 1814378,
            "gross_margin": 25.73,
            "gross_margin_4q_avg": 20.15,
            "net_income": 218110,
            "revenue": 7051771,
            "common_shares": 8456385,
            "book_valuer_per_share": 16.56,
            "book_valuer_per_share_4q_avg": 16.41,
            "equity": 16162455,
            "current_ratio": 142.29,
            "debt_ratio": 55.46,
            "inventory_turnover_ratio": 1.49,
            "account_receivable_turnover_ratio": 2.89,
            "reinvestment_rate": 426.43,
            "research_to_sale_ratio": 2.99,
            "price_fair": 41.86,
            "eps_avg_yearly": 1.2,
            "eps_latest_yearly": 0.6,
            "eps_growth_yearly": 430.89
        },
        "20102": {
            "year_quarter": 20102,
            "year": 2010,
            "quarter": 2,
            "eps": 0.24,
            "eps_growth_year": 1093.34,
            "eps_4q": 1,
            "eps_4q_growth_year": null,
            "roe": 1.41,
            "roe_4q": 7.069999999999999,
            "gross_profit": 1990984,
            "gross_margin": 25.15,
            "gross_margin_4q_avg": 22.9,
            "net_income": 228116,
            "revenue": 7915641,
            "common_shares": 8456385,
            "book_valuer_per_share": 16.91,
            "book_valuer_per_share_4q_avg": 16.59,
            "equity": 16140825,
            "current_ratio": 124.45,
            "debt_ratio": 58.74,
            "inventory_turnover_ratio": 1.31,
            "account_receivable_turnover_ratio": 3.37,
            "reinvestment_rate": 441.82,
            "research_to_sale_ratio": 1.86,
            "price_fair": 40.88,
            "eps_avg_yearly": 1.17,
            "eps_latest_yearly": 0.96,
            "eps_growth_yearly": 432.89
        },
        "20103": {
            "year_quarter": 20103,
            "year": 2010,
            "quarter": 3,
            "eps": 0.25,
            "eps_growth_year": 48.61,
            "eps_4q": 1.09,
            "eps_4q_growth_year": null,
            "roe": 1.73,
            "roe_4q": 7.37,
            "gross_profit": 2205388,
            "gross_margin": 24.16,
            "gross_margin_4q_avg": 24.15,
            "net_income": 281213,
            "revenue": 9127423,
            "common_shares": 8456385,
            "book_valuer_per_share": 16.98,
            "book_valuer_per_share_4q_avg": 16.76,
            "equity": 16280090,
            "current_ratio": 127.26,
            "debt_ratio": 58.16,
            "inventory_turnover_ratio": 1.2,
            "account_receivable_turnover_ratio": 4,
            "reinvestment_rate": 473.09,
            "research_to_sale_ratio": 2.02,
            "price_fair": 38.08,
            "eps_avg_yearly": 1.09,
            "eps_latest_yearly": 1,
            "eps_growth_yearly": 416.5
        },
        "20104": {
            "year_quarter": 20104,
            "year": 2010,
            "quarter": 4,
            "eps": 0.2,
            "eps_growth_year": -54.73,
            "eps_4q": 0.84,
            "eps_4q_growth_year": 378.71,
            "roe": 1.63,
            "roe_4q": 6.119999999999999,
            "gross_profit": 1673007,
            "gross_margin": 21.6,
            "gross_margin_4q_avg": 24.16,
            "net_income": 259509,
            "revenue": 7746057,
            "common_shares": 8456385,
            "book_valuer_per_share": 16.14,
            "book_valuer_per_share_4q_avg": 16.65,
            "equity": 15631856,
            "current_ratio": 127.67,
            "debt_ratio": 58.41,
            "inventory_turnover_ratio": 0.93,
            "account_receivable_turnover_ratio": 4.62,
            "reinvestment_rate": 23.23,
            "research_to_sale_ratio": 2.76,
            "price_fair": 37.38,
            "eps_avg_yearly": 1.07,
            "eps_latest_yearly": 0.8,
            "eps_growth_yearly": 426.27
        },
        "20111": {
            "year_quarter": 20111,
            "year": 2011,
            "quarter": 1,
            "eps": 0.5,
            "eps_growth_year": 233.33,
            "eps_4q": 1.2,
            "eps_4q_growth_year": 53.76,
            "roe": 3.21,
            "roe_4q": 7.98,
            "gross_profit": 2299678,
            "gross_margin": 24.95,
            "gross_margin_4q_avg": 23.97,
            "net_income": 507430,
            "revenue": 9217986,
            "common_shares": 8456385,
            "book_valuer_per_share": 16.56,
            "book_valuer_per_share_4q_avg": 16.65,
            "equity": 15999225,
            "current_ratio": 130.22,
            "debt_ratio": 58.59,
            "inventory_turnover_ratio": 0.97,
            "account_receivable_turnover_ratio": 5.53,
            "reinvestment_rate": 378.31,
            "research_to_sale_ratio": 1.75,
            "price_fair": 42.7,
            "eps_avg_yearly": 1.22,
            "eps_latest_yearly": 2,
            "eps_growth_yearly": 507.07
        },
        "20112": {
            "year_quarter": 20112,
            "year": 2011,
            "quarter": 2,
            "eps": 0.54,
            "eps_growth_year": 127.65,
            "eps_4q": 1.45,
            "eps_4q_growth_year": 45.04,
            "roe": 3.24,
            "roe_4q": 9.81,
            "gross_profit": 2459121,
            "gross_margin": 24.29,
            "gross_margin_4q_avg": 23.75,
            "net_income": 525306,
            "revenue": 10125457,
            "common_shares": 8456385,
            "book_valuer_per_share": 16.9,
            "book_valuer_per_share_4q_avg": 16.65,
            "equity": 16405471,
            "current_ratio": 149.31,
            "debt_ratio": 58.44,
            "inventory_turnover_ratio": 1,
            "account_receivable_turnover_ratio": 4.46,
            "reinvestment_rate": 349.41,
            "research_to_sale_ratio": 1.81,
            "price_fair": 46.06,
            "eps_avg_yearly": 1.32,
            "eps_latest_yearly": 2.16,
            "eps_growth_yearly": 450.27
        },
        "20113": {
            "year_quarter": 20113,
            "year": 2011,
            "quarter": 3,
            "eps": 0.5,
            "eps_growth_year": 98.51,
            "eps_4q": 1.71,
            "eps_4q_growth_year": 57.89,
            "roe": 2.93,
            "roe_4q": 11.009999999999998,
            "gross_profit": 2425541,
            "gross_margin": 25.06,
            "gross_margin_4q_avg": 23.98,
            "net_income": 495575,
            "revenue": 9677903,
            "common_shares": 8963768,
            "book_valuer_per_share": 17.05,
            "book_valuer_per_share_4q_avg": 16.66,
            "equity": 17455459,
            "current_ratio": 180.03,
            "debt_ratio": 56.66,
            "inventory_turnover_ratio": 0.87,
            "account_receivable_turnover_ratio": 3.97,
            "reinvestment_rate": 331.17,
            "research_to_sale_ratio": 1.99,
            "price_fair": 49.14,
            "eps_avg_yearly": 1.4,
            "eps_latest_yearly": 2,
            "eps_growth_yearly": 449.98
        },
        "20114": {
            "year_quarter": 20114,
            "year": 2011,
            "quarter": 4,
            "eps": -0.1,
            "eps_growth_year": -150.95,
            "eps_4q": 1.42,
            "eps_4q_growth_year": 68.67,
            "roe": -0.48,
            "roe_4q": 8.9,
            "gross_profit": 1322599,
            "gross_margin": 16.95,
            "gross_margin_4q_avg": 22.81,
            "net_income": -83004,
            "revenue": 7804242,
            "common_shares": 8963768,
            "book_valuer_per_share": 16.8,
            "book_valuer_per_share_4q_avg": 16.83,
            "equity": 17191391,
            "current_ratio": 181.8,
            "debt_ratio": 55.6,
            "inventory_turnover_ratio": 0.76,
            "account_receivable_turnover_ratio": 3.88,
            "reinvestment_rate": 40.77,
            "research_to_sale_ratio": 3.45,
            "price_fair": 46.67,
            "eps_avg_yearly": 1.33,
            "eps_latest_yearly": 2,
            "eps_growth_yearly": 463.47
        },
        "20121": {
            "year_quarter": 20121,
            "year": 2012,
            "quarter": 1,
            "eps": 0.22,
            "eps_growth_year": -56,
            "eps_4q": 1.16,
            "eps_4q_growth_year": -3.28,
            "roe": 1.2,
            "roe_4q": 6.890000000000001,
            "gross_profit": 1966574,
            "gross_margin": 23.97,
            "gross_margin_4q_avg": 22.57,
            "net_income": 206037,
            "revenue": 8203083,
            "common_shares": 8963768,
            "book_valuer_per_share": 16.8,
            "book_valuer_per_share_4q_avg": 16.89,
            "equity": 17025330,
            "current_ratio": 182.47,
            "debt_ratio": 55.86,
            "inventory_turnover_ratio": 0.76,
            "account_receivable_turnover_ratio": 4.11,
            "reinvestment_rate": 36.56,
            "research_to_sale_ratio": 2.57,
            "price_fair": 46.67,
            "eps_avg_yearly": 1.33,
            "eps_latest_yearly": 2,
            "eps_growth_yearly": 463.47
        },
        "20122": {
            "year_quarter": 20122,
            "year": 2012,
            "quarter": 2,
            "eps": 0.15,
            "eps_growth_year": -72.22,
            "eps_4q": 0.77,
            "eps_4q_growth_year": -47.04,
            "roe": 0.85,
            "roe_4q": 4.5,
            "gross_profit": 2024422,
            "gross_margin": 23.1,
            "gross_margin_4q_avg": 22.27,
            "net_income": 144696,
            "revenue": 8764445,
            "common_shares": 8963768,
            "book_valuer_per_share": 17,
            "book_valuer_per_share_4q_avg": 16.91,
            "equity": 17193869,
            "current_ratio": 178.28,
            "debt_ratio": 56.41,
            "inventory_turnover_ratio": 0.77,
            "account_receivable_turnover_ratio": 3.6,
            "reinvestment_rate": 26.5,
            "research_to_sale_ratio": 2.02,
            "price_fair": 44.1,
            "eps_avg_yearly": 1.26,
            "eps_latest_yearly": 0.6,
            "eps_growth_yearly": 404.39
        },
        "20123": {
            "year_quarter": 20123,
            "year": 2012,
            "quarter": 3,
            "eps": 0.2,
            "eps_growth_year": -60.14,
            "eps_4q": 0.47,
            "eps_4q_growth_year": -72.83,
            "roe": 1.14,
            "roe_4q": 2.7099999999999995,
            "gross_profit": 2106346,
            "gross_margin": 21.44,
            "gross_margin_4q_avg": 21.37,
            "net_income": 196524,
            "revenue": 9824622,
            "common_shares": 8963768,
            "book_valuer_per_share": 17.07,
            "book_valuer_per_share_4q_avg": 16.92,
            "equity": 17172737,
            "current_ratio": 172.22,
            "debt_ratio": 56.68,
            "inventory_turnover_ratio": 0.82,
            "account_receivable_turnover_ratio": 3.92,
            "reinvestment_rate": 24.31,
            "research_to_sale_ratio": 1.74,
            "price_fair": 42.64,
            "eps_avg_yearly": 1.22,
            "eps_latest_yearly": 0.8,
            "eps_growth_yearly": 379.75
        },
        "20124": {
            "year_quarter": 20124,
            "year": 2012,
            "quarter": 4,
            "eps": -0.16,
            "eps_growth_year": null,
            "eps_4q": 0.4,
            "eps_4q_growth_year": -71.76,
            "roe": -0.69,
            "roe_4q": 2.5,
            "gross_profit": 1465737,
            "gross_margin": 19.24,
            "gross_margin_4q_avg": 21.94,
            "net_income": -116346,
            "revenue": 7616794,
            "common_shares": 8963768,
            "book_valuer_per_share": 16.25,
            "book_valuer_per_share_4q_avg": 16.78,
            "equity": 16669196,
            "current_ratio": 175.05,
            "debt_ratio": 56.02,
            "inventory_turnover_ratio": 0.68,
            "account_receivable_turnover_ratio": 3.82,
            "reinvestment_rate": 49.23,
            "research_to_sale_ratio": 3.19,
            "price_fair": 42.64,
            "eps_avg_yearly": 1.22,
            "eps_latest_yearly": 0.8,
            "eps_growth_yearly": 379.75
        },
        "20131": {
            "year_quarter": 20131,
            "year": 2013,
            "quarter": 1,
            "eps": 0.01,
            "eps_growth_year": -95.45,
            "eps_4q": 0.21,
            "eps_4q_growth_year": -82.2,
            "roe": 0.05,
            "roe_4q": 1.35,
            "gross_profit": 1265514,
            "gross_margin": 15.49,
            "gross_margin_4q_avg": 19.82,
            "net_income": 8630,
            "revenue": 8170839,
            "common_shares": 8963768,
            "book_valuer_per_share": 15.77,
            "book_valuer_per_share_4q_avg": 16.52,
            "equity": 15388427,
            "current_ratio": 160.06,
            "debt_ratio": 59.84,
            "inventory_turnover_ratio": 0.83,
            "account_receivable_turnover_ratio": 4.54,
            "reinvestment_rate": 37.03,
            "research_to_sale_ratio": 2.04,
            "price_fair": 42.64,
            "eps_avg_yearly": 1.22,
            "eps_latest_yearly": 0.8,
            "eps_growth_yearly": 379.75
        },
        "20132": {
            "year_quarter": 20132,
            "year": 2013,
            "quarter": 2,
            "eps": 0.16,
            "eps_growth_year": 6,
            "eps_4q": 0.21,
            "eps_4q_growth_year": -72.65,
            "roe": 0.72,
            "roe_4q": 1.22,
            "gross_profit": 1244165,
            "gross_margin": 14.64,
            "gross_margin_4q_avg": 17.7,
            "net_income": 110005,
            "revenue": 8498952,
            "common_shares": 8963768,
            "book_valuer_per_share": 15.51,
            "book_valuer_per_share_4q_avg": 16.15,
            "equity": 15115455,
            "current_ratio": 153.8,
            "debt_ratio": 61.43,
            "inventory_turnover_ratio": 0.89,
            "account_receivable_turnover_ratio": 3.88,
            "reinvestment_rate": 35.69,
            "research_to_sale_ratio": 2.7,
            "price_fair": 40.95,
            "eps_avg_yearly": 1.17,
            "eps_latest_yearly": 0.64,
            "eps_growth_yearly": 848.1
        },
        "20133": {
            "year_quarter": 20133,
            "year": 2013,
            "quarter": 3,
            "eps": -0.02,
            "eps_growth_year": -110.01,
            "eps_4q": -0.02,
            "eps_4q_growth_year": -103.73,
            "roe": -0.23,
            "roe_4q": -0.1499999999999999,
            "gross_profit": 1303458,
            "gross_margin": 15.56,
            "gross_margin_4q_avg": 16.23,
            "net_income": -35342,
            "revenue": 8376465,
            "common_shares": 8963768,
            "book_valuer_per_share": 15.83,
            "book_valuer_per_share_4q_avg": 15.84,
            "equity": 15279237,
            "current_ratio": 155.02,
            "debt_ratio": 60.63,
            "inventory_turnover_ratio": 0.85,
            "account_receivable_turnover_ratio": 3.8,
            "reinvestment_rate": 44.42,
            "research_to_sale_ratio": 1.61,
            "price_fair": 42.51,
            "eps_avg_yearly": 1.21,
            "eps_latest_yearly": 0.64,
            "eps_growth_yearly": 652.48
        },
        "20134": {
            "year_quarter": 20134,
            "year": 2013,
            "quarter": 4,
            "eps": -0.72,
            "eps_growth_year": null,
            "eps_4q": -0.57,
            "eps_4q_growth_year": -241.96,
            "roe": -3.96,
            "roe_4q": -3.420000000000001,
            "gross_profit": 558925,
            "gross_margin": 7.37,
            "gross_margin_4q_avg": 13.27,
            "net_income": -600398,
            "revenue": 7580030,
            "common_shares": 8963768,
            "book_valuer_per_share": 15.41,
            "book_valuer_per_share_4q_avg": 15.63,
            "equity": 15064665,
            "current_ratio": 145.68,
            "debt_ratio": 60.07,
            "inventory_turnover_ratio": 0.85,
            "account_receivable_turnover_ratio": 3.95,
            "reinvestment_rate": -3.44,
            "research_to_sale_ratio": 3.44,
            "price_fair": 40.46,
            "eps_avg_yearly": 1.16,
            "eps_latest_yearly": 0.64,
            "eps_growth_yearly": 651.84
        },
        "20141": {
            "year_quarter": 20141,
            "year": 2014,
            "quarter": 1,
            "eps": -0.13,
            "eps_growth_year": -1400,
            "eps_4q": -0.71,
            "eps_4q_growth_year": -443.8,
            "roe": -1.01,
            "roe_4q": -4.48,
            "gross_profit": 1049446,
            "gross_margin": 13.12,
            "gross_margin_4q_avg": 12.67,
            "net_income": -153055,
            "revenue": 7999930,
            "common_shares": 8963768,
            "book_valuer_per_share": 15.56,
            "book_valuer_per_share_4q_avg": 15.58,
            "equity": 15209195,
            "current_ratio": 153.45,
            "debt_ratio": 62.24,
            "inventory_turnover_ratio": 0.81,
            "account_receivable_turnover_ratio": 3.82,
            "reinvestment_rate": 31.13,
            "research_to_sale_ratio": 2.17,
            "price_fair": 42.62,
            "eps_avg_yearly": 1.22,
            "eps_latest_yearly": 0.64,
            "eps_growth_yearly": 753.9
        },
        "20142": {
            "year_quarter": 20142,
            "year": 2014,
            "quarter": 2,
            "eps": 0.27,
            "eps_growth_year": 68.75,
            "eps_4q": -0.56,
            "eps_4q_growth_year": -364.95,
            "roe": 1.6,
            "roe_4q": -3.6,
            "gross_profit": 1585712,
            "gross_margin": 15.24,
            "gross_margin_4q_avg": 12.82,
            "net_income": 251610,
            "revenue": 10404545,
            "common_shares": 8963768,
            "book_valuer_per_share": 15.95,
            "book_valuer_per_share_4q_avg": 15.69,
            "equity": 16331829,
            "current_ratio": 121.31,
            "debt_ratio": 59.8,
            "inventory_turnover_ratio": 0.96,
            "account_receivable_turnover_ratio": 3.93,
            "reinvestment_rate": 21.16,
            "research_to_sale_ratio": 2.41,
            "price_fair": 43.75,
            "eps_avg_yearly": 1.25,
            "eps_latest_yearly": 0.64,
            "eps_growth_yearly": 818.14
        },
        "20143": {
            "year_quarter": 20143,
            "year": 2014,
            "quarter": 3,
            "eps": -0.39,
            "eps_growth_year": null,
            "eps_4q": -0.93,
            "eps_4q_growth_year": null,
            "roe": -2.17,
            "roe_4q": -5.54,
            "gross_profit": 1143926,
            "gross_margin": 11.71,
            "gross_margin_4q_avg": 11.86,
            "net_income": -352833,
            "revenue": 9769343,
            "common_shares": 8963768,
            "book_valuer_per_share": 15.73,
            "book_valuer_per_share_4q_avg": 15.66,
            "equity": 16147635,
            "current_ratio": 112.89,
            "debt_ratio": 60,
            "inventory_turnover_ratio": 0.93,
            "account_receivable_turnover_ratio": 3.57,
            "reinvestment_rate": 29.64,
            "research_to_sale_ratio": 1.23,
            "price_fair": 45,
            "eps_avg_yearly": 1.29,
            "eps_latest_yearly": 0.64,
            "eps_growth_yearly": 932.63
        },
        "20144": {
            "year_quarter": 20144,
            "year": 2014,
            "quarter": 4,
            "eps": -0.05,
            "eps_growth_year": null,
            "eps_4q": -0.31,
            "eps_4q_growth_year": null,
            "roe": -0.6,
            "roe_4q": -2.1799999999999997,
            "gross_profit": 849699,
            "gross_margin": 10.26,
            "gross_margin_4q_avg": 12.58,
            "net_income": -97528,
            "revenue": 8283430,
            "common_shares": 9000446,
            "book_valuer_per_share": 15.89,
            "book_valuer_per_share_4q_avg": 15.78,
            "equity": 16269671,
            "current_ratio": 111.59,
            "debt_ratio": 59.56,
            "inventory_turnover_ratio": 0.85,
            "account_receivable_turnover_ratio": 3.42,
            "reinvestment_rate": 164.23,
            "research_to_sale_ratio": 2.36,
            "price_fair": 47.83,
            "eps_avg_yearly": 1.37,
            "eps_latest_yearly": 0.64,
            "eps_growth_yearly": 1101.41
        },
        "20151": {
            "year_quarter": 20151,
            "year": 2015,
            "quarter": 1,
            "eps": 0.06,
            "eps_growth_year": null,
            "eps_4q": -0.12,
            "eps_4q_growth_year": null,
            "roe": 0.33,
            "roe_4q": -0.8399999999999999,
            "gross_profit": 1267532,
            "gross_margin": 14.61,
            "gross_margin_4q_avg": 12.96,
            "net_income": 53980,
            "revenue": 8676277,
            "common_shares": 9000446,
            "book_valuer_per_share": 15.81,
            "book_valuer_per_share_4q_avg": 15.85,
            "equity": 16168217,
            "current_ratio": 111.79,
            "debt_ratio": 60.59,
            "inventory_turnover_ratio": 0.85,
            "account_receivable_turnover_ratio": 3.82,
            "reinvestment_rate": 278.44,
            "research_to_sale_ratio": 1.37,
            "price_fair": 43.4,
            "eps_avg_yearly": 1.24,
            "eps_latest_yearly": 0.64,
            "eps_growth_yearly": 1201.69
        },
        "20152": {
            "year_quarter": 20152,
            "year": 2015,
            "quarter": 2,
            "eps": 0.36,
            "eps_growth_year": 33.33,
            "eps_4q": -0.03,
            "eps_4q_growth_year": null,
            "roe": 1.9,
            "roe_4q": -0.54,
            "gross_profit": 1415488,
            "gross_margin": 16.43,
            "gross_margin_4q_avg": 13.25,
            "net_income": 307739,
            "revenue": 8613122,
            "common_shares": 9000446,
            "book_valuer_per_share": 16,
            "book_valuer_per_share_4q_avg": 15.86,
            "equity": 16265137,
            "current_ratio": 112.82,
            "debt_ratio": 60.16,
            "inventory_turnover_ratio": 0.75,
            "account_receivable_turnover_ratio": 3.79,
            "reinvestment_rate": 357.21,
            "research_to_sale_ratio": 1.43,
            "price_fair": 38.36,
            "eps_avg_yearly": 1.1,
            "eps_latest_yearly": 1.44,
            "eps_growth_yearly": 1595.29
        },
        "20153": {
            "year_quarter": 20153,
            "year": 2015,
            "quarter": 3,
            "eps": 3.44,
            "eps_growth_year": null,
            "eps_4q": 3.84,
            "eps_4q_growth_year": null,
            "roe": 17.11,
            "roe_4q": 18.739999999999995,
            "gross_profit": 1564687,
            "gross_margin": 16.47,
            "gross_margin_4q_avg": 14.44,
            "net_income": 3057686,
            "revenue": 9498434,
            "common_shares": 9000446,
            "book_valuer_per_share": 19.84,
            "book_valuer_per_share_4q_avg": 16.89,
            "equity": 19471637,
            "current_ratio": 119.95,
            "debt_ratio": 56.37,
            "inventory_turnover_ratio": 0.79,
            "account_receivable_turnover_ratio": 3.19,
            "reinvestment_rate": -1.44,
            "research_to_sale_ratio": 1.39,
            "price_fair": 120.68,
            "eps_avg_yearly": 3.45,
            "eps_latest_yearly": 13.76,
            "eps_growth_yearly": 2285.66
        },
        "20154": {
            "year_quarter": 20154,
            "year": 2015,
            "quarter": 4,
            "eps": -0.39,
            "eps_growth_year": null,
            "eps_4q": 3.6,
            "eps_4q_growth_year": null,
            "roe": -2.22,
            "roe_4q": 17.119999999999997,
            "gross_profit": 494716,
            "gross_margin": 8.11,
            "gross_margin_4q_avg": 13.91,
            "net_income": -422389,
            "revenue": 6096505,
            "common_shares": 8800446,
            "book_valuer_per_share": 19.39,
            "book_valuer_per_share_4q_avg": 17.76,
            "equity": 18509989,
            "current_ratio": 114.31,
            "debt_ratio": 56.9,
            "inventory_turnover_ratio": 0.58,
            "account_receivable_turnover_ratio": 2.01,
            "reinvestment_rate": 8.76,
            "research_to_sale_ratio": 4.04,
            "price_fair": 120.68,
            "eps_avg_yearly": 3.45,
            "eps_latest_yearly": 13.76,
            "eps_growth_yearly": 2285.66
        },
        "20161": {
            "year_quarter": 20161,
            "year": 2016,
            "quarter": 1,
            "eps": 0.03,
            "eps_growth_year": -50,
            "eps_4q": 3.5,
            "eps_4q_growth_year": null,
            "roe": 0.16,
            "roe_4q": 16.95,
            "gross_profit": 1162871,
            "gross_margin": 16.33,
            "gross_margin_4q_avg": 14.34,
            "net_income": 30279,
            "revenue": 7121605,
            "common_shares": 8800446,
            "book_valuer_per_share": 18.97,
            "book_valuer_per_share_4q_avg": 18.55,
            "equity": 18408235,
            "current_ratio": 161.06,
            "debt_ratio": 56.92,
            "inventory_turnover_ratio": 0.65,
            "account_receivable_turnover_ratio": 2.75,
            "reinvestment_rate": 5.55,
            "research_to_sale_ratio": 2.32,
            "price_fair": 120.68,
            "eps_avg_yearly": 3.45,
            "eps_latest_yearly": 13.76,
            "eps_growth_yearly": 2285.66
        },
        "20162": {
            "year_quarter": 20162,
            "year": 2016,
            "quarter": 2,
            "eps": 0.07,
            "eps_growth_year": -80.56,
            "eps_4q": 3.22,
            "eps_4q_growth_year": null,
            "roe": 0.37,
            "roe_4q": 15.42,
            "gross_profit": 1533031,
            "gross_margin": 17.63,
            "gross_margin_4q_avg": 14.64,
            "net_income": 65947,
            "revenue": 8696638,
            "common_shares": 8800446,
            "book_valuer_per_share": 17.9,
            "book_valuer_per_share_4q_avg": 19.03,
            "equity": 17466247,
            "current_ratio": 150.74,
            "debt_ratio": 59.65,
            "inventory_turnover_ratio": 0.8,
            "account_receivable_turnover_ratio": 3.03,
            "reinvestment_rate": -0.28,
            "research_to_sale_ratio": 2.16,
            "price_fair": 118.44,
            "eps_avg_yearly": 3.38,
            "eps_latest_yearly": 0.28,
            "eps_growth_yearly": 2417.78
        },
        "20163": {
            "year_quarter": 20163,
            "year": 2016,
            "quarter": 3,
            "eps": -0.36,
            "eps_growth_year": -110.47,
            "eps_4q": -0.64,
            "eps_4q_growth_year": -116.55,
            "roe": -1.74,
            "roe_4q": -3.4300000000000006,
            "gross_profit": 1473920,
            "gross_margin": 17.15,
            "gross_margin_4q_avg": 14.81,
            "net_income": -298574,
            "revenue": 8593717,
            "common_shares": 8800446,
            "book_valuer_per_share": 17.27,
            "book_valuer_per_share_4q_avg": 18.38,
            "equity": 16888850,
            "current_ratio": 159,
            "debt_ratio": 58.65,
            "inventory_turnover_ratio": 0.81,
            "account_receivable_turnover_ratio": 3.09,
            "reinvestment_rate": -21.97,
            "research_to_sale_ratio": 1.83,
            "price_fair": 141.05,
            "eps_avg_yearly": 4.03,
            "eps_latest_yearly": 0.28,
            "eps_growth_yearly": 2988.89
        },
        "20164": {
            "year_quarter": 20164,
            "year": 2016,
            "quarter": 4,
            "eps": -0.11,
            "eps_growth_year": null,
            "eps_4q": -0.37,
            "eps_4q_growth_year": -110.23,
            "roe": -0.54,
            "roe_4q": -1.7500000000000002,
            "gross_profit": 1352429,
            "gross_margin": 12.25,
            "gross_margin_4q_avg": 15.84,
            "net_income": -90341,
            "revenue": 11038576,
            "common_shares": 8800446,
            "book_valuer_per_share": 16.92,
            "book_valuer_per_share_4q_avg": 17.77,
            "equity": 16616794,
            "current_ratio": 158.14,
            "debt_ratio": 58.75,
            "inventory_turnover_ratio": 1.41,
            "account_receivable_turnover_ratio": 3.1,
            "reinvestment_rate": -40.01,
            "research_to_sale_ratio": 1.69,
            "price_fair": 141.05,
            "eps_avg_yearly": 4.03,
            "eps_latest_yearly": 0.28,
            "eps_growth_yearly": 2988.89
        },
        "20171": {
            "year_quarter": 20171,
            "year": 2017,
            "quarter": 1,
            "eps": 0.02,
            "eps_growth_year": -33.33,
            "eps_4q": -0.38,
            "eps_4q_growth_year": -110.87,
            "roe": 0.16,
            "roe_4q": -1.75,
            "gross_profit": 1355191,
            "gross_margin": 17.84,
            "gross_margin_4q_avg": 16.22,
            "net_income": 26773,
            "revenue": 7595917,
            "common_shares": 8800446,
            "book_valuer_per_share": 16.38,
            "book_valuer_per_share_4q_avg": 17.12,
            "equity": 16067335,
            "current_ratio": 174.79,
            "debt_ratio": 57.51,
            "inventory_turnover_ratio": 1.15,
            "account_receivable_turnover_ratio": 2.08,
            "reinvestment_rate": -136.04,
            "research_to_sale_ratio": 2.24,
            "price_fair": 141.05,
            "eps_avg_yearly": 4.03,
            "eps_latest_yearly": 0.28,
            "eps_growth_yearly": 2988.89
        },
        "20172": {
            "year_quarter": 20172,
            "year": 2017,
            "quarter": 2,
            "eps": 0.52,
            "eps_growth_year": 642.86,
            "eps_4q": 0.06,
            "eps_4q_growth_year": -98.02,
            "roe": 2.97,
            "roe_4q": 0.8500000000000003,
            "gross_profit": 1690030,
            "gross_margin": 19.87,
            "gross_margin_4q_avg": 16.78,
            "net_income": 465718,
            "revenue": 8506923,
            "common_shares": 8800446,
            "book_valuer_per_share": 15.87,
            "book_valuer_per_share_4q_avg": 16.61,
            "equity": 15264947,
            "current_ratio": 151.75,
            "debt_ratio": 60.97,
            "inventory_turnover_ratio": 1.21,
            "account_receivable_turnover_ratio": 2.76,
            "reinvestment_rate": -122.68,
            "research_to_sale_ratio": 2.37,
            "price_fair": 153.65,
            "eps_avg_yearly": 4.39,
            "eps_latest_yearly": 2.08,
            "eps_growth_yearly": 3988.89
        },
        "20173": {
            "year_quarter": 20173,
            "year": 2017,
            "quarter": 3,
            "eps": 0.24,
            "eps_growth_year": null,
            "eps_4q": 0.68,
            "eps_4q_growth_year": null,
            "roe": 1.47,
            "roe_4q": 4.0600000000000005,
            "gross_profit": 1503760,
            "gross_margin": 18.07,
            "gross_margin_4q_avg": 17.01,
            "net_income": 222780,
            "revenue": 8322573,
            "common_shares": 8685956,
            "book_valuer_per_share": 15.96,
            "book_valuer_per_share_4q_avg": 16.28,
            "equity": 15111013,
            "current_ratio": 152.54,
            "debt_ratio": 60.18,
            "inventory_turnover_ratio": 1.34,
            "account_receivable_turnover_ratio": 2.71,
            "reinvestment_rate": -109.13,
            "research_to_sale_ratio": 2.26,
            "price_fair": 129.64,
            "eps_avg_yearly": 3.7,
            "eps_latest_yearly": 0.96,
            "eps_growth_yearly": 3148.03
        },
        "20174": {
            "year_quarter": 20174,
            "year": 2017,
            "quarter": 4,
            "eps": -0.19,
            "eps_growth_year": null,
            "eps_4q": 0.61,
            "eps_4q_growth_year": null,
            "roe": -1.43,
            "roe_4q": 3.1700000000000004,
            "gross_profit": 991639,
            "gross_margin": 13.67,
            "gross_margin_4q_avg": 17.36,
            "net_income": -213400,
            "revenue": 7253087,
            "common_shares": 8685956,
            "book_valuer_per_share": 15.48,
            "book_valuer_per_share_4q_avg": 15.92,
            "equity": 14636593,
            "current_ratio": 141.08,
            "debt_ratio": 60.04,
            "inventory_turnover_ratio": 1.43,
            "account_receivable_turnover_ratio": 2.79,
            "reinvestment_rate": -100.93,
            "research_to_sale_ratio": 4.93,
            "price_fair": 129.64,
            "eps_avg_yearly": 3.7,
            "eps_latest_yearly": 0.96,
            "eps_growth_yearly": 3148.03
        },
        "20181": {
            "year_quarter": 20181,
            "year": 2018,
            "quarter": 1,
            "eps": 0.27,
            "eps_growth_year": 1250,
            "eps_4q": 0.87,
            "eps_4q_growth_year": null,
            "roe": 1.51,
            "roe_4q": 4.5200000000000005,
            "gross_profit": 1457064,
            "gross_margin": 18.91,
            "gross_margin_4q_avg": 17.63,
            "net_income": 218683,
            "revenue": 7706965,
            "common_shares": 8685956,
            "book_valuer_per_share": 15.73,
            "book_valuer_per_share_4q_avg": 15.76,
            "equity": 14312613,
            "current_ratio": 104.41,
            "debt_ratio": 60.91,
            "inventory_turnover_ratio": 1.48,
            "account_receivable_turnover_ratio": 2.9,
            "reinvestment_rate": -119,
            "research_to_sale_ratio": 2.65,
            "price_fair": 129.64,
            "eps_avg_yearly": 3.7,
            "eps_latest_yearly": 0.96,
            "eps_growth_yearly": 3148.03
        },
        "20182": {
            "year_quarter": 20182,
            "year": 2018,
            "quarter": 2,
            "eps": 0.32,
            "eps_growth_year": -38.46,
            "eps_4q": 0.64,
            "eps_4q_growth_year": 911.07,
            "roe": 1.82,
            "roe_4q": 3.37,
            "gross_profit": 1528657,
            "gross_margin": 18.02,
            "gross_margin_4q_avg": 17.17,
            "net_income": 258480,
            "revenue": 8482561,
            "common_shares": 8535956,
            "book_valuer_per_share": 15.09,
            "book_valuer_per_share_4q_avg": 15.57,
            "equity": 14028135,
            "current_ratio": 101.45,
            "debt_ratio": 63.64,
            "inventory_turnover_ratio": 1.58,
            "account_receivable_turnover_ratio": 2.55,
            "reinvestment_rate": -113.07,
            "research_to_sale_ratio": 3.37,
            "price_fair": 115.5,
            "eps_avg_yearly": 3.3,
            "eps_latest_yearly": 1.28,
            "eps_growth_yearly": 2635.71
        },
        "20183": {
            "year_quarter": 20183,
            "year": 2018,
            "quarter": 3,
            "eps": 1.51,
            "eps_growth_year": 529.17,
            "eps_4q": 1.91,
            "eps_4q_growth_year": 179.61,
            "roe": 8.45,
            "roe_4q": 10.35,
            "gross_profit": 1406371,
            "gross_margin": 16.98,
            "gross_margin_4q_avg": 16.9,
            "net_income": 1231620,
            "revenue": 8284315,
            "common_shares": 8535956,
            "book_valuer_per_share": 16.48,
            "book_valuer_per_share_4q_avg": 15.7,
            "equity": 15136661,
            "current_ratio": 136.15,
            "debt_ratio": 60.17,
            "inventory_turnover_ratio": 1.6,
            "account_receivable_turnover_ratio": 2.39,
            "reinvestment_rate": -81.84,
            "research_to_sale_ratio": 2.24,
            "price_fair": 129.2,
            "eps_avg_yearly": 3.69,
            "eps_latest_yearly": 6.04,
            "eps_growth_yearly": 2471.68
        },
        "20184": {
            "year_quarter": 20184,
            "year": 2018,
            "quarter": 4,
            "eps": -0.84,
            "eps_growth_year": null,
            "eps_4q": 1.27,
            "eps_4q_growth_year": 107.68,
            "roe": -6.73,
            "roe_4q": 5.049999999999999,
            "gross_profit": 906196,
            "gross_margin": 13.18,
            "gross_margin_4q_avg": 16.77,
            "net_income": -983777,
            "revenue": 6876897,
            "common_shares": 8535956,
            "book_valuer_per_share": 15.63,
            "book_valuer_per_share_4q_avg": 15.73,
            "equity": 14101157,
            "current_ratio": 131,
            "debt_ratio": 62.29,
            "inventory_turnover_ratio": 1.46,
            "account_receivable_turnover_ratio": 2.41,
            "reinvestment_rate": -106.59,
            "research_to_sale_ratio": 6.58,
            "price_fair": 129.2,
            "eps_avg_yearly": 3.69,
            "eps_latest_yearly": 6.04,
            "eps_growth_yearly": 2471.68
        },
        "20191": {
            "year_quarter": 20191,
            "year": 2019,
            "quarter": 1,
            "eps": 2.41,
            "eps_growth_year": 792.59,
            "eps_4q": 3.4,
            "eps_4q_growth_year": 290.84,
            "roe": 12.96,
            "roe_4q": 16.5,
            "gross_profit": 1372474,
            "gross_margin": 17.41,
            "gross_margin_4q_avg": 16.4,
            "net_income": 1964478,
            "revenue": 7883400,
            "common_shares": 8535956,
            "book_valuer_per_share": 18.22,
            "book_valuer_per_share_4q_avg": 16.36,
            "equity": 16219026,
            "current_ratio": 125.03,
            "debt_ratio": 59.11,
            "inventory_turnover_ratio": 1.43,
            "account_receivable_turnover_ratio": 2.75,
            "reinvestment_rate": -67.79,
            "research_to_sale_ratio": 2.92,
            "price_fair": 129.2,
            "eps_avg_yearly": 3.69,
            "eps_latest_yearly": 6.04,
            "eps_growth_yearly": 2471.68
        },
        "20192": {
            "year_quarter": 20192,
            "year": 2019,
            "quarter": 2,
            "eps": 0.29,
            "eps_growth_year": -9.38,
            "eps_4q": 3.37,
            "eps_4q_growth_year": 422.98,
            "roe": 1.42,
            "roe_4q": 16.1,
            "gross_profit": 1565813,
            "gross_margin": 17.9,
            "gross_margin_4q_avg": 16.37,
            "net_income": 226585,
            "revenue": 8747571,
            "common_shares": 8535956,
            "book_valuer_per_share": 17.58,
            "book_valuer_per_share_4q_avg": 16.98,
            "equity": 15685951,
            "current_ratio": 121.78,
            "debt_ratio": 62.85,
            "inventory_turnover_ratio": 1.35,
            "account_receivable_turnover_ratio": 2.52,
            "reinvestment_rate": -64.72,
            "research_to_sale_ratio": 3.16,
            "price_fair": 127.8,
            "eps_avg_yearly": 3.65,
            "eps_latest_yearly": 1.16,
            "eps_growth_yearly": 2135.7
        },
        "20193": {
            "year_quarter": 20193,
            "year": 2019,
            "quarter": 3,
            "eps": 0.14,
            "eps_growth_year": -90.73,
            "eps_4q": 2.01,
            "eps_4q_growth_year": 5.18,
            "roe": 1.06,
            "roe_4q": 8.71,
            "gross_profit": 1487232,
            "gross_margin": 16.65,
            "gross_margin_4q_avg": 16.29,
            "net_income": 166205,
            "revenue": 8931125,
            "common_shares": 8535956,
            "book_valuer_per_share": 17.51,
            "book_valuer_per_share_4q_avg": 17.24,
            "equity": 15655086,
            "current_ratio": 110.61,
            "debt_ratio": 61.37,
            "inventory_turnover_ratio": 1.47,
            "account_receivable_turnover_ratio": 2.76,
            "reinvestment_rate": -88.59,
            "research_to_sale_ratio": 3.03,
            "price_fair": 61.8,
            "eps_avg_yearly": 1.77,
            "eps_latest_yearly": 0.56,
            "eps_growth_yearly": 1617.25
        },
        "20194": {
            "year_quarter": 20194,
            "year": 2019,
            "quarter": 4,
            "eps": -0.13,
            "eps_growth_year": null,
            "eps_4q": 2.71,
            "eps_4q_growth_year": 114.39,
            "roe": -1.07,
            "roe_4q": 14.370000000000001,
            "gross_profit": 1397458,
            "gross_margin": 17.87,
            "gross_margin_4q_avg": 17.46,
            "net_income": -164808,
            "revenue": 7821332,
            "common_shares": 8535956,
            "book_valuer_per_share": 17.1,
            "book_valuer_per_share_4q_avg": 17.6,
            "equity": 15240725,
            "current_ratio": 107.36,
            "debt_ratio": 62.94,
            "inventory_turnover_ratio": 1.41,
            "account_receivable_turnover_ratio": 3.07,
            "reinvestment_rate": -74.71,
            "research_to_sale_ratio": 3.71,
            "price_fair": 61.8,
            "eps_avg_yearly": 1.77,
            "eps_latest_yearly": 0.56,
            "eps_growth_yearly": 1617.25
        },
        "20201": {
            "year_quarter": 20201,
            "year": 2020,
            "quarter": 1,
            "eps": 0.76,
            "eps_growth_year": -68.46,
            "eps_4q": 1.08,
            "eps_4q_growth_year": -68.31,
            "roe": 4.08,
            "roe_4q": 5.49,
            "gross_profit": 1550306,
            "gross_margin": 19.05,
            "gross_margin_4q_avg": 17.87,
            "net_income": 617384,
            "revenue": 8136100,
            "common_shares": 8535956,
            "book_valuer_per_share": 17.16,
            "book_valuer_per_share_4q_avg": 17.34,
            "equity": 14991238,
            "current_ratio": 104.62,
            "debt_ratio": 63.49,
            "inventory_turnover_ratio": 1.4,
            "account_receivable_turnover_ratio": 3.3,
            "reinvestment_rate": -56.3,
            "research_to_sale_ratio": 3.11,
            "price_fair": 61.8,
            "eps_avg_yearly": 1.77,
            "eps_latest_yearly": 0.56,
            "eps_growth_yearly": 1617.25
        },
        "20202": {
            "year_quarter": 20202,
            "year": 2020,
            "quarter": 2,
            "eps": 0.5,
            "eps_growth_year": 72.41,
            "eps_4q": 1.29,
            "eps_4q_growth_year": -61.61,
            "roe": 2.94,
            "roe_4q": 7.01,
            "gross_profit": 1728051,
            "gross_margin": 18.93,
            "gross_margin_4q_avg": 18.13,
            "net_income": 436845,
            "revenue": 9128005,
            "common_shares": 8535956,
            "book_valuer_per_share": 16.93,
            "book_valuer_per_share_4q_avg": 17.18,
            "equity": 14716024,
            "current_ratio": 98.87,
            "debt_ratio": 64.9,
            "inventory_turnover_ratio": 1.44,
            "account_receivable_turnover_ratio": 3.44,
            "reinvestment_rate": -45.02,
            "research_to_sale_ratio": 2.79,
            "price_fair": 70.4,
            "eps_avg_yearly": 2.01,
            "eps_latest_yearly": 2,
            "eps_growth_yearly": 1521.51
        },
        "20203": {
            "year_quarter": 20203,
            "year": 2020,
            "quarter": 3,
            "eps": 0.92,
            "eps_growth_year": 557.14,
            "eps_4q": 2.07,
            "eps_4q_growth_year": 3.33,
            "roe": 5.09,
            "roe_4q": 11.04,
            "gross_profit": 2355389,
            "gross_margin": 20.61,
            "gross_margin_4q_avg": 19.12,
            "net_income": 774945,
            "revenue": 11427666,
            "common_shares": 8049826,
            "book_valuer_per_share": 18.19,
            "book_valuer_per_share_4q_avg": 17.35,
            "equity": 15761947,
            "current_ratio": 101.4,
            "debt_ratio": 64.11,
            "inventory_turnover_ratio": 1.57,
            "account_receivable_turnover_ratio": 4.38,
            "reinvestment_rate": -28.35,
            "research_to_sale_ratio": 2.18,
            "price_fair": 77.7,
            "eps_avg_yearly": 2.22,
            "eps_latest_yearly": 3.68,
            "eps_growth_yearly": 1373.32
        },
        "20204": {
            "year_quarter": 20204,
            "year": 2020,
            "quarter": 4,
            "eps": 0.22,
            "eps_growth_year": null,
            "eps_4q": 2.43,
            "eps_4q_growth_year": -10.41,
            "roe": 1.4,
            "roe_4q": 13.51,
            "gross_profit": 2173109,
            "gross_margin": 17.98,
            "gross_margin_4q_avg": 19.14,
            "net_income": 222682,
            "revenue": 12083146,
            "common_shares": 8030776,
            "book_valuer_per_share": 18.52,
            "book_valuer_per_share_4q_avg": 17.7,
            "equity": 16066789,
            "current_ratio": 107.46,
            "debt_ratio": 63.5,
            "inventory_turnover_ratio": 1.69,
            "account_receivable_turnover_ratio": 5.14,
            "reinvestment_rate": -14.43,
            "research_to_sale_ratio": 2.7,
            "price_fair": 72.49,
            "eps_avg_yearly": 2.07,
            "eps_latest_yearly": 0.88,
            "eps_growth_yearly": 1186.92
        },
        "20211": {
            "year_quarter": 20211,
            "year": 2021,
            "quarter": 1,
            "eps": 0.74,
            "eps_growth_year": -2.63,
            "eps_4q": 2.4,
            "eps_4q_growth_year": 122,
            "roe": 3.78,
            "roe_4q": 13.209999999999999,
            "gross_profit": 2062857,
            "gross_margin": 20.67,
            "gross_margin_4q_avg": 19.55,
            "net_income": 619947,
            "revenue": 9978399,
            "common_shares": 8030776,
            "book_valuer_per_share": 19.27,
            "book_valuer_per_share_4q_avg": 18.23,
            "equity": 16691516,
            "current_ratio": 112.16,
            "debt_ratio": 62.49,
            "inventory_turnover_ratio": 1.26,
            "account_receivable_turnover_ratio": 4.21,
            "reinvestment_rate": 21.86,
            "research_to_sale_ratio": 2.73,
            "price_fair": 75.6,
            "eps_avg_yearly": 2.16,
            "eps_latest_yearly": 2.96,
            "eps_growth_yearly": 1162.77
        },
        "20212": {
            "year_quarter": 20212,
            "year": 2021,
            "quarter": 2,
            "eps": 0.54,
            "eps_growth_year": 8,
            "eps_4q": 2.43,
            "eps_4q_growth_year": 87.72,
            "roe": 2.87,
            "roe_4q": 13.14,
            "gross_profit": 1932374,
            "gross_margin": 19.01,
            "gross_margin_4q_avg": 19.57,
            "net_income": 490956,
            "revenue": 10164154,
            "common_shares": 8030776,
            "book_valuer_per_share": 20.31,
            "book_valuer_per_share_4q_avg": 19.07,
            "equity": 17544089,
            "current_ratio": 129.3,
            "debt_ratio": 62.62,
            "inventory_turnover_ratio": 1.14,
            "account_receivable_turnover_ratio": 3.52,
            "reinvestment_rate": 23.38,
            "research_to_sale_ratio": 2.88,
            "price_fair": 75.88,
            "eps_avg_yearly": 2.17,
            "eps_latest_yearly": 2.16,
            "eps_growth_yearly": 151.96
        },
        "20213": {
            "year_quarter": 20213,
            "year": 2021,
            "quarter": 3,
            "eps": 0.55,
            "eps_growth_year": -40.22,
            "eps_4q": 2.06,
            "eps_4q_growth_year": -0.59,
            "roe": 2.68,
            "roe_4q": 10.73,
            "gross_profit": 1895762,
            "gross_margin": 18.32,
            "gross_margin_4q_avg": 19,
            "net_income": 457796,
            "revenue": 10348136,
            "common_shares": 8030776,
            "book_valuer_per_share": 19.24,
            "book_valuer_per_share_4q_avg": 19.34,
            "equity": 16631334,
            "current_ratio": 126.72,
            "debt_ratio": 63.9,
            "inventory_turnover_ratio": 1.14,
            "account_receivable_turnover_ratio": 3.56,
            "reinvestment_rate": 22.42,
            "research_to_sale_ratio": 2.68,
            "price_fair": 80.22,
            "eps_avg_yearly": 2.29,
            "eps_latest_yearly": 2.2,
            "eps_growth_yearly": 174.24
        },
        "20214": {
            "year_quarter": 20214,
            "year": 2021,
            "quarter": 4,
            "eps": 0.48,
            "eps_growth_year": 111.89,
            "eps_4q": 2.31,
            "eps_4q_growth_year": -4.93,
            "roe": 2.37,
            "roe_4q": 11.700000000000001,
            "gross_profit": 2041845,
            "gross_margin": 18.35,
            "gross_margin_4q_avg": 19.09,
            "net_income": 396019,
            "revenue": 11126662,
            "common_shares": 7976396,
            "book_valuer_per_share": 19.45,
            "book_valuer_per_share_4q_avg": 19.57,
            "equity": 16819702,
            "current_ratio": 132.84,
            "debt_ratio": 63.85,
            "inventory_turnover_ratio": 1.28,
            "account_receivable_turnover_ratio": 4.35,
            "reinvestment_rate": 22.08,
            "research_to_sale_ratio": 2.45,
            "price_fair": 79.04,
            "eps_avg_yearly": 2.26,
            "eps_latest_yearly": 1.92,
            "eps_growth_yearly": 153.77
        },
        "20221": {
            "year_quarter": 20221,
            "year": 2022,
            "quarter": 1,
            "eps": 1.25,
            "eps_growth_year": 68.92,
            "eps_4q": 2.81,
            "eps_4q_growth_year": 17.27,
            "roe": 6.02,
            "roe_4q": 13.940000000000001,
            "gross_profit": 2142175,
            "gross_margin": 19.2,
            "gross_margin_4q_avg": 18.72,
            "net_income": 1057687,
            "revenue": 11158254,
            "common_shares": 7976396,
            "book_valuer_per_share": 21.23,
            "book_valuer_per_share_4q_avg": 20.06,
            "equity": 18345959,
            "current_ratio": 130.77,
            "debt_ratio": 62.81,
            "inventory_turnover_ratio": 1.26,
            "account_receivable_turnover_ratio": 3.74,
            "reinvestment_rate": 74.13,
            "research_to_sale_ratio": 2.23,
            "price_fair": 87.03,
            "eps_avg_yearly": 2.49,
            "eps_latest_yearly": 5,
            "eps_growth_yearly": 194.43
        },
        "20222": {
            "year_quarter": 20222,
            "year": 2022,
            "quarter": 2,
            "eps": 0.84,
            "eps_growth_year": 55.56,
            "eps_4q": 3.12,
            "eps_4q_growth_year": 28.19,
            "roe": 4.26,
            "roe_4q": 15.329999999999998,
            "gross_profit": 2502753,
            "gross_margin": 20.12,
            "gross_margin_4q_avg": 19,
            "net_income": 775068,
            "revenue": 12438618,
            "common_shares": 7976396,
            "book_valuer_per_share": 20.75,
            "book_valuer_per_share_4q_avg": 20.17,
            "equity": 18072821,
            "current_ratio": 123.2,
            "debt_ratio": 64.86,
            "inventory_turnover_ratio": 1.34,
            "account_receivable_turnover_ratio": 3.41,
            "reinvestment_rate": 72.35,
            "research_to_sale_ratio": 2.37,
            "price_fair": 93.1,
            "eps_avg_yearly": 2.66,
            "eps_latest_yearly": 3.36,
            "eps_growth_yearly": 177.32
        },
        "20223": {
            "year_quarter": 20223,
            "year": 2022,
            "quarter": 3,
            "eps": 1.17,
            "eps_growth_year": 112.73,
            "eps_4q": 3.74,
            "eps_4q_growth_year": 81.34,
            "roe": 5.51,
            "roe_4q": 18.16,
            "gross_profit": 2794877,
            "gross_margin": 19.23,
            "gross_margin_4q_avg": 19.23,
            "net_income": 1027679,
            "revenue": 14535878,
            "common_shares": 7976396,
            "book_valuer_per_share": 22.02,
            "book_valuer_per_share_4q_avg": 20.86,
            "equity": 19210580,
            "current_ratio": 129.37,
            "debt_ratio": 63.86,
            "inventory_turnover_ratio": 1.48,
            "account_receivable_turnover_ratio": 4.06,
            "reinvestment_rate": 91.38,
            "research_to_sale_ratio": 2.52,
            "price_fair": 89.13,
            "eps_avg_yearly": 2.55,
            "eps_latest_yearly": 4.68,
            "eps_growth_yearly": 66.46
        },
        "20224": {
            "year_quarter": 20224,
            "year": 2022,
            "quarter": 4,
            "eps": 0.67,
            "eps_growth_year": 41.62,
            "eps_4q": 3.93,
            "eps_4q_growth_year": 70.29,
            "roe": 2.94,
            "roe_4q": 18.729999999999997,
            "gross_profit": 2278405,
            "gross_margin": 17.92,
            "gross_margin_4q_avg": 19.12,
            "net_income": 579507,
            "revenue": 12717868,
            "common_shares": 7974896,
            "book_valuer_per_share": 22.51,
            "book_valuer_per_share_4q_avg": 21.63,
            "equity": 20242488,
            "current_ratio": 140.28,
            "debt_ratio": 64.53,
            "inventory_turnover_ratio": 1.14,
            "account_receivable_turnover_ratio": 4.16,
            "reinvestment_rate": 77.22,
            "research_to_sale_ratio": 2.42,
            "price_fair": 89.49,
            "eps_avg_yearly": 2.56,
            "eps_latest_yearly": 2.68,
            "eps_growth_yearly": 48.2
        },
        "20231": {
            "year_quarter": 20231,
            "year": 2023,
            "quarter": 1,
            "eps": 1.71,
            "eps_growth_year": 36.8,
            "eps_4q": 4.39,
            "eps_4q_growth_year": 56.42,
            "roe": 6.87,
            "roe_4q": 19.58,
            "gross_profit": 3169122,
            "gross_margin": 20.67,
            "gross_margin_4q_avg": 19.49,
            "net_income": 1443711,
            "revenue": 15334065,
            "common_shares": 7974896,
            "book_valuer_per_share": 24.3,
            "book_valuer_per_share_4q_avg": 22.4,
            "equity": 21762563,
            "current_ratio": 144.04,
            "debt_ratio": 62.51,
            "inventory_turnover_ratio": 1.22,
            "account_receivable_turnover_ratio": 4.73,
            "reinvestment_rate": 80.36,
            "research_to_sale_ratio": 1.87,
            "price_fair": 100.2,
            "eps_avg_yearly": 2.86,
            "eps_latest_yearly": 6.84,
            "eps_growth_yearly": 89.1
        }
    },
    "months": {
        "2001-06": {
            "month": "2001-06",
            "price": "7.76",
            "revenue": 1531575
        },
        "2001-07": {
            "month": "2001-07",
            "price": "6.99",
            "revenue": 1148331
        },
        "2001-08": {
            "month": "2001-08",
            "price": "6.26",
            "revenue": 1039808
        },
        "2001-09": {
            "month": "2001-09",
            "price": "6.32",
            "revenue": 1273859
        },
        "2001-10": {
            "month": "2001-10",
            "price": "5.54",
            "revenue": 1402303
        },
        "2001-11": {
            "month": "2001-11",
            "price": "5.06",
            "revenue": 1570495
        },
        "2001-12": {
            "month": "2001-12",
            "price": "5.45",
            "revenue": 1137239
        },
        "2002-01": {
            "month": "2002-01",
            "price": "5.02",
            "revenue": 1278225
        },
        "2002-02": {
            "month": "2002-02",
            "price": "4.82",
            "revenue": 769977
        },
        "2002-03": {
            "month": "2002-03",
            "price": "5.15",
            "revenue": 1081721
        },
        "2002-04": {
            "month": "2002-04",
            "price": "6.15",
            "revenue": 1369325
        },
        "2002-05": {
            "month": "2002-05",
            "price": "5.47",
            "revenue": 1378577
        },
        "2002-06": {
            "month": "2002-06",
            "price": "5.43",
            "revenue": 1443084
        },
        "2002-07": {
            "month": "2002-07",
            "price": "5.53",
            "revenue": 1500301
        },
        "2002-08": {
            "month": "2002-08",
            "price": "5.83",
            "revenue": 1251262
        },
        "2002-09": {
            "month": "2002-09",
            "price": "4.93",
            "revenue": 1362292
        },
        "2002-10": {
            "month": "2002-10",
            "price": "4.99",
            "revenue": 1451446
        },
        "2002-11": {
            "month": "2002-11",
            "price": "8.28",
            "revenue": 1191931
        },
        "2002-12": {
            "month": "2002-12",
            "price": "7.87",
            "revenue": 1063346
        },
        "2003-01": {
            "month": "2003-01",
            "price": "8.10",
            "revenue": 1570598
        },
        "2003-02": {
            "month": "2003-02",
            "price": "7.40",
            "revenue": 809745
        },
        "2003-03": {
            "month": "2003-03",
            "price": "6.63",
            "revenue": 1225161
        },
        "2003-04": {
            "month": "2003-04",
            "price": "6.08",
            "revenue": 1216336
        },
        "2003-05": {
            "month": "2003-05",
            "price": "5.47",
            "revenue": 1051796
        },
        "2003-06": {
            "month": "2003-06",
            "price": "6.19",
            "revenue": 1210263
        },
        "2003-07": {
            "month": "2003-07",
            "price": "6.66",
            "revenue": 1384407
        },
        "2003-08": {
            "month": "2003-08",
            "price": "6.76",
            "revenue": 1076627
        },
        "2003-09": {
            "month": "2003-09",
            "price": "6.48",
            "revenue": 1434157
        },
        "2003-10": {
            "month": "2003-10",
            "price": "6.86",
            "revenue": 1432511
        },
        "2003-11": {
            "month": "2003-11",
            "price": "7.04",
            "revenue": 1386324
        },
        "2003-12": {
            "month": "2003-12",
            "price": "7.14",
            "revenue": 1430656
        },
        "2004-01": {
            "month": "2004-01",
            "price": "8.29",
            "revenue": 1197593
        },
        "2004-02": {
            "month": "2004-02",
            "price": "11.59",
            "revenue": 1379688
        },
        "2004-03": {
            "month": "2004-03",
            "price": "12.56",
            "revenue": 1687350
        },
        "2004-04": {
            "month": "2004-04",
            "price": "13.29",
            "revenue": 1780908
        },
        "2004-05": {
            "month": "2004-05",
            "price": "13.05",
            "revenue": 1800998
        },
        "2004-06": {
            "month": "2004-06",
            "price": "11.79",
            "revenue": 1795528
        },
        "2004-07": {
            "month": "2004-07",
            "price": "11.58",
            "revenue": 1865744
        },
        "2004-08": {
            "month": "2004-08",
            "price": "11.06",
            "revenue": 1603453
        },
        "2004-09": {
            "month": "2004-09",
            "price": "13.53",
            "revenue": 1791886
        },
        "2004-10": {
            "month": "2004-10",
            "price": "13.74",
            "revenue": 1816683
        },
        "2004-11": {
            "month": "2004-11",
            "price": "12.62",
            "revenue": 1712888
        },
        "2004-12": {
            "month": "2004-12",
            "price": "13.30",
            "revenue": 1709970
        },
        "2005-01": {
            "month": "2005-01",
            "price": "13.63",
            "revenue": 2097739
        },
        "2005-02": {
            "month": "2005-02",
            "price": "13.66",
            "revenue": 1145953
        },
        "2005-03": {
            "month": "2005-03",
            "price": "13.80",
            "revenue": 2320153
        },
        "2005-04": {
            "month": "2005-04",
            "price": "14.48",
            "revenue": 2085250
        },
        "2005-05": {
            "month": "2005-05",
            "price": "13.78",
            "revenue": 2251864
        },
        "2005-06": {
            "month": "2005-06",
            "price": "13.83",
            "revenue": 2300351
        },
        "2005-07": {
            "month": "2005-07",
            "price": "13.07",
            "revenue": 2458694
        },
        "2005-08": {
            "month": "2005-08",
            "price": "12.15",
            "revenue": 1982227
        },
        "2005-09": {
            "month": "2005-09",
            "price": "11.83",
            "revenue": 2306032
        },
        "2005-10": {
            "month": "2005-10",
            "price": "11.76",
            "revenue": 2273455
        },
        "2005-11": {
            "month": "2005-11",
            "price": "11.80",
            "revenue": 1758405
        },
        "2005-12": {
            "month": "2005-12",
            "price": "12.03",
            "revenue": 1673632
        },
        "2006-01": {
            "month": "2006-01",
            "price": "12.05",
            "revenue": 2015225
        },
        "2006-02": {
            "month": "2006-02",
            "price": "12.01",
            "revenue": 1333018
        },
        "2006-03": {
            "month": "2006-03",
            "price": "11.55",
            "revenue": 1625414
        },
        "2006-04": {
            "month": "2006-04",
            "price": "12.59",
            "revenue": 2002058
        },
        "2006-05": {
            "month": "2006-05",
            "price": "17.20",
            "revenue": 2017143
        },
        "2006-06": {
            "month": "2006-06",
            "price": "15.98",
            "revenue": 2036183
        },
        "2006-07": {
            "month": "2006-07",
            "price": "18.10",
            "revenue": 1942854
        },
        "2006-08": {
            "month": "2006-08",
            "price": "17.04",
            "revenue": 3586196
        },
        "2006-09": {
            "month": "2006-09",
            "price": "16.11",
            "revenue": 1875229
        },
        "2006-10": {
            "month": "2006-10",
            "price": "17.98",
            "revenue": 1812491
        },
        "2006-11": {
            "month": "2006-11",
            "price": "21.08",
            "revenue": 1302288
        },
        "2006-12": {
            "month": "2006-12",
            "price": "23.05",
            "revenue": 3195471
        },
        "2007-01": {
            "month": "2007-01",
            "price": "21.32",
            "revenue": 1935271
        },
        "2007-02": {
            "month": "2007-02",
            "price": "19.94",
            "revenue": 1238499
        },
        "2007-03": {
            "month": "2007-03",
            "price": "19.18",
            "revenue": 1885774
        },
        "2007-04": {
            "month": "2007-04",
            "price": "20.36",
            "revenue": 1678613
        },
        "2007-05": {
            "month": "2007-05",
            "price": "19.42",
            "revenue": 1678235
        },
        "2007-06": {
            "month": "2007-06",
            "price": "23.10",
            "revenue": 3234836
        },
        "2007-07": {
            "month": "2007-07",
            "price": "26.26",
            "revenue": 1561515
        },
        "2007-08": {
            "month": "2007-08",
            "price": "25.21",
            "revenue": 1639772
        },
        "2007-09": {
            "month": "2007-09",
            "price": "23.84",
            "revenue": 1534149
        },
        "2007-10": {
            "month": "2007-10",
            "price": "24.84",
            "revenue": 1613961
        },
        "2007-11": {
            "month": "2007-11",
            "price": "23.59",
            "revenue": 1342805
        },
        "2007-12": {
            "month": "2007-12",
            "price": "19.83",
            "revenue": 2888507
        },
        "2008-01": {
            "month": "2008-01",
            "price": "18.40",
            "revenue": 1797828
        },
        "2008-02": {
            "month": "2008-02",
            "price": "20.45",
            "revenue": 1261938
        },
        "2008-03": {
            "month": "2008-03",
            "price": "21.74",
            "revenue": 1769823
        },
        "2008-04": {
            "month": "2008-04",
            "price": "21.96",
            "revenue": 1835707
        },
        "2008-05": {
            "month": "2008-05",
            "price": "20.74",
            "revenue": 1736576
        },
        "2008-06": {
            "month": "2008-06",
            "price": "16.16",
            "revenue": 3732477
        },
        "2008-07": {
            "month": "2008-07",
            "price": "11.99",
            "revenue": 1666348
        },
        "2008-08": {
            "month": "2008-08",
            "price": "12.43",
            "revenue": 1471645
        },
        "2008-09": {
            "month": "2008-09",
            "price": "9.56",
            "revenue": 1537066
        },
        "2008-10": {
            "month": "2008-10",
            "price": "7.02",
            "revenue": 1398310
        },
        "2008-11": {
            "month": "2008-11",
            "price": "6.15",
            "revenue": 1168819
        },
        "2008-12": {
            "month": "2008-12",
            "price": "6.25",
            "revenue": 2845528
        },
        "2009-01": {
            "month": "2009-01",
            "price": "6.27",
            "revenue": 863225
        },
        "2009-02": {
            "month": "2009-02",
            "price": "6.30",
            "revenue": 978648
        },
        "2009-03": {
            "month": "2009-03",
            "price": "7.31",
            "revenue": 1339251
        },
        "2009-04": {
            "month": "2009-04",
            "price": "9.67",
            "revenue": 1548152
        },
        "2009-05": {
            "month": "2009-05",
            "price": "11.83",
            "revenue": 1581418
        },
        "2009-06": {
            "month": "2009-06",
            "price": "14.42",
            "revenue": 3281864
        },
        "2009-07": {
            "month": "2009-07",
            "price": "14.90",
            "revenue": 1442515
        },
        "2009-08": {
            "month": "2009-08",
            "price": "13.25",
            "revenue": 1230482
        },
        "2009-09": {
            "month": "2009-09",
            "price": "13.85",
            "revenue": 1409740
        },
        "2009-10": {
            "month": "2009-10",
            "price": "14.46",
            "revenue": 1581798
        },
        "2009-11": {
            "month": "2009-11",
            "price": "14.14",
            "revenue": 1399619
        },
        "2009-12": {
            "month": "2009-12",
            "price": "13.95",
            "revenue": 2468836
        },
        "2010-01": {
            "month": "2010-01",
            "price": "13.48",
            "revenue": 1373661
        },
        "2010-02": {
            "month": "2010-02",
            "price": "11.39",
            "revenue": 1094979
        },
        "2010-03": {
            "month": "2010-03",
            "price": "12.33",
            "revenue": 1649091
        },
        "2010-04": {
            "month": "2010-04",
            "price": "13.36",
            "revenue": 1555684
        },
        "2010-05": {
            "month": "2010-05",
            "price": "12.14",
            "revenue": 1708606
        },
        "2010-06": {
            "month": "2010-06",
            "price": "12.34",
            "revenue": 1851378
        },
        "2010-07": {
            "month": "2010-07",
            "price": "13.33",
            "revenue": 1707718
        },
        "2010-08": {
            "month": "2010-08",
            "price": "16.41",
            "revenue": 1689849
        },
        "2010-09": {
            "month": "2010-09",
            "price": "16.65",
            "revenue": 1913888
        },
        "2010-10": {
            "month": "2010-10",
            "price": "16.83",
            "revenue": 1875210
        },
        "2010-11": {
            "month": "2010-11",
            "price": "16.23",
            "revenue": 1416384
        },
        "2010-12": {
            "month": "2010-12",
            "price": "17.48",
            "revenue": 1304733
        },
        "2011-01": {
            "month": "2011-01",
            "price": "17.84",
            "revenue": 2122322
        },
        "2011-02": {
            "month": "2011-02",
            "price": "17.25",
            "revenue": 1334532
        },
        "2011-03": {
            "month": "2011-03",
            "price": "16.88",
            "revenue": 2224339
        },
        "2011-04": {
            "month": "2011-04",
            "price": "16.68",
            "revenue": 2153666
        },
        "2011-05": {
            "month": "2011-05",
            "price": "18.38",
            "revenue": 2180219
        },
        "2011-06": {
            "month": "2011-06",
            "price": "17.21",
            "revenue": 2306848
        },
        "2011-07": {
            "month": "2011-07",
            "price": "18.99",
            "revenue": 2204813
        },
        "2011-08": {
            "month": "2011-08",
            "price": "19.37",
            "revenue": 1994113
        },
        "2011-09": {
            "month": "2011-09",
            "price": "18.12",
            "revenue": 2137160
        },
        "2011-10": {
            "month": "2011-10",
            "price": "16.79",
            "revenue": 1628248
        },
        "2011-11": {
            "month": "2011-11",
            "price": "17.08",
            "revenue": 1361417
        },
        "2011-12": {
            "month": "2011-12",
            "price": "16.90",
            "revenue": 1775976
        },
        "2012-01": {
            "month": "2012-01",
            "price": "16.98",
            "revenue": 1729636
        },
        "2012-02": {
            "month": "2012-02",
            "price": "19.33",
            "revenue": 1714222
        },
        "2012-03": {
            "month": "2012-03",
            "price": "20.14",
            "revenue": 2285765
        },
        "2012-04": {
            "month": "2012-04",
            "price": "18.24",
            "revenue": 1946278
        },
        "2012-05": {
            "month": "2012-05",
            "price": "16.88",
            "revenue": 2176541
        },
        "2012-06": {
            "month": "2012-06",
            "price": "17.85",
            "revenue": 2073897
        },
        "2012-07": {
            "month": "2012-07",
            "price": "19.28",
            "revenue": 2102096
        },
        "2012-08": {
            "month": "2012-08",
            "price": "19.28",
            "revenue": 2074035
        },
        "2012-09": {
            "month": "2012-09",
            "price": "19.57",
            "revenue": 2157003
        },
        "2012-10": {
            "month": "2012-10",
            "price": "20.03",
            "revenue": 1960798
        },
        "2012-11": {
            "month": "2012-11",
            "price": "18.32",
            "revenue": 1802008
        },
        "2012-12": {
            "month": "2012-12",
            "price": "17.94",
            "revenue": 1639218
        },
        "2013-01": {
            "month": "2013-01",
            "price": "19.90",
            "revenue": 3293372
        },
        "2013-02": {
            "month": "2013-02",
            "price": "23.95",
            "revenue": 2024074
        },
        "2013-03": {
            "month": "2013-03",
            "price": "26.66",
            "revenue": 2942034
        },
        "2013-04": {
            "month": "2013-04",
            "price": "26.29",
            "revenue": 2859794
        },
        "2013-05": {
            "month": "2013-05",
            "price": "27.39",
            "revenue": 2978669
        },
        "2013-06": {
            "month": "2013-06",
            "price": "27.41",
            "revenue": 2801073
        },
        "2013-07": {
            "month": "2013-07",
            "price": "29.34",
            "revenue": 3054346
        },
        "2013-08": {
            "month": "2013-08",
            "price": "32.77",
            "revenue": 2616738
        },
        "2013-09": {
            "month": "2013-09",
            "price": "42.57",
            "revenue": 2970542
        },
        "2013-10": {
            "month": "2013-10",
            "price": "49.54",
            "revenue": 2624732
        },
        "2013-11": {
            "month": "2013-11",
            "price": "48.16",
            "revenue": 2460569
        },
        "2013-12": {
            "month": "2013-12",
            "price": "48.80",
            "revenue": 2423656
        },
        "2014-01": {
            "month": "2014-01",
            "price": "46.95",
            "revenue": 3111978
        },
        "2014-02": {
            "month": "2014-02",
            "price": "52.29",
            "revenue": 2195374
        },
        "2014-03": {
            "month": "2014-03",
            "price": "53.79",
            "revenue": 2739464
        },
        "2014-04": {
            "month": "2014-04",
            "price": "39.31",
            "revenue": 3324986
        },
        "2014-05": {
            "month": "2014-05",
            "price": "27.01",
            "revenue": 3514149
        },
        "2014-06": {
            "month": "2014-06",
            "price": "29.32",
            "revenue": 3586866
        },
        "2014-07": {
            "month": "2014-07",
            "price": "31.65",
            "revenue": 3519472
        },
        "2014-08": {
            "month": "2014-08",
            "price": "28.53",
            "revenue": 2944872
        },
        "2014-09": {
            "month": "2014-09",
            "price": "27.89",
            "revenue": 3208882
        },
        "2014-10": {
            "month": "2014-10",
            "price": "27.57",
            "revenue": 2813198
        },
        "2014-11": {
            "month": "2014-11",
            "price": "27.97",
            "revenue": 2518976
        },
        "2014-12": {
            "month": "2014-12",
            "price": "28.56",
            "revenue": 3237641
        },
        "2015-01": {
            "month": "2015-01",
            "price": "27.55",
            "revenue": 3344353
        },
        "2015-02": {
            "month": "2015-02",
            "price": "27.33",
            "revenue": 2144613
        },
        "2015-03": {
            "month": "2015-03",
            "price": "27.06",
            "revenue": 3156516
        },
        "2015-04": {
            "month": "2015-04",
            "price": "27.29",
            "revenue": 2840347
        },
        "2015-05": {
            "month": "2015-05",
            "price": "25.88",
            "revenue": 2810111
        },
        "2015-06": {
            "month": "2015-06",
            "price": "24.85",
            "revenue": 2935732
        },
        "2015-07": {
            "month": "2015-07",
            "price": "23.11",
            "revenue": 2957608
        },
        "2015-08": {
            "month": "2015-08",
            "price": "21.04",
            "revenue": 2831705
        },
        "2015-09": {
            "month": "2015-09",
            "price": "22.39",
            "revenue": 3547160
        },
        "2015-10": {
            "month": "2015-10",
            "price": "22.74",
            "revenue": 2475504
        },
        "2015-11": {
            "month": "2015-11",
            "price": "21.86",
            "revenue": 2173686
        },
        "2015-12": {
            "month": "2015-12",
            "price": "22.52",
            "revenue": 2309985
        },
        "2016-01": {
            "month": "2016-01",
            "price": "20.76",
            "revenue": 2636116
        },
        "2016-02": {
            "month": "2016-02",
            "price": "21.28",
            "revenue": 1798367
        },
        "2016-03": {
            "month": "2016-03",
            "price": "21.80",
            "revenue": 2718547
        },
        "2016-04": {
            "month": "2016-04",
            "price": "21.08",
            "revenue": 2649618
        },
        "2016-05": {
            "month": "2016-05",
            "price": "20.67",
            "revenue": 3083356
        },
        "2016-06": {
            "month": "2016-06",
            "price": "21.00",
            "revenue": 3053091
        },
        "2016-07": {
            "month": "2016-07",
            "price": "21.02",
            "revenue": 3220958
        },
        "2016-08": {
            "month": "2016-08",
            "price": "22.34",
            "revenue": 2671079
        },
        "2016-09": {
            "month": "2016-09",
            "price": "21.29",
            "revenue": 2653973
        },
        "2016-10": {
            "month": "2016-10",
            "price": "20.64",
            "revenue": 4424441
        },
        "2016-11": {
            "month": "2016-11",
            "price": "20.21",
            "revenue": 2557874
        },
        "2016-12": {
            "month": "2016-12",
            "price": "20.94",
            "revenue": 4280737
        },
        "2017-01": {
            "month": "2017-01",
            "price": "20.51",
            "revenue": 2522542
        },
        "2017-02": {
            "month": "2017-02",
            "price": "20.77",
            "revenue": 2162310
        },
        "2017-03": {
            "month": "2017-03",
            "price": "21.28",
            "revenue": 3137837
        },
        "2017-04": {
            "month": "2017-04",
            "price": "21.33",
            "revenue": 2677500
        },
        "2017-05": {
            "month": "2017-05",
            "price": "21.40",
            "revenue": 2834479
        },
        "2017-06": {
            "month": "2017-06",
            "price": "21.77",
            "revenue": 2741151
        },
        "2017-07": {
            "month": "2017-07",
            "price": "21.04",
            "revenue": 2916743
        },
        "2017-08": {
            "month": "2017-08",
            "price": "20.62",
            "revenue": 2834265
        },
        "2017-09": {
            "month": "2017-09",
            "price": "21.17",
            "revenue": 2619631
        },
        "2017-10": {
            "month": "2017-10",
            "price": "21.66",
            "revenue": 2283382
        },
        "2017-11": {
            "month": "2017-11",
            "price": "21.72",
            "revenue": 2354469
        },
        "2017-12": {
            "month": "2017-12",
            "price": "21.16",
            "revenue": 2572586
        },
        "2018-01": {
            "month": "2018-01",
            "price": "21.20",
            "revenue": 2910796
        },
        "2018-02": {
            "month": "2018-02",
            "price": "20.84",
            "revenue": 1889746
        },
        "2018-03": {
            "month": "2018-03",
            "price": "21.34",
            "revenue": 2915079
        },
        "2018-04": {
            "month": "2018-04",
            "price": "21.49",
            "revenue": 2570684
        },
        "2018-05": {
            "month": "2018-05",
            "price": "21.06",
            "revenue": 2982409
        },
        "2018-06": {
            "month": "2018-06",
            "price": "21.68",
            "revenue": 2921639
        },
        "2018-07": {
            "month": "2018-07",
            "price": "21.44",
            "revenue": 3119160
        },
        "2018-08": {
            "month": "2018-08",
            "price": "20.89",
            "revenue": 2581999
        },
        "2018-09": {
            "month": "2018-09",
            "price": "20.64",
            "revenue": 2586238
        },
        "2018-10": {
            "month": "2018-10",
            "price": "20.11",
            "revenue": 2285388
        },
        "2018-11": {
            "month": "2018-11",
            "price": "19.69",
            "revenue": 2177325
        },
        "2018-12": {
            "month": "2018-12",
            "price": "20.21",
            "revenue": 2426230
        },
        "2019-01": {
            "month": "2019-01",
            "price": "20.09",
            "revenue": 2935584
        },
        "2019-02": {
            "month": "2019-02",
            "price": "20.00",
            "revenue": 2052791
        },
        "2019-03": {
            "month": "2019-03",
            "price": "20.23",
            "revenue": 2900702
        },
        "2019-04": {
            "month": "2019-04",
            "price": "20.20",
            "revenue": 2923511
        },
        "2019-05": {
            "month": "2019-05",
            "price": "20.86",
            "revenue": 2943286
        },
        "2019-06": {
            "month": "2019-06",
            "price": "21.93",
            "revenue": 2878589
        },
        "2019-07": {
            "month": "2019-07",
            "price": "22.14",
            "revenue": 3330849
        },
        "2019-08": {
            "month": "2019-08",
            "price": "20.59",
            "revenue": 2828684
        },
        "2019-09": {
            "month": "2019-09",
            "price": "20.94",
            "revenue": 2892448
        },
        "2019-10": {
            "month": "2019-10",
            "price": "21.38",
            "revenue": 2600783
        },
        "2019-11": {
            "month": "2019-11",
            "price": "21.61",
            "revenue": 2596943
        },
        "2019-12": {
            "month": "2019-12",
            "price": "21.13",
            "revenue": 2704431
        },
        "2020-01": {
            "month": "2020-01",
            "price": "21.05",
            "revenue": 2727827
        },
        "2020-02": {
            "month": "2020-02",
            "price": "20.65",
            "revenue": 2451941
        },
        "2020-03": {
            "month": "2020-03",
            "price": "19.98",
            "revenue": 3021428
        },
        "2020-04": {
            "month": "2020-04",
            "price": "19.45",
            "revenue": 2745381
        },
        "2020-05": {
            "month": "2020-05",
            "price": "20.07",
            "revenue": 2943570
        },
        "2020-06": {
            "month": "2020-06",
            "price": "21.42",
            "revenue": 3392090
        },
        "2020-07": {
            "month": "2020-07",
            "price": "21.26",
            "revenue": 3894789
        },
        "2020-08": {
            "month": "2020-08",
            "price": "23.12",
            "revenue": 3734142
        },
        "2020-09": {
            "month": "2020-09",
            "price": "23.33",
            "revenue": 3829444
        },
        "2020-10": {
            "month": "2020-10",
            "price": "23.05",
            "revenue": 3799312
        },
        "2020-11": {
            "month": "2020-11",
            "price": "26.50",
            "revenue": 4071832
        },
        "2020-12": {
            "month": "2020-12",
            "price": "34.39",
            "revenue": 4191555
        },
        "2021-01": {
            "month": "2021-01",
            "price": "34.23",
            "revenue": 3722889
        },
        "2021-02": {
            "month": "2021-02",
            "price": "32.12",
            "revenue": 2518091
        },
        "2021-03": {
            "month": "2021-03",
            "price": "31.31",
            "revenue": 3676163
        },
        "2021-04": {
            "month": "2021-04",
            "price": "31.72",
            "revenue": 3712547
        },
        "2021-05": {
            "month": "2021-05",
            "price": "28.41",
            "revenue": 3527776
        },
        "2021-06": {
            "month": "2021-06",
            "price": "29.29",
            "revenue": 2987781
        },
        "2021-07": {
            "month": "2021-07",
            "price": "29.64",
            "revenue": 3757907
        },
        "2021-08": {
            "month": "2021-08",
            "price": "27.31",
            "revenue": 3215574
        },
        "2021-09": {
            "month": "2021-09",
            "price": "27.11",
            "revenue": 3385131
        },
        "2021-10": {
            "month": "2021-10",
            "price": "26.58",
            "revenue": 3253657
        },
        "2021-11": {
            "month": "2021-11",
            "price": "26.70",
            "revenue": 3904346
        },
        "2021-12": {
            "month": "2021-12",
            "price": "26.54",
            "revenue": 3954865
        },
        "2022-01": {
            "month": "2022-01",
            "price": "27.24",
            "revenue": 4156281
        },
        "2022-02": {
            "month": "2022-02",
            "price": "28.05",
            "revenue": 2821140
        },
        "2022-03": {
            "month": "2022-03",
            "price": "28.48",
            "revenue": 4190481
        },
        "2022-04": {
            "month": "2022-04",
            "price": "28.11",
            "revenue": 3984297
        },
        "2022-05": {
            "month": "2022-05",
            "price": "28.71",
            "revenue": 3957401
        },
        "2022-06": {
            "month": "2022-06",
            "price": "33.18",
            "revenue": 4486559
        },
        "2022-07": {
            "month": "2022-07",
            "price": "35.59",
            "revenue": 4853029
        },
        "2022-08": {
            "month": "2022-08",
            "price": "36.65",
            "revenue": 4642552
        },
        "2022-09": {
            "month": "2022-09",
            "price": "38.30",
            "revenue": 5014964
        },
        "2022-10": {
            "month": "2022-10",
            "price": "36.94",
            "revenue": 4450502
        },
        "2022-11": {
            "month": "2022-11",
            "price": "36.75",
            "revenue": 4151708
        },
        "2022-12": {
            "month": "2022-12",
            "price": "35.60",
            "revenue": 4066048
        },
        "2023-01": {
            "month": "2023-01",
            "price": "34.33",
            "revenue": 4501509
        },
        "2023-02": {
            "month": "2023-02",
            "price": "37.41",
            "revenue": 4948095
        },
        "2023-03": {
            "month": "2023-03",
            "price": "39.60",
            "revenue": 5913001
        },
        "2023-04": {
            "month": "2023-04",
            "price": "50.41",
            "revenue": 5653913
        }
    }
}
