{
    "summary": {
        "stock_name": "和泰車",
        "stock_id": "2207",
        "category": "汽車",
        "main_business": "各種車輛、車輛用冷暖氣機及其零件之裝配、買賣、修理、保養<br>進出口業務",
        "website_url": "http://www.hotaimotor.com.tw",
        "ceo": "蘇純興",
        "pe_ratio": -24,
        "report_year_from": 2001,
        "report_year_to": 2023,
        "age": 22,
        "eps_negative_percentage": 4,
        "eps_growth_avg": {
            "last_all": 11.72,
            "last_2y": -21.74,
            "last_4y": -9.75,
            "last_8y": -2.02,
            "last_12y": 6.25,
            "last_16y": 3.5,
            "last_20y": 11.72,
            "at_2006_last_3y": 30.19,
            "at_2007_last_3y": 16.66,
            "at_2008_last_3y": -4.56,
            "at_2009_last_3y": -5.43,
            "at_2010_last_3y": 12.3,
            "at_2011_last_3y": 21.96,
            "at_2012_last_3y": 32.01,
            "at_2013_last_3y": 24.85,
            "at_2014_last_3y": 17.95,
            "at_2015_last_3y": 10.59,
            "at_2016_last_3y": 9.53,
            "at_2017_last_3y": 7.65,
            "at_2018_last_3y": 2.36,
            "at_2019_last_3y": 5.14,
            "at_2020_last_3y": 7.1,
            "at_2021_last_3y": 12.81,
            "at_2022_last_3y": -11.98,
            "at_2023_last_3y": -11.98,
            "at_2006_last_all": 32.72,
            "at_2007_last_all": 26.78,
            "at_2008_last_all": 19.22,
            "at_2009_last_all": 20.61,
            "at_2010_last_all": 23.65,
            "at_2011_last_all": 24.85,
            "at_2012_last_all": 23.87,
            "at_2013_last_all": 22.03,
            "at_2014_last_all": 21.89,
            "at_2015_last_all": 20.77,
            "at_2016_last_all": 20.05,
            "at_2017_last_all": 18.43,
            "at_2018_last_all": 17.3,
            "at_2019_last_all": 17.3,
            "at_2020_last_all": 17.32,
            "at_2021_last_all": 17.31,
            "at_2022_last_all": 11.72,
            "at_2023_last_all": 11.72
        },
        "latest_eps": -33.98,
        "latest_price": 808,
        "latest_roe": -18.4,
        "latest_gross_margin": null,
        "latest_equity": 73882076,
        "latest_revenue": 67970595,
        "latest_gross_profit": null,
        "latest_net_income": 5924901,
        "latest_debt_ratio": 82.68,
        "latest_current_ratio": 96.13,
        "latest_account_receivable_turnover_ratio": 0.28,
        "latest_inventory_turnover_ratio": null,
        "latest_reinvestment_rate": 97.15,
        "latest_research_to_sale_ratio": 0.04
    },
    "eps_dividends": {
        "1992": {
            "cash": 2,
            "stock": 3,
            "eps": 0
        },
        "1993": {
            "cash": 2,
            "stock": 2,
            "eps": 0
        },
        "1994": {
            "cash": 2,
            "stock": 2,
            "eps": 0
        },
        "1995": {
            "cash": 1,
            "stock": 4,
            "eps": 0
        },
        "1996": {
            "cash": 0.4,
            "stock": 2.75,
            "eps": 0
        },
        "1997": {
            "cash": 1.5,
            "stock": 0.5,
            "eps": 0
        },
        "1998": {
            "cash": 0.5,
            "stock": 1.5,
            "eps": 0
        },
        "1999": {
            "cash": 1,
            "stock": 0.5,
            "eps": 0
        },
        "2000": {
            "cash": 1,
            "stock": 0.5,
            "eps": 0
        },
        "2001": {
            "cash": 0,
            "stock": 0,
            "eps": 1.82
        },
        "2002": {
            "cash": 1.5,
            "stock": 0,
            "eps": 2.6
        },
        "2003": {
            "cash": 1.8,
            "stock": 0,
            "eps": 3.93
        },
        "2004": {
            "cash": 2.5,
            "stock": 0,
            "eps": 6.24
        },
        "2005": {
            "cash": 4,
            "stock": 0,
            "eps": 8.35
        },
        "2006": {
            "cash": 5.5,
            "stock": 0,
            "eps": 6.43
        },
        "2007": {
            "cash": 4.2,
            "stock": 0,
            "eps": 6.24
        },
        "2008": {
            "cash": 4.2,
            "stock": 0,
            "eps": 4.61
        },
        "2009": {
            "cash": 2.5,
            "stock": 0,
            "eps": 6.01
        },
        "2010": {
            "cash": 4,
            "stock": 0,
            "eps": 8.89
        },
        "2011": {
            "cash": 14,
            "stock": 0,
            "eps": 12.06
        },
        "2012": {
            "cash": 0,
            "stock": 0,
            "eps": 13.76
        },
        "2013": {
            "cash": 9,
            "stock": 0,
            "eps": 14
        },
        "2014": {
            "cash": 12.6,
            "stock": 0,
            "eps": 16.84
        },
        "2015": {
            "cash": 10.5,
            "stock": 0,
            "eps": 17.89
        },
        "2016": {
            "cash": 12,
            "stock": 0,
            "eps": 19.65
        },
        "2017": {
            "cash": 12,
            "stock": 0,
            "eps": 18.52
        },
        "2018": {
            "cash": 12,
            "stock": 0,
            "eps": 18.36
        },
        "2019": {
            "cash": 12,
            "stock": 0,
            "eps": 21.54
        },
        "2020": {
            "cash": 14,
            "stock": 0,
            "eps": 25.35
        },
        "2021": {
            "cash": 17,
            "stock": 0,
            "eps": 29.68
        },
        "2022": {
            "cash": 20,
            "stock": 0,
            "eps": -35.39
        },
        "2023": {
            "cash": 2,
            "stock": 0.2,
            "eps": 9.27
        }
    },
    "dividends": {
        "1992-05-22": {
            "cash": 2,
            "stock": 3
        },
        "1993-03-26": {
            "cash": 2,
            "stock": 2
        },
        "1994-05-27": {
            "cash": 2,
            "stock": 2
        },
        "1995-06-13": {
            "cash": 1,
            "stock": 4
        },
        "1996-05-10": {
            "cash": 0.4,
            "stock": 2.75
        },
        "1997-05-16": {
            "cash": 1.5,
            "stock": 0.5
        },
        "1998-05-15": {
            "cash": 0.5,
            "stock": 1.5
        },
        "1999-05-19": {
            "cash": 1,
            "stock": 0.5
        },
        "2000-05-24": {
            "cash": 1,
            "stock": 0.5
        },
        "2002-06-20": {
            "cash": 1.5,
            "stock": 0
        },
        "2003-04-25": {
            "cash": 1.8,
            "stock": 0
        },
        "2004-04-28": {
            "cash": 2.5,
            "stock": 0
        },
        "2005-04-26": {
            "cash": 4,
            "stock": 0
        },
        "2006-04-25": {
            "cash": 5.5,
            "stock": 0
        },
        "2007-04-27": {
            "cash": 4.2,
            "stock": 0
        },
        "2008-04-25": {
            "cash": 4.2,
            "stock": 0
        },
        "2009-04-28": {
            "cash": 2.5,
            "stock": 0
        },
        "2010-04-28": {
            "cash": 4,
            "stock": 0
        },
        "2011-01-01": {
            "cash": 8,
            "stock": 0
        },
        "2011-04-27": {
            "cash": 6,
            "stock": 0
        },
        "2013-03-26": {
            "cash": 9,
            "stock": 0
        },
        "2014-08-20": {
            "cash": 12.6,
            "stock": 0
        },
        "2015-08-05": {
            "cash": 10.5,
            "stock": 0
        },
        "2016-08-10": {
            "cash": 12,
            "stock": 0
        },
        "2017-08-10": {
            "cash": 12,
            "stock": 0
        },
        "2018-08-09": {
            "cash": 12,
            "stock": 0
        },
        "2019-08-08": {
            "cash": 12,
            "stock": 0
        },
        "2020-07-30": {
            "cash": 14,
            "stock": 0
        },
        "2021-07-28": {
            "cash": 17,
            "stock": 0
        },
        "2022-07-27": {
            "cash": 20,
            "stock": 0
        },
        "2023-03-14": {
            "cash": 2,
            "stock": 0.2
        }
    },
    "prices": {
        "200101": "20.95",
        "200102": "21.08",
        "200103": "21.18",
        "200104": "20.15",
        "200105": "18.57",
        "200106": "16.61",
        "200107": "14.97",
        "200108": "14.20",
        "200109": "13.59",
        "200110": "13.18",
        "200111": "13.45",
        "200112": "14.65",
        "200201": "15.15",
        "200202": "16.27",
        "200203": "18.25",
        "200204": "20.09",
        "200205": "21.85",
        "200206": "25.03",
        "200207": "30.94",
        "200208": "28.43",
        "200209": "26.28",
        "200210": "26.18",
        "200211": "30.05",
        "200212": "30.23",
        "200301": "30.77",
        "200302": "29.21",
        "200303": "28.75",
        "200304": "28.55",
        "200305": "27.33",
        "200306": "28.66",
        "200307": "28.98",
        "200308": "29.21",
        "200309": "29.46",
        "200310": "34.12",
        "200311": "38.06",
        "200312": "37.98",
        "200401": "39.91",
        "200402": "47.28",
        "200403": "50.54",
        "200404": "50.79",
        "200405": "46.79",
        "200406": "47.63",
        "200407": "48.45",
        "200408": "47.10",
        "200409": "54.43",
        "200410": "57.92",
        "200411": "61.43",
        "200412": "62.63",
        "200501": "62.36",
        "200502": "61.46",
        "200503": "64.73",
        "200504": "69.06",
        "200505": "70.32",
        "200506": "73.35",
        "200507": "74.18",
        "200508": "86.28",
        "200509": "83.51",
        "200510": "85.60",
        "200511": "84.59",
        "200512": "79.69",
        "200601": "80.30",
        "200602": "80.50",
        "200603": "71.83",
        "200604": "68.61",
        "200605": "72.36",
        "200606": "71.64",
        "200607": "66.75",
        "200608": "64.77",
        "200609": "63.36",
        "200610": "65.67",
        "200611": "72.91",
        "200612": "73.33",
        "200701": "75.91",
        "200702": "77.21",
        "200703": "79.05",
        "200704": "80.64",
        "200705": "79.37",
        "200706": "82.42",
        "200707": "87.56",
        "200708": "83.26",
        "200709": "81.88",
        "200710": "82.89",
        "200711": "83.49",
        "200712": "83.80",
        "200801": "87.93",
        "200802": "86.89",
        "200803": "88.66",
        "200804": "95.90",
        "200805": "98.92",
        "200806": "88.97",
        "200807": "83.19",
        "200808": "81.10",
        "200809": "73.62",
        "200810": "58.84",
        "200811": "47.16",
        "200812": "50.86",
        "200901": "50.08",
        "200902": "47.96",
        "200903": "46.20",
        "200904": "55.77",
        "200905": "67.76",
        "200906": "70.67",
        "200907": "74.25",
        "200908": "75.56",
        "200909": "76.07",
        "200910": "77.17",
        "200911": "79.61",
        "200912": "77.16",
        "201001": "74.44",
        "201002": "65.90",
        "201003": "67.86",
        "201004": "76.20",
        "201005": "79.45",
        "201006": "78.83",
        "201007": "80.82",
        "201008": "87.46",
        "201009": "90.89",
        "201010": "89.76",
        "201011": "87.99",
        "201012": "88.77",
        "201101": "88.82",
        "201102": "87.93",
        "201103": "85.55",
        "201104": "86.31",
        "201105": "92.33",
        "201106": "97.32",
        "201107": "116.71",
        "201108": "137.52",
        "201109": "134.02",
        "201110": "120.75",
        "201111": "144.11",
        "201112": "144.95",
        "201201": "144.07",
        "201202": "173.32",
        "201203": "227.00",
        "201204": "198.22",
        "201205": "184.73",
        "201206": "192.67",
        "201207": "194.05",
        "201208": "210.50",
        "201209": "208.78",
        "201210": "209.36",
        "201211": "193.05",
        "201212": "217.83",
        "201301": "233.59",
        "201302": "230.88",
        "201303": "239.19",
        "201304": "248.82",
        "201305": "293.66",
        "201306": "311.05",
        "201307": "366.57",
        "201308": "296.67",
        "201309": "325.18",
        "201310": "343.89",
        "201311": "330.86",
        "201312": "350.59",
        "201401": "374.81",
        "201402": "360.38",
        "201403": "360.71",
        "201404": "366.60",
        "201405": "354.67",
        "201406": "364.68",
        "201407": "388.09",
        "201408": "393.95",
        "201409": "418.86",
        "201410": "412.32",
        "201411": "470.62",
        "201412": "474.04",
        "201501": "451.52",
        "201502": "473.96",
        "201503": "474.64",
        "201504": "482.52",
        "201505": "507.82",
        "201506": "442.38",
        "201507": "416.91",
        "201508": "392.02",
        "201509": "364.78",
        "201510": "382.55",
        "201511": "361.05",
        "201512": "376.72",
        "201601": "340.43",
        "201602": "338.08",
        "201603": "351.57",
        "201604": "332.89",
        "201605": "299.57",
        "201606": "313.45",
        "201607": "323.98",
        "201608": "340.00",
        "201609": "359.82",
        "201610": "367.02",
        "201611": "359.89",
        "201612": "365.18",
        "201701": "363.34",
        "201702": "354.81",
        "201703": "350.37",
        "201704": "350.56",
        "201705": "362.50",
        "201706": "383.02",
        "201707": "372.50",
        "201708": "356.15",
        "201709": "356.30",
        "201710": "354.21",
        "201711": "348.39",
        "201712": "344.02",
        "201801": "365.07",
        "201802": "342.23",
        "201803": "307.65",
        "201804": "294.17",
        "201805": "282.91",
        "201806": "278.18",
        "201807": "265.55",
        "201808": "262.39",
        "201809": "259.00",
        "201810": "228.11",
        "201811": "222.16",
        "201812": "248.86",
        "201901": "268.69",
        "201902": "300.15",
        "201903": "357.48",
        "201904": "410.80",
        "201905": "467.98",
        "201906": "510.97",
        "201907": "480.09",
        "201908": "429.38",
        "201909": "448.63",
        "201910": "495.45",
        "201911": "576.67",
        "201912": "652.09",
        "202001": "668.13",
        "202002": "643.58",
        "202003": "489.89",
        "202004": "501.32",
        "202005": "523.55",
        "202006": "652.35",
        "202007": "721.52",
        "202008": "636.71",
        "202009": "624.45",
        "202010": "638.00",
        "202011": "667.00",
        "202012": "637.61",
        "202101": "624.75",
        "202102": "595.00",
        "202103": "588.41",
        "202104": "592.26",
        "202105": "558.81",
        "202106": "585.05",
        "202107": "600.86",
        "202108": "574.18",
        "202109": "589.60",
        "202110": "596.90",
        "202111": "629.14",
        "202112": "612.77",
        "202201": "614.06",
        "202202": "627.00",
        "202203": "592.09",
        "202204": "582.00",
        "202205": "575.86",
        "202206": "601.19",
        "202207": "601.29",
        "202208": "602.65",
        "202209": "586.90",
        "202210": "569.60",
        "202211": "609.68",
        "202212": "608.64",
        "202301": "623.54",
        "202302": "632.50",
        "202303": "614.70",
        "202304": "649.71",
        "202305": "747.10"
    },
    "quarters": {
        "20011": {
            "year_quarter": 20011,
            "year": 2001,
            "quarter": 1,
            "eps": 0.4,
            "eps_growth_year": -57.45,
            "eps_4q": 1.78,
            "eps_4q_growth_year": -5.95,
            "roe": 1.95,
            "roe_4q": 1.95,
            "gross_profit": 882908,
            "gross_margin": 6.75,
            "gross_margin_4q_avg": 6.75,
            "net_income": 219353,
            "revenue": 13084635,
            "common_shares": 5461792,
            "book_valuer_per_share": 20.82,
            "book_valuer_per_share_4q_avg": 20.82,
            "equity": 11371860,
            "current_ratio": 153.97,
            "debt_ratio": 39.58,
            "inventory_turnover_ratio": 7.14,
            "account_receivable_turnover_ratio": null,
            "reinvestment_rate": null,
            "research_to_sale_ratio": null,
            "price_fair": 0,
            "eps_avg_yearly": 0,
            "eps_latest_yearly": 0,
            "eps_growth_yearly": 0
        },
        "20012": {
            "year_quarter": 20012,
            "year": 2001,
            "quarter": 2,
            "eps": 0.82,
            "eps_growth_year": -18.81,
            "eps_4q": 1.59,
            "eps_4q_growth_year": -31.97,
            "roe": 4.03,
            "roe_4q": 5.98,
            "gross_profit": 915524,
            "gross_margin": 6.79,
            "gross_margin_4q_avg": 6.77,
            "net_income": 450027,
            "revenue": 13490989,
            "common_shares": 5461792,
            "book_valuer_per_share": 20.06,
            "book_valuer_per_share_4q_avg": 20.44,
            "equity": 10958431,
            "current_ratio": 138.55,
            "debt_ratio": 45.13,
            "inventory_turnover_ratio": 6.84,
            "account_receivable_turnover_ratio": null,
            "reinvestment_rate": null,
            "research_to_sale_ratio": null,
            "price_fair": 0,
            "eps_avg_yearly": 0,
            "eps_latest_yearly": 0,
            "eps_growth_yearly": 0
        },
        "20013": {
            "year_quarter": 20013,
            "year": 2001,
            "quarter": 3,
            "eps": 0.2,
            "eps_growth_year": -52.38,
            "eps_4q": 1.37,
            "eps_4q_growth_year": -50.18,
            "roe": 1,
            "roe_4q": 6.98,
            "gross_profit": 772302,
            "gross_margin": 6.96,
            "gross_margin_4q_avg": 6.83,
            "net_income": 110612,
            "revenue": 11096031,
            "common_shares": 5461792,
            "book_valuer_per_share": 20.25,
            "book_valuer_per_share_4q_avg": 20.38,
            "equity": 11062829,
            "current_ratio": 156.82,
            "debt_ratio": 35.97,
            "inventory_turnover_ratio": 5.43,
            "account_receivable_turnover_ratio": null,
            "reinvestment_rate": null,
            "research_to_sale_ratio": null,
            "price_fair": 0,
            "eps_avg_yearly": 0,
            "eps_latest_yearly": 0,
            "eps_growth_yearly": 0
        },
        "20014": {
            "year_quarter": 20014,
            "year": 2001,
            "quarter": 4,
            "eps": 0.4,
            "eps_growth_year": null,
            "eps_4q": 1.82,
            "eps_4q_growth_year": -19.36,
            "roe": 1.96,
            "roe_4q": 8.94,
            "gross_profit": 754687,
            "gross_margin": 7.05,
            "gross_margin_4q_avg": 6.89,
            "net_income": 219462,
            "revenue": 10711751,
            "common_shares": 5461792,
            "book_valuer_per_share": 20.66,
            "book_valuer_per_share_4q_avg": 20.45,
            "equity": 11285707,
            "current_ratio": 117.93,
            "debt_ratio": 56.34,
            "inventory_turnover_ratio": 5.44,
            "account_receivable_turnover_ratio": null,
            "reinvestment_rate": null,
            "research_to_sale_ratio": null,
            "price_fair": 0,
            "eps_avg_yearly": 0,
            "eps_latest_yearly": 0,
            "eps_growth_yearly": 0
        },
        "20021": {
            "year_quarter": 20021,
            "year": 2002,
            "quarter": 1,
            "eps": 0.66,
            "eps_growth_year": 65,
            "eps_4q": 2.08,
            "eps_4q_growth_year": 17.39,
            "roe": 3.15,
            "roe_4q": 10.14,
            "gross_profit": 971543,
            "gross_margin": 7.17,
            "gross_margin_4q_avg": 6.99,
            "net_income": 361627,
            "revenue": 13541422,
            "common_shares": 5461792,
            "book_valuer_per_share": 21.33,
            "book_valuer_per_share_4q_avg": 20.58,
            "equity": 11647334,
            "current_ratio": 150,
            "debt_ratio": 39.98,
            "inventory_turnover_ratio": 8.28,
            "account_receivable_turnover_ratio": null,
            "reinvestment_rate": null,
            "research_to_sale_ratio": null,
            "price_fair": 92.4,
            "eps_avg_yearly": 2.64,
            "eps_latest_yearly": 2.64,
            "eps_growth_yearly": 260
        },
        "20022": {
            "year_quarter": 20022,
            "year": 2002,
            "quarter": 2,
            "eps": 1.08,
            "eps_growth_year": 31.71,
            "eps_4q": 2.35,
            "eps_4q_growth_year": 47.6,
            "roe": 5.11,
            "roe_4q": 11.219999999999999,
            "gross_profit": 1139138,
            "gross_margin": 6.33,
            "gross_margin_4q_avg": 6.88,
            "net_income": 587432,
            "revenue": 17996284,
            "common_shares": 5461792,
            "book_valuer_per_share": 20.79,
            "book_valuer_per_share_4q_avg": 20.76,
            "equity": 11352531,
            "current_ratio": 128.32,
            "debt_ratio": 50.95,
            "inventory_turnover_ratio": 11.21,
            "account_receivable_turnover_ratio": null,
            "reinvestment_rate": null,
            "research_to_sale_ratio": null,
            "price_fair": 121.8,
            "eps_avg_yearly": 3.48,
            "eps_latest_yearly": 4.32,
            "eps_growth_yearly": 257.27
        },
        "20023": {
            "year_quarter": 20023,
            "year": 2002,
            "quarter": 3,
            "eps": 0.54,
            "eps_growth_year": 170,
            "eps_4q": 2.68,
            "eps_4q_growth_year": 96.02,
            "roe": 2.56,
            "roe_4q": 12.780000000000001,
            "gross_profit": 853507,
            "gross_margin": 6.71,
            "gross_margin_4q_avg": 6.82,
            "net_income": 294593,
            "revenue": 12719133,
            "common_shares": 5461792,
            "book_valuer_per_share": 21.34,
            "book_valuer_per_share_4q_avg": 21.03,
            "equity": 11656156,
            "current_ratio": 159.85,
            "debt_ratio": 35.66,
            "inventory_turnover_ratio": 7.68,
            "account_receivable_turnover_ratio": null,
            "reinvestment_rate": null,
            "research_to_sale_ratio": null,
            "price_fair": 106.4,
            "eps_avg_yearly": 3.04,
            "eps_latest_yearly": 2.16,
            "eps_growth_yearly": 104.85
        },
        "20024": {
            "year_quarter": 20024,
            "year": 2002,
            "quarter": 4,
            "eps": 0.32,
            "eps_growth_year": -20,
            "eps_4q": 2.61,
            "eps_4q_growth_year": 43.21,
            "roe": 1.46,
            "roe_4q": 12.28,
            "gross_profit": 944796,
            "gross_margin": 5.88,
            "gross_margin_4q_avg": 6.52,
            "net_income": 173882,
            "revenue": 16065169,
            "common_shares": 5461792,
            "book_valuer_per_share": 21.66,
            "book_valuer_per_share_4q_avg": 21.28,
            "equity": 12211241,
            "current_ratio": 107.53,
            "debt_ratio": 63.14,
            "inventory_turnover_ratio": 11.31,
            "account_receivable_turnover_ratio": null,
            "reinvestment_rate": 68.85,
            "research_to_sale_ratio": null,
            "price_fair": 91,
            "eps_avg_yearly": 2.6,
            "eps_latest_yearly": 1.28,
            "eps_growth_yearly": 37.9
        },
        "20031": {
            "year_quarter": 20031,
            "year": 2003,
            "quarter": 1,
            "eps": 0.72,
            "eps_growth_year": 9.09,
            "eps_4q": 2.65,
            "eps_4q_growth_year": 27.32,
            "roe": 3.22,
            "roe_4q": 12.350000000000001,
            "gross_profit": 767909,
            "gross_margin": 5.8,
            "gross_margin_4q_avg": 6.18,
            "net_income": 393292,
            "revenue": 13250948,
            "common_shares": 5461792,
            "book_valuer_per_share": 22.38,
            "book_valuer_per_share_4q_avg": 21.54,
            "equity": 12223025,
            "current_ratio": 151.46,
            "debt_ratio": 36.03,
            "inventory_turnover_ratio": 10.16,
            "account_receivable_turnover_ratio": null,
            "reinvestment_rate": -19.05,
            "research_to_sale_ratio": null,
            "price_fair": 92.96,
            "eps_avg_yearly": 2.66,
            "eps_latest_yearly": 2.88,
            "eps_growth_yearly": 130.32
        },
        "20032": {
            "year_quarter": 20032,
            "year": 2003,
            "quarter": 2,
            "eps": 1.24,
            "eps_growth_year": 14.81,
            "eps_4q": 2.81,
            "eps_4q_growth_year": 19.7,
            "roe": 5.64,
            "roe_4q": 12.88,
            "gross_profit": 951907,
            "gross_margin": 5.84,
            "gross_margin_4q_avg": 6.06,
            "net_income": 678495,
            "revenue": 16312554,
            "common_shares": 5461792,
            "book_valuer_per_share": 21.67,
            "book_valuer_per_share_4q_avg": 21.76,
            "equity": 11833339,
            "current_ratio": 128.64,
            "debt_ratio": 45.84,
            "inventory_turnover_ratio": 11.67,
            "account_receivable_turnover_ratio": null,
            "reinvestment_rate": -21.5,
            "research_to_sale_ratio": null,
            "price_fair": 106.4,
            "eps_avg_yearly": 3.04,
            "eps_latest_yearly": 4.96,
            "eps_growth_yearly": 156.75
        },
        "20033": {
            "year_quarter": 20033,
            "year": 2003,
            "quarter": 3,
            "eps": 1.25,
            "eps_growth_year": 131.48,
            "eps_4q": 3.52,
            "eps_4q_growth_year": 31.36,
            "roe": 5.63,
            "roe_4q": 15.95,
            "gross_profit": 750670,
            "gross_margin": 5.9,
            "gross_margin_4q_avg": 5.86,
            "net_income": 685057,
            "revenue": 12726948,
            "common_shares": 5461792,
            "book_valuer_per_share": 22.92,
            "book_valuer_per_share_4q_avg": 22.16,
            "equity": 12518396,
            "current_ratio": 159.47,
            "debt_ratio": 33.75,
            "inventory_turnover_ratio": 10.01,
            "account_receivable_turnover_ratio": null,
            "reinvestment_rate": -20.47,
            "research_to_sale_ratio": null,
            "price_fair": 116.2,
            "eps_avg_yearly": 3.32,
            "eps_latest_yearly": 5,
            "eps_growth_yearly": 134.81
        },
        "20034": {
            "year_quarter": 20034,
            "year": 2003,
            "quarter": 4,
            "eps": 0.72,
            "eps_growth_year": 125,
            "eps_4q": 3.93,
            "eps_4q_growth_year": 50.64,
            "roe": 3.04,
            "roe_4q": 17.529999999999998,
            "gross_profit": 905894,
            "gross_margin": 5.93,
            "gross_margin_4q_avg": 5.87,
            "net_income": 394091,
            "revenue": 15286049,
            "common_shares": 5461792,
            "book_valuer_per_share": 23.69,
            "book_valuer_per_share_4q_avg": 22.67,
            "equity": 13414524,
            "current_ratio": 103.57,
            "debt_ratio": 66.12,
            "inventory_turnover_ratio": 7.34,
            "account_receivable_turnover_ratio": null,
            "reinvestment_rate": 68.83,
            "research_to_sale_ratio": null,
            "price_fair": 114.28,
            "eps_avg_yearly": 3.27,
            "eps_latest_yearly": 2.88,
            "eps_growth_yearly": 96.76
        },
        "20041": {
            "year_quarter": 20041,
            "year": 2004,
            "quarter": 1,
            "eps": 1.71,
            "eps_growth_year": 137.5,
            "eps_4q": 4.93,
            "eps_4q_growth_year": 85.99,
            "roe": 6.83,
            "roe_4q": 21.14,
            "gross_profit": 1193425,
            "gross_margin": 5.86,
            "gross_margin_4q_avg": 5.88,
            "net_income": 932118,
            "revenue": 20357921,
            "common_shares": 5461792,
            "book_valuer_per_share": 25.39,
            "book_valuer_per_share_4q_avg": 23.42,
            "equity": 13870112,
            "current_ratio": 150.25,
            "debt_ratio": 40.36,
            "inventory_turnover_ratio": 11.24,
            "account_receivable_turnover_ratio": null,
            "reinvestment_rate": -14.27,
            "research_to_sale_ratio": null,
            "price_fair": 128.18,
            "eps_avg_yearly": 3.66,
            "eps_latest_yearly": 6.84,
            "eps_growth_yearly": 147.12
        },
        "20042": {
            "year_quarter": 20042,
            "year": 2004,
            "quarter": 2,
            "eps": 1.82,
            "eps_growth_year": 46.77,
            "eps_4q": 5.51,
            "eps_4q_growth_year": 95.6,
            "roe": 7.28,
            "roe_4q": 22.779999999999998,
            "gross_profit": 1267841,
            "gross_margin": 6.1,
            "gross_margin_4q_avg": 5.95,
            "net_income": 993066,
            "revenue": 20787143,
            "common_shares": 5461792,
            "book_valuer_per_share": 24.57,
            "book_valuer_per_share_4q_avg": 24.14,
            "equity": 13420296,
            "current_ratio": 126.75,
            "debt_ratio": 50.45,
            "inventory_turnover_ratio": 22.12,
            "account_receivable_turnover_ratio": null,
            "reinvestment_rate": -13.48,
            "research_to_sale_ratio": null,
            "price_fair": 140.84,
            "eps_avg_yearly": 4.02,
            "eps_latest_yearly": 7.28,
            "eps_growth_yearly": 134.98
        },
        "20043": {
            "year_quarter": 20043,
            "year": 2004,
            "quarter": 3,
            "eps": 1.64,
            "eps_growth_year": 31.2,
            "eps_4q": 5.9,
            "eps_4q_growth_year": 67.34,
            "roe": 6.45,
            "roe_4q": 23.6,
            "gross_profit": 959896,
            "gross_margin": 5.84,
            "gross_margin_4q_avg": 5.93,
            "net_income": 893844,
            "revenue": 16423554,
            "common_shares": 5461792,
            "book_valuer_per_share": 26.21,
            "book_valuer_per_share_4q_avg": 24.97,
            "equity": 14314140,
            "current_ratio": 148.79,
            "debt_ratio": 40.59,
            "inventory_turnover_ratio": 14.33,
            "account_receivable_turnover_ratio": null,
            "reinvestment_rate": -12.52,
            "research_to_sale_ratio": null,
            "price_fair": 148.91,
            "eps_avg_yearly": 4.25,
            "eps_latest_yearly": 6.56,
            "eps_growth_yearly": 119.12
        },
        "20044": {
            "year_quarter": 20044,
            "year": 2004,
            "quarter": 4,
            "eps": 1.07,
            "eps_growth_year": 48.61,
            "eps_4q": 6.24,
            "eps_4q_growth_year": 58.89,
            "roe": 3.84,
            "roe_4q": 24.4,
            "gross_profit": 1181991,
            "gross_margin": 6.3,
            "gross_margin_4q_avg": 6.03,
            "net_income": 582999,
            "revenue": 18749657,
            "common_shares": 5461792,
            "book_valuer_per_share": 28.03,
            "book_valuer_per_share_4q_avg": 26.05,
            "equity": 16020771,
            "current_ratio": 122.3,
            "debt_ratio": 62.74,
            "inventory_turnover_ratio": 17.47,
            "account_receivable_turnover_ratio": null,
            "reinvestment_rate": 77.52,
            "research_to_sale_ratio": null,
            "price_fair": 148.98,
            "eps_avg_yearly": 4.26,
            "eps_latest_yearly": 4.28,
            "eps_growth_yearly": 97.6
        },
        "20051": {
            "year_quarter": 20051,
            "year": 2005,
            "quarter": 1,
            "eps": 2.45,
            "eps_growth_year": 43.27,
            "eps_4q": 6.98,
            "eps_4q_growth_year": 41.4,
            "roe": 8.18,
            "roe_4q": 25.75,
            "gross_profit": 1704375,
            "gross_margin": 6.54,
            "gross_margin_4q_avg": 6.2,
            "net_income": 1336687,
            "revenue": 26062105,
            "common_shares": 5461792,
            "book_valuer_per_share": 30.48,
            "book_valuer_per_share_4q_avg": 27.32,
            "equity": 16645848,
            "current_ratio": 159.42,
            "debt_ratio": 38.62,
            "inventory_turnover_ratio": 22.4,
            "account_receivable_turnover_ratio": null,
            "reinvestment_rate": -11.11,
            "research_to_sale_ratio": null,
            "price_fair": 163.91,
            "eps_avg_yearly": 4.68,
            "eps_latest_yearly": 9.8,
            "eps_growth_yearly": 129.78
        },
        "20052": {
            "year_quarter": 20052,
            "year": 2005,
            "quarter": 2,
            "eps": 2.28,
            "eps_growth_year": 25.27,
            "eps_4q": 7.42,
            "eps_4q_growth_year": 34.81,
            "roe": 7.74,
            "roe_4q": 26.209999999999997,
            "gross_profit": 1425993,
            "gross_margin": 6.1,
            "gross_margin_4q_avg": 6.2,
            "net_income": 1247423,
            "revenue": 23373753,
            "common_shares": 5461792,
            "book_valuer_per_share": 28.53,
            "book_valuer_per_share_4q_avg": 28.31,
            "equity": 15584938,
            "current_ratio": 134.93,
            "debt_ratio": 45.83,
            "inventory_turnover_ratio": 22.79,
            "account_receivable_turnover_ratio": null,
            "reinvestment_rate": -14.5,
            "research_to_sale_ratio": null,
            "price_fair": 175,
            "eps_avg_yearly": 5,
            "eps_latest_yearly": 9.12,
            "eps_growth_yearly": 118.53
        },
        "20053": {
            "year_quarter": 20053,
            "year": 2005,
            "quarter": 3,
            "eps": 2.62,
            "eps_growth_year": 59.76,
            "eps_4q": 8.41,
            "eps_4q_growth_year": 42.65,
            "roe": 8.79,
            "roe_4q": 28.55,
            "gross_profit": 1095909,
            "gross_margin": 6.09,
            "gross_margin_4q_avg": 6.26,
            "net_income": 1433202,
            "revenue": 17986585,
            "common_shares": 5461792,
            "book_valuer_per_share": 31.16,
            "book_valuer_per_share_4q_avg": 29.55,
            "equity": 17018140,
            "current_ratio": 195.62,
            "debt_ratio": 27.58,
            "inventory_turnover_ratio": 22.37,
            "account_receivable_turnover_ratio": null,
            "reinvestment_rate": -12.66,
            "research_to_sale_ratio": null,
            "price_fair": 187.79,
            "eps_avg_yearly": 5.37,
            "eps_latest_yearly": 10.48,
            "eps_growth_yearly": 114.6
        },
        "20054": {
            "year_quarter": 20054,
            "year": 2005,
            "quarter": 4,
            "eps": 1,
            "eps_growth_year": -6.54,
            "eps_4q": 8.36,
            "eps_4q_growth_year": 33.84,
            "roe": 2.98,
            "roe_4q": 27.689999999999998,
            "gross_profit": 1070893,
            "gross_margin": 5.37,
            "gross_margin_4q_avg": 6.03,
            "net_income": 546072,
            "revenue": 19956386,
            "common_shares": 5461792,
            "book_valuer_per_share": 32.22,
            "book_valuer_per_share_4q_avg": 30.6,
            "equity": 19582110,
            "current_ratio": 120,
            "debt_ratio": 66.94,
            "inventory_turnover_ratio": 11.27,
            "account_receivable_turnover_ratio": null,
            "reinvestment_rate": 75.11,
            "research_to_sale_ratio": null,
            "price_fair": 184.8,
            "eps_avg_yearly": 5.28,
            "eps_latest_yearly": 4,
            "eps_growth_yearly": 91.98
        },
        "20061": {
            "year_quarter": 20061,
            "year": 2006,
            "quarter": 1,
            "eps": 2.12,
            "eps_growth_year": -13.47,
            "eps_4q": 8.02,
            "eps_4q_growth_year": 14.89,
            "roe": 6.01,
            "roe_4q": 25.520000000000003,
            "gross_profit": 1681574,
            "gross_margin": 7.49,
            "gross_margin_4q_avg": 6.26,
            "net_income": 1160254,
            "revenue": 22437899,
            "common_shares": 5461792,
            "book_valuer_per_share": 34.79,
            "book_valuer_per_share_4q_avg": 31.68,
            "equity": 19002848,
            "current_ratio": 181.2,
            "debt_ratio": 31.8,
            "inventory_turnover_ratio": 9.87,
            "account_receivable_turnover_ratio": null,
            "reinvestment_rate": -11.47,
            "research_to_sale_ratio": null,
            "price_fair": 197.58,
            "eps_avg_yearly": 5.65,
            "eps_latest_yearly": 8.48,
            "eps_growth_yearly": 103.73
        },
        "20062": {
            "year_quarter": 20062,
            "year": 2006,
            "quarter": 2,
            "eps": 1.3,
            "eps_growth_year": -42.98,
            "eps_4q": 7.04,
            "eps_4q_growth_year": -5.17,
            "roe": 4,
            "roe_4q": 21.78,
            "gross_profit": 1252894,
            "gross_margin": 6.53,
            "gross_margin_4q_avg": 6.37,
            "net_income": 711243,
            "revenue": 19181131,
            "common_shares": 5461792,
            "book_valuer_per_share": 30.34,
            "book_valuer_per_share_4q_avg": 32.13,
            "equity": 16573617,
            "current_ratio": 152.14,
            "debt_ratio": 32.96,
            "inventory_turnover_ratio": 13.51,
            "account_receivable_turnover_ratio": null,
            "reinvestment_rate": -11.15,
            "research_to_sale_ratio": null,
            "price_fair": 199.5,
            "eps_avg_yearly": 5.7,
            "eps_latest_yearly": 5.2,
            "eps_growth_yearly": 78.15
        },
        "20063": {
            "year_quarter": 20063,
            "year": 2006,
            "quarter": 3,
            "eps": 2.08,
            "eps_growth_year": -20.61,
            "eps_4q": 6.51,
            "eps_4q_growth_year": -22.57,
            "roe": 6.62,
            "roe_4q": 19.610000000000003,
            "gross_profit": 906530,
            "gross_margin": 7.97,
            "gross_margin_4q_avg": 6.84,
            "net_income": 1134748,
            "revenue": 11371222,
            "common_shares": 5461792,
            "book_valuer_per_share": 32.44,
            "book_valuer_per_share_4q_avg": 32.45,
            "equity": 17715639,
            "current_ratio": 229.46,
            "debt_ratio": 19.56,
            "inventory_turnover_ratio": 8.26,
            "account_receivable_turnover_ratio": null,
            "reinvestment_rate": -10.56,
            "research_to_sale_ratio": null,
            "price_fair": 212.98,
            "eps_avg_yearly": 6.09,
            "eps_latest_yearly": 8.32,
            "eps_growth_yearly": 105.65
        },
        "20064": {
            "year_quarter": 20064,
            "year": 2006,
            "quarter": 4,
            "eps": 0.93,
            "eps_growth_year": -7,
            "eps_4q": 6.41,
            "eps_4q_growth_year": -23.24,
            "roe": 2.66,
            "roe_4q": 19.29,
            "gross_profit": 883074,
            "gross_margin": 6.82,
            "gross_margin_4q_avg": 7.2,
            "net_income": 509755,
            "revenue": 12955403,
            "common_shares": 5461792,
            "book_valuer_per_share": 33.4,
            "book_valuer_per_share_4q_avg": 32.74,
            "equity": 20581408,
            "current_ratio": 117.05,
            "debt_ratio": 67.08,
            "inventory_turnover_ratio": 4.41,
            "account_receivable_turnover_ratio": null,
            "reinvestment_rate": 64.38,
            "research_to_sale_ratio": null,
            "price_fair": 218.31,
            "eps_avg_yearly": 6.24,
            "eps_latest_yearly": 3.72,
            "eps_growth_yearly": 102.02
        },
        "20071": {
            "year_quarter": 20071,
            "year": 2007,
            "quarter": 1,
            "eps": 2.02,
            "eps_growth_year": -4.72,
            "eps_4q": 6.33,
            "eps_4q_growth_year": -21.04,
            "roe": 5.53,
            "roe_4q": 18.810000000000002,
            "gross_profit": 1520792,
            "gross_margin": 7.85,
            "gross_margin_4q_avg": 7.29,
            "net_income": 1104375,
            "revenue": 19370157,
            "common_shares": 5461792,
            "book_valuer_per_share": 35.38,
            "book_valuer_per_share_4q_avg": 32.89,
            "equity": 19325690,
            "current_ratio": 241.73,
            "debt_ratio": 19.4,
            "inventory_turnover_ratio": 6.56,
            "account_receivable_turnover_ratio": null,
            "reinvestment_rate": -4.05,
            "research_to_sale_ratio": null,
            "price_fair": 229.69,
            "eps_avg_yearly": 6.56,
            "eps_latest_yearly": 8.08,
            "eps_growth_yearly": 100.07
        },
        "20072": {
            "year_quarter": 20072,
            "year": 2007,
            "quarter": 2,
            "eps": 1.67,
            "eps_growth_year": 28.46,
            "eps_4q": 6.71,
            "eps_4q_growth_year": -4.6,
            "roe": 4.9,
            "roe_4q": 19.71,
            "gross_profit": 1328360,
            "gross_margin": 6.85,
            "gross_margin_4q_avg": 7.37,
            "net_income": 909973,
            "revenue": 19401450,
            "common_shares": 5461792,
            "book_valuer_per_share": 32.67,
            "book_valuer_per_share_4q_avg": 33.47,
            "equity": 17841621,
            "current_ratio": 158.73,
            "debt_ratio": 29.43,
            "inventory_turnover_ratio": 13.36,
            "account_receivable_turnover_ratio": null,
            "reinvestment_rate": -3.41,
            "research_to_sale_ratio": null,
            "price_fair": 233.45,
            "eps_avg_yearly": 6.67,
            "eps_latest_yearly": 6.68,
            "eps_growth_yearly": 77.68
        },
        "20073": {
            "year_quarter": 20073,
            "year": 2007,
            "quarter": 3,
            "eps": 1.6,
            "eps_growth_year": -23.08,
            "eps_4q": 6.23,
            "eps_4q_growth_year": -4.3,
            "roe": 4.77,
            "roe_4q": 17.86,
            "gross_profit": 1068176,
            "gross_margin": 6.55,
            "gross_margin_4q_avg": 7.02,
            "net_income": 871997,
            "revenue": 16314495,
            "common_shares": 5461792,
            "book_valuer_per_share": 34.21,
            "book_valuer_per_share_4q_avg": 33.92,
            "equity": 18687198,
            "current_ratio": 304.01,
            "debt_ratio": 13.21,
            "inventory_turnover_ratio": 13.36,
            "account_receivable_turnover_ratio": null,
            "reinvestment_rate": -2.68,
            "research_to_sale_ratio": null,
            "price_fair": 236.51,
            "eps_avg_yearly": 6.76,
            "eps_latest_yearly": 6.4,
            "eps_growth_yearly": 76.43
        },
        "20074": {
            "year_quarter": 20074,
            "year": 2007,
            "quarter": 4,
            "eps": 0.95,
            "eps_growth_year": 2.15,
            "eps_4q": 6.24,
            "eps_4q_growth_year": -2.73,
            "roe": 2.55,
            "roe_4q": 17.75,
            "gross_profit": 1135275,
            "gross_margin": 7.1,
            "gross_margin_4q_avg": 7.09,
            "net_income": 518393,
            "revenue": 15980150,
            "common_shares": 5461792,
            "book_valuer_per_share": 35.22,
            "book_valuer_per_share_4q_avg": 34.37,
            "equity": 21923693,
            "current_ratio": 114.93,
            "debt_ratio": 68.93,
            "inventory_turnover_ratio": 5.77,
            "account_receivable_turnover_ratio": null,
            "reinvestment_rate": 67.85,
            "research_to_sale_ratio": null,
            "price_fair": 238.53,
            "eps_avg_yearly": 6.82,
            "eps_latest_yearly": 3.8,
            "eps_growth_yearly": 76.87
        },
        "20081": {
            "year_quarter": 20081,
            "year": 2008,
            "quarter": 1,
            "eps": 1.92,
            "eps_growth_year": -4.95,
            "eps_4q": 5.52,
            "eps_4q_growth_year": -12.74,
            "roe": 5.17,
            "roe_4q": 17.39,
            "gross_profit": 2825323,
            "gross_margin": 10.27,
            "gross_margin_4q_avg": 7.69,
            "net_income": 1164903,
            "revenue": 27504122,
            "common_shares": 5461792,
            "book_valuer_per_share": 37.23,
            "book_valuer_per_share_4q_avg": 34.83,
            "equity": 23130840,
            "current_ratio": 117.13,
            "debt_ratio": 68.38,
            "inventory_turnover_ratio": 5.77,
            "account_receivable_turnover_ratio": null,
            "reinvestment_rate": 105.75,
            "research_to_sale_ratio": null,
            "price_fair": 240.36,
            "eps_avg_yearly": 6.87,
            "eps_latest_yearly": 7.68,
            "eps_growth_yearly": 68.02
        },
        "20082": {
            "year_quarter": 20082,
            "year": 2008,
            "quarter": 2,
            "eps": 1.25,
            "eps_growth_year": -25.15,
            "eps_4q": 4.76,
            "eps_4q_growth_year": -29.12,
            "roe": 3.68,
            "roe_4q": 16.169999999999998,
            "gross_profit": 2365512,
            "gross_margin": 10.84,
            "gross_margin_4q_avg": 8.69,
            "net_income": 819977,
            "revenue": 21820883,
            "common_shares": 5461792,
            "book_valuer_per_share": 34.03,
            "book_valuer_per_share_4q_avg": 35.17,
            "equity": 21398441,
            "current_ratio": 105.27,
            "debt_ratio": 71.34,
            "inventory_turnover_ratio": 3.99,
            "account_receivable_turnover_ratio": null,
            "reinvestment_rate": 107.3,
            "research_to_sale_ratio": null,
            "price_fair": 235.38,
            "eps_avg_yearly": 6.73,
            "eps_latest_yearly": 5,
            "eps_growth_yearly": 57.69
        },
        "20083": {
            "year_quarter": 20083,
            "year": 2008,
            "quarter": 3,
            "eps": 0.88,
            "eps_growth_year": -45,
            "eps_4q": 4.14,
            "eps_4q_growth_year": -33.51,
            "roe": 2.68,
            "roe_4q": 14.080000000000002,
            "gross_profit": 2210549,
            "gross_margin": 13.24,
            "gross_margin_4q_avg": 10.36,
            "net_income": 579578,
            "revenue": 16700555,
            "common_shares": 5461792,
            "book_valuer_per_share": 34.78,
            "book_valuer_per_share_4q_avg": 35.32,
            "equity": 21918051,
            "current_ratio": 108.37,
            "debt_ratio": 68.35,
            "inventory_turnover_ratio": 2.95,
            "account_receivable_turnover_ratio": null,
            "reinvestment_rate": 111.99,
            "research_to_sale_ratio": null,
            "price_fair": 228.73,
            "eps_avg_yearly": 6.54,
            "eps_latest_yearly": 3.52,
            "eps_growth_yearly": 52.76
        },
        "20084": {
            "year_quarter": 20084,
            "year": 2008,
            "quarter": 4,
            "eps": 0.56,
            "eps_growth_year": -41.05,
            "eps_4q": 4.77,
            "eps_4q_growth_year": -23.58,
            "roe": 1.35,
            "roe_4q": 12.88,
            "gross_profit": 1820141,
            "gross_margin": 11.79,
            "gross_margin_4q_avg": 11.54,
            "net_income": 295370,
            "revenue": 15443395,
            "common_shares": 5461792,
            "book_valuer_per_share": 35.25,
            "book_valuer_per_share_4q_avg": 35.32,
            "equity": 21792956,
            "current_ratio": 108.19,
            "debt_ratio": 68.46,
            "inventory_turnover_ratio": 2.7,
            "account_receivable_turnover_ratio": 41.18,
            "reinvestment_rate": 56.65,
            "research_to_sale_ratio": null,
            "price_fair": 224.26,
            "eps_avg_yearly": 6.41,
            "eps_latest_yearly": 2.24,
            "eps_growth_yearly": 52.36
        },
        "20091": {
            "year_quarter": 20091,
            "year": 2009,
            "quarter": 1,
            "eps": 1.52,
            "eps_growth_year": -20.83,
            "eps_4q": 3.92,
            "eps_4q_growth_year": -29.01,
            "roe": 3.99,
            "roe_4q": 11.7,
            "gross_profit": 2256875,
            "gross_margin": 11.09,
            "gross_margin_4q_avg": 11.74,
            "net_income": 888781,
            "revenue": 20359237,
            "common_shares": 5461792,
            "book_valuer_per_share": 36.91,
            "book_valuer_per_share_4q_avg": 35.24,
            "equity": 22791745,
            "current_ratio": 109.21,
            "debt_ratio": 65.8,
            "inventory_turnover_ratio": 3.72,
            "account_receivable_turnover_ratio": 1.52,
            "reinvestment_rate": 114.49,
            "research_to_sale_ratio": null,
            "price_fair": 216.13,
            "eps_avg_yearly": 6.18,
            "eps_latest_yearly": 6.08,
            "eps_growth_yearly": 62.98
        },
        "20092": {
            "year_quarter": 20092,
            "year": 2009,
            "quarter": 2,
            "eps": 1.49,
            "eps_growth_year": 19.2,
            "eps_4q": 4.02,
            "eps_4q_growth_year": -15.57,
            "roe": 3.99,
            "roe_4q": 12.01,
            "gross_profit": 2628085,
            "gross_margin": 10.99,
            "gross_margin_4q_avg": 11.78,
            "net_income": 898139,
            "revenue": 23916091,
            "common_shares": 5461792,
            "book_valuer_per_share": 35.87,
            "book_valuer_per_share_4q_avg": 35.7,
            "equity": 22272953,
            "current_ratio": 107.25,
            "debt_ratio": 67.98,
            "inventory_turnover_ratio": 5.15,
            "account_receivable_turnover_ratio": 0.88,
            "reinvestment_rate": 120.91,
            "research_to_sale_ratio": null,
            "price_fair": 209.21,
            "eps_avg_yearly": 5.98,
            "eps_latest_yearly": 5.96,
            "eps_growth_yearly": 64.22
        },
        "20093": {
            "year_quarter": 20093,
            "year": 2009,
            "quarter": 3,
            "eps": 1.59,
            "eps_growth_year": 80.68,
            "eps_4q": 4.76,
            "eps_4q_growth_year": 14.88,
            "roe": 4.13,
            "roe_4q": 13.46,
            "gross_profit": 2801398,
            "gross_margin": 11.3,
            "gross_margin_4q_avg": 11.29,
            "net_income": 939327,
            "revenue": 24791442,
            "common_shares": 5461792,
            "book_valuer_per_share": 37.56,
            "book_valuer_per_share_4q_avg": 36.4,
            "equity": 23203627,
            "current_ratio": 110.02,
            "debt_ratio": 65.67,
            "inventory_turnover_ratio": 5.28,
            "account_receivable_turnover_ratio": 0.89,
            "reinvestment_rate": 128.43,
            "research_to_sale_ratio": null,
            "price_fair": 200.2,
            "eps_avg_yearly": 5.72,
            "eps_latest_yearly": 6.36,
            "eps_growth_yearly": 62.17
        },
        "20094": {
            "year_quarter": 20094,
            "year": 2009,
            "quarter": 4,
            "eps": 1.41,
            "eps_growth_year": 151.79,
            "eps_4q": 6,
            "eps_4q_growth_year": 25.88,
            "roe": 3.67,
            "roe_4q": 15.78,
            "gross_profit": 2903975,
            "gross_margin": 8.91,
            "gross_margin_4q_avg": 10.57,
            "net_income": 866284,
            "revenue": 32592446,
            "common_shares": 5461792,
            "book_valuer_per_share": 38.87,
            "book_valuer_per_share_4q_avg": 37.3,
            "equity": 24013124,
            "current_ratio": 110.09,
            "debt_ratio": 66.15,
            "inventory_turnover_ratio": 7.67,
            "account_receivable_turnover_ratio": 2.21,
            "reinvestment_rate": 87.78,
            "research_to_sale_ratio": null,
            "price_fair": 203.79,
            "eps_avg_yearly": 5.82,
            "eps_latest_yearly": 5.64,
            "eps_growth_yearly": 74.8
        },
        "20101": {
            "year_quarter": 20101,
            "year": 2010,
            "quarter": 1,
            "eps": 3.3,
            "eps_growth_year": 117.11,
            "eps_4q": 7.78,
            "eps_4q_growth_year": 98.48,
            "roe": 7.7,
            "roe_4q": 19.490000000000002,
            "gross_profit": 3293719,
            "gross_margin": 10.88,
            "gross_margin_4q_avg": 10.52,
            "net_income": 1922055,
            "revenue": 30265920,
            "common_shares": 5461792,
            "book_valuer_per_share": 42.13,
            "book_valuer_per_share_4q_avg": 38.61,
            "equity": 25942527,
            "current_ratio": 115.57,
            "debt_ratio": 64.84,
            "inventory_turnover_ratio": 5.75,
            "account_receivable_turnover_ratio": 1.03,
            "reinvestment_rate": 173.49,
            "research_to_sale_ratio": null,
            "price_fair": 214.11,
            "eps_avg_yearly": 6.12,
            "eps_latest_yearly": 13.2,
            "eps_growth_yearly": 80.31
        },
        "20102": {
            "year_quarter": 20102,
            "year": 2010,
            "quarter": 2,
            "eps": 2.66,
            "eps_growth_year": 78.72,
            "eps_4q": 8.96,
            "eps_4q_growth_year": 122.95,
            "roe": 6.28,
            "roe_4q": 21.779999999999998,
            "gross_profit": 3287257,
            "gross_margin": 10.8,
            "gross_margin_4q_avg": 10.47,
            "net_income": 1608918,
            "revenue": 30441667,
            "common_shares": 5461792,
            "book_valuer_per_share": 40.83,
            "book_valuer_per_share_4q_avg": 39.85,
            "equity": 25257313,
            "current_ratio": 110.96,
            "debt_ratio": 68.27,
            "inventory_turnover_ratio": 4.87,
            "account_receivable_turnover_ratio": 0.97,
            "reinvestment_rate": 171.38,
            "research_to_sale_ratio": null,
            "price_fair": 226.01,
            "eps_avg_yearly": 6.46,
            "eps_latest_yearly": 10.64,
            "eps_growth_yearly": 85.13
        },
        "20103": {
            "year_quarter": 20103,
            "year": 2010,
            "quarter": 3,
            "eps": 1.41,
            "eps_growth_year": -11.49,
            "eps_4q": 8.78,
            "eps_4q_growth_year": 84.41,
            "roe": 3.65,
            "roe_4q": 21.299999999999997,
            "gross_profit": 2885759,
            "gross_margin": 12.53,
            "gross_margin_4q_avg": 10.78,
            "net_income": 939010,
            "revenue": 23031825,
            "common_shares": 5461792,
            "book_valuer_per_share": 42.36,
            "book_valuer_per_share_4q_avg": 41.05,
            "equity": 26219635,
            "current_ratio": 112.71,
            "debt_ratio": 68.04,
            "inventory_turnover_ratio": 4.03,
            "account_receivable_turnover_ratio": 0.66,
            "reinvestment_rate": 178.52,
            "research_to_sale_ratio": null,
            "price_fair": 220.15,
            "eps_avg_yearly": 6.29,
            "eps_latest_yearly": 5.64,
            "eps_growth_yearly": 58.38
        },
        "20104": {
            "year_quarter": 20104,
            "year": 2010,
            "quarter": 4,
            "eps": 1.52,
            "eps_growth_year": 7.97,
            "eps_4q": 8.89,
            "eps_4q_growth_year": 48.08,
            "roe": 3.75,
            "roe_4q": 21.38,
            "gross_profit": 2894298,
            "gross_margin": 10.66,
            "gross_margin_4q_avg": 11.22,
            "net_income": 999202,
            "revenue": 27144101,
            "common_shares": 5461792,
            "book_valuer_per_share": 43.51,
            "book_valuer_per_share_4q_avg": 42.21,
            "equity": 27032763,
            "current_ratio": 113.31,
            "debt_ratio": 68.37,
            "inventory_turnover_ratio": 4.33,
            "account_receivable_turnover_ratio": 0.75,
            "reinvestment_rate": 84.75,
            "research_to_sale_ratio": null,
            "price_fair": 225.31,
            "eps_avg_yearly": 6.44,
            "eps_latest_yearly": 6.08,
            "eps_growth_yearly": 74.15
        },
        "20111": {
            "year_quarter": 20111,
            "year": 2011,
            "quarter": 1,
            "eps": 4.22,
            "eps_growth_year": 27.88,
            "eps_4q": 9.82,
            "eps_4q_growth_year": 26.14,
            "roe": 8.84,
            "roe_4q": 22.52,
            "gross_profit": 4243342,
            "gross_margin": 11.34,
            "gross_margin_4q_avg": 11.33,
            "net_income": 2499023,
            "revenue": 37432054,
            "common_shares": 5461792,
            "book_valuer_per_share": 47.74,
            "book_valuer_per_share_4q_avg": 43.61,
            "equity": 29535485,
            "current_ratio": 116.52,
            "debt_ratio": 67.45,
            "inventory_turnover_ratio": 5.75,
            "account_receivable_turnover_ratio": 0.98,
            "reinvestment_rate": 172.22,
            "research_to_sale_ratio": null,
            "price_fair": 244.56,
            "eps_avg_yearly": 6.99,
            "eps_latest_yearly": 16.88,
            "eps_growth_yearly": 89.26
        },
        "20112": {
            "year_quarter": 20112,
            "year": 2011,
            "quarter": 2,
            "eps": 2.29,
            "eps_growth_year": -13.86,
            "eps_4q": 9.45,
            "eps_4q_growth_year": 5.43,
            "roe": 5.38,
            "roe_4q": 21.619999999999997,
            "gross_profit": 3382792,
            "gross_margin": 15.24,
            "gross_margin_4q_avg": 12.44,
            "net_income": 1538053,
            "revenue": 22199832,
            "common_shares": 5461792,
            "book_valuer_per_share": 44.09,
            "book_valuer_per_share_4q_avg": 44.43,
            "equity": 27653113,
            "current_ratio": 111.65,
            "debt_ratio": 69.57,
            "inventory_turnover_ratio": 4.27,
            "account_receivable_turnover_ratio": 0.56,
            "reinvestment_rate": 175.09,
            "research_to_sale_ratio": null,
            "price_fair": 249.99,
            "eps_avg_yearly": 7.14,
            "eps_latest_yearly": 9.16,
            "eps_growth_yearly": 82.16
        },
        "20113": {
            "year_quarter": 20113,
            "year": 2011,
            "quarter": 3,
            "eps": 3.46,
            "eps_growth_year": 145.53,
            "eps_4q": 11.49,
            "eps_4q_growth_year": 30.95,
            "roe": 7.25,
            "roe_4q": 25.22,
            "gross_profit": 4137794,
            "gross_margin": 12.95,
            "gross_margin_4q_avg": 12.55,
            "net_income": 2085444,
            "revenue": 31948216,
            "common_shares": 5461792,
            "book_valuer_per_share": 47.84,
            "book_valuer_per_share_4q_avg": 45.8,
            "equity": 29905694,
            "current_ratio": 116.32,
            "debt_ratio": 69.02,
            "inventory_turnover_ratio": 5.92,
            "account_receivable_turnover_ratio": 0.78,
            "reinvestment_rate": 166.37,
            "research_to_sale_ratio": null,
            "price_fair": 266.26,
            "eps_avg_yearly": 7.61,
            "eps_latest_yearly": 13.84,
            "eps_growth_yearly": 95.98
        },
        "20114": {
            "year_quarter": 20114,
            "year": 2011,
            "quarter": 4,
            "eps": 2.09,
            "eps_growth_year": 37.04,
            "eps_4q": 12.06,
            "eps_4q_growth_year": 35.67,
            "roe": 4.37,
            "roe_4q": 25.84,
            "gross_profit": 3148100,
            "gross_margin": 8.85,
            "gross_margin_4q_avg": 12.1,
            "net_income": 1338167,
            "revenue": 35586144,
            "common_shares": 5461792,
            "book_valuer_per_share": 49.95,
            "book_valuer_per_share_4q_avg": 47.41,
            "equity": 31286813,
            "current_ratio": 116.66,
            "debt_ratio": 69.08,
            "inventory_turnover_ratio": 5.43,
            "account_receivable_turnover_ratio": 0.81,
            "reinvestment_rate": 76.32,
            "research_to_sale_ratio": null,
            "price_fair": 276.24,
            "eps_avg_yearly": 7.89,
            "eps_latest_yearly": 8.36,
            "eps_growth_yearly": 96.24
        },
        "20121": {
            "year_quarter": 20121,
            "year": 2012,
            "quarter": 1,
            "eps": 3.72,
            "eps_growth_year": -11.85,
            "eps_4q": 11.55,
            "eps_4q_growth_year": 17.72,
            "roe": 6.89,
            "roe_4q": 23.889999999999997,
            "gross_profit": 4216234,
            "gross_margin": 11.98,
            "gross_margin_4q_avg": 12.26,
            "net_income": 2225375,
            "revenue": 35205358,
            "common_shares": 5461792,
            "book_valuer_per_share": 53.39,
            "book_valuer_per_share_4q_avg": 48.82,
            "equity": 33354670,
            "current_ratio": 118.61,
            "debt_ratio": 68.75,
            "inventory_turnover_ratio": 4.99,
            "account_receivable_turnover_ratio": 0.74,
            "reinvestment_rate": 75.87,
            "research_to_sale_ratio": null,
            "price_fair": 291.99,
            "eps_avg_yearly": 8.34,
            "eps_latest_yearly": 14.88,
            "eps_growth_yearly": 90.21
        },
        "20122": {
            "year_quarter": 20122,
            "year": 2012,
            "quarter": 2,
            "eps": 3.76,
            "eps_growth_year": 63.97,
            "eps_4q": 13.02,
            "eps_4q_growth_year": 37.85,
            "roe": 7.13,
            "roe_4q": 25.64,
            "gross_profit": 4263350,
            "gross_margin": 12.61,
            "gross_margin_4q_avg": 11.6,
            "net_income": 2303041,
            "revenue": 33812462,
            "common_shares": 5461792,
            "book_valuer_per_share": 49.42,
            "book_valuer_per_share_4q_avg": 50.15,
            "equity": 31228784,
            "current_ratio": 110.59,
            "debt_ratio": 72.69,
            "inventory_turnover_ratio": 4.71,
            "account_receivable_turnover_ratio": 0.65,
            "reinvestment_rate": 81.16,
            "research_to_sale_ratio": null,
            "price_fair": 313.95,
            "eps_avg_yearly": 8.97,
            "eps_latest_yearly": 15.04,
            "eps_growth_yearly": 99.2
        },
        "20123": {
            "year_quarter": 20123,
            "year": 2012,
            "quarter": 3,
            "eps": 3.38,
            "eps_growth_year": -2.06,
            "eps_4q": 12.95,
            "eps_4q_growth_year": 12.67,
            "roe": 6.46,
            "roe_4q": 24.85,
            "gross_profit": 4142408,
            "gross_margin": 12.68,
            "gross_margin_4q_avg": 11.53,
            "net_income": 2078816,
            "revenue": 32667366,
            "common_shares": 5461792,
            "book_valuer_per_share": 52.84,
            "book_valuer_per_share_4q_avg": 51.4,
            "equity": 33117477,
            "current_ratio": 112.27,
            "debt_ratio": 71.77,
            "inventory_turnover_ratio": 3.96,
            "account_receivable_turnover_ratio": 0.58,
            "reinvestment_rate": 74.86,
            "research_to_sale_ratio": null,
            "price_fair": 335.83,
            "eps_avg_yearly": 9.6,
            "eps_latest_yearly": 13.52,
            "eps_growth_yearly": 104.07
        },
        "20124": {
            "year_quarter": 20124,
            "year": 2012,
            "quarter": 4,
            "eps": 2.9,
            "eps_growth_year": 38.82,
            "eps_4q": 13.76,
            "eps_4q_growth_year": 14.12,
            "roe": 5.46,
            "roe_4q": 25.94,
            "gross_profit": 4179374,
            "gross_margin": 12.45,
            "gross_margin_4q_avg": 12.43,
            "net_income": 1854116,
            "revenue": 33559022,
            "common_shares": 5461792,
            "book_valuer_per_share": 55.59,
            "book_valuer_per_share_4q_avg": 52.81,
            "equity": 34847446,
            "current_ratio": 112.54,
            "debt_ratio": 71.1,
            "inventory_turnover_ratio": 3.88,
            "account_receivable_turnover_ratio": 0.58,
            "reinvestment_rate": 77.57,
            "research_to_sale_ratio": null,
            "price_fair": 356.3,
            "eps_avg_yearly": 10.18,
            "eps_latest_yearly": 11.6,
            "eps_growth_yearly": 109.61
        },
        "20131": {
            "year_quarter": 20131,
            "year": 2013,
            "quarter": 1,
            "eps": 3.86,
            "eps_growth_year": 3.76,
            "eps_4q": 13.9,
            "eps_4q_growth_year": 20.26,
            "roe": 6.46,
            "roe_4q": 25.509999999999998,
            "gross_profit": 4487291,
            "gross_margin": 11.72,
            "gross_margin_4q_avg": 12.37,
            "net_income": 2325658,
            "revenue": 38299011,
            "common_shares": 5461792,
            "book_valuer_per_share": 59.26,
            "book_valuer_per_share_4q_avg": 54.28,
            "equity": 37099423,
            "current_ratio": 113.47,
            "debt_ratio": 70.5,
            "inventory_turnover_ratio": 4.81,
            "account_receivable_turnover_ratio": 0.66,
            "reinvestment_rate": 81.19,
            "research_to_sale_ratio": null,
            "price_fair": 376.78,
            "eps_avg_yearly": 10.77,
            "eps_latest_yearly": 15.44,
            "eps_growth_yearly": 75.03
        },
        "20132": {
            "year_quarter": 20132,
            "year": 2013,
            "quarter": 2,
            "eps": 3.05,
            "eps_growth_year": -18.9,
            "eps_4q": 13.19,
            "eps_4q_growth_year": 1.28,
            "roe": 5.29,
            "roe_4q": 23.67,
            "gross_profit": 4367011,
            "gross_margin": 12.71,
            "gross_margin_4q_avg": 12.39,
            "net_income": 1885168,
            "revenue": 34352988,
            "common_shares": 5461792,
            "book_valuer_per_share": 53.35,
            "book_valuer_per_share_4q_avg": 55.26,
            "equity": 34108057,
            "current_ratio": 108.12,
            "debt_ratio": 74.08,
            "inventory_turnover_ratio": 4.43,
            "account_receivable_turnover_ratio": 0.57,
            "reinvestment_rate": 84.08,
            "research_to_sale_ratio": null,
            "price_fair": 390.43,
            "eps_avg_yearly": 11.16,
            "eps_latest_yearly": 12.2,
            "eps_growth_yearly": 70.28
        },
        "20133": {
            "year_quarter": 20133,
            "year": 2013,
            "quarter": 3,
            "eps": 3.58,
            "eps_growth_year": 5.79,
            "eps_4q": 13.39,
            "eps_4q_growth_year": 3.38,
            "roe": 6.42,
            "roe_4q": 23.630000000000003,
            "gross_profit": 4611767,
            "gross_margin": 13.54,
            "gross_margin_4q_avg": 12.61,
            "net_income": 2251336,
            "revenue": 34070459,
            "common_shares": 5461792,
            "book_valuer_per_share": 56.98,
            "book_valuer_per_share_4q_avg": 56.3,
            "equity": 36068710,
            "current_ratio": 114.55,
            "debt_ratio": 71.86,
            "inventory_turnover_ratio": 4.27,
            "account_receivable_turnover_ratio": 0.55,
            "reinvestment_rate": 76.66,
            "research_to_sale_ratio": null,
            "price_fair": 407.84,
            "eps_avg_yearly": 11.65,
            "eps_latest_yearly": 14.32,
            "eps_growth_yearly": 72.95
        },
        "20134": {
            "year_quarter": 20134,
            "year": 2013,
            "quarter": 4,
            "eps": 3.51,
            "eps_growth_year": 21.35,
            "eps_4q": 14.01,
            "eps_4q_growth_year": 1.79,
            "roe": 5.84,
            "roe_4q": 24.01,
            "gross_profit": 4418241,
            "gross_margin": 11.12,
            "gross_margin_4q_avg": 12.27,
            "net_income": 2171089,
            "revenue": 39744453,
            "common_shares": 5461792,
            "book_valuer_per_share": 60.5,
            "book_valuer_per_share_4q_avg": 57.52,
            "equity": 38276324,
            "current_ratio": 112.76,
            "debt_ratio": 71.65,
            "inventory_turnover_ratio": 4.8,
            "account_receivable_turnover_ratio": 0.64,
            "reinvestment_rate": 63.76,
            "research_to_sale_ratio": null,
            "price_fair": 426.21,
            "eps_avg_yearly": 12.18,
            "eps_latest_yearly": 14.04,
            "eps_growth_yearly": 75.29
        },
        "20141": {
            "year_quarter": 20141,
            "year": 2014,
            "quarter": 1,
            "eps": 4.11,
            "eps_growth_year": 6.48,
            "eps_4q": 14.26,
            "eps_4q_growth_year": 2.59,
            "roe": 6.33,
            "roe_4q": 23.88,
            "gross_profit": 5228144,
            "gross_margin": 13.84,
            "gross_margin_4q_avg": 12.8,
            "net_income": 2504364,
            "revenue": 37782712,
            "common_shares": 5461792,
            "book_valuer_per_share": 64.6,
            "book_valuer_per_share_4q_avg": 58.86,
            "equity": 40791441,
            "current_ratio": 115.37,
            "debt_ratio": 70.16,
            "inventory_turnover_ratio": 4.46,
            "account_receivable_turnover_ratio": 0.59,
            "reinvestment_rate": 63.58,
            "research_to_sale_ratio": null,
            "price_fair": 433.3,
            "eps_avg_yearly": 12.38,
            "eps_latest_yearly": 16.44,
            "eps_growth_yearly": 46.05
        },
        "20142": {
            "year_quarter": 20142,
            "year": 2014,
            "quarter": 2,
            "eps": 4.58,
            "eps_growth_year": 50.16,
            "eps_4q": 15.79,
            "eps_4q_growth_year": 19.71,
            "roe": 7.18,
            "roe_4q": 25.770000000000003,
            "gross_profit": 5115021,
            "gross_margin": 12.27,
            "gross_margin_4q_avg": 12.69,
            "net_income": 2767709,
            "revenue": 41684557,
            "common_shares": 5461792,
            "book_valuer_per_share": 56.53,
            "book_valuer_per_share_4q_avg": 59.65,
            "equity": 36314437,
            "current_ratio": 104.31,
            "debt_ratio": 75.05,
            "inventory_turnover_ratio": 5.29,
            "account_receivable_turnover_ratio": 0.62,
            "reinvestment_rate": 71.04,
            "research_to_sale_ratio": null,
            "price_fair": 450.1,
            "eps_avg_yearly": 12.86,
            "eps_latest_yearly": 18.32,
            "eps_growth_yearly": 53.76
        },
        "20143": {
            "year_quarter": 20143,
            "year": 2014,
            "quarter": 3,
            "eps": 4.43,
            "eps_growth_year": 23.74,
            "eps_4q": 16.64,
            "eps_4q_growth_year": 24.27,
            "roe": 7.26,
            "roe_4q": 26.61,
            "gross_profit": 5303322,
            "gross_margin": 13.66,
            "gross_margin_4q_avg": 12.72,
            "net_income": 2728343,
            "revenue": 38834324,
            "common_shares": 5461792,
            "book_valuer_per_share": 61.2,
            "book_valuer_per_share_4q_avg": 60.71,
            "equity": 38834191,
            "current_ratio": 109.1,
            "debt_ratio": 73.22,
            "inventory_turnover_ratio": 5.01,
            "account_receivable_turnover_ratio": 0.53,
            "reinvestment_rate": 66.63,
            "research_to_sale_ratio": null,
            "price_fair": 476.53,
            "eps_avg_yearly": 13.62,
            "eps_latest_yearly": 17.72,
            "eps_growth_yearly": 64.69
        },
        "20144": {
            "year_quarter": 20144,
            "year": 2014,
            "quarter": 4,
            "eps": 3.72,
            "eps_growth_year": 5.72,
            "eps_4q": 16.84,
            "eps_4q_growth_year": 20.22,
            "roe": 5.74,
            "roe_4q": 26.509999999999998,
            "gross_profit": 4654520,
            "gross_margin": 11.11,
            "gross_margin_4q_avg": 12.72,
            "net_income": 2292945,
            "revenue": 41912543,
            "common_shares": 5461792,
            "book_valuer_per_share": 64.81,
            "book_valuer_per_share_4q_avg": 61.79,
            "equity": 41087620,
            "current_ratio": 110.68,
            "debt_ratio": 72.46,
            "inventory_turnover_ratio": 6.35,
            "account_receivable_turnover_ratio": 0.56,
            "reinvestment_rate": 71.2,
            "research_to_sale_ratio": null,
            "price_fair": 495.78,
            "eps_avg_yearly": 14.17,
            "eps_latest_yearly": 14.88,
            "eps_growth_yearly": 58.73
        },
        "20151": {
            "year_quarter": 20151,
            "year": 2015,
            "quarter": 1,
            "eps": 5.41,
            "eps_growth_year": 31.63,
            "eps_4q": 18.15,
            "eps_4q_growth_year": 27.29,
            "roe": 7.64,
            "roe_4q": 27.82,
            "gross_profit": 5706999,
            "gross_margin": 13.13,
            "gross_margin_4q_avg": 12.54,
            "net_income": 3262711,
            "revenue": 43476264,
            "common_shares": 5461792,
            "book_valuer_per_share": 70.21,
            "book_valuer_per_share_4q_avg": 63.19,
            "equity": 44342291,
            "current_ratio": 114.72,
            "debt_ratio": 71.56,
            "inventory_turnover_ratio": 6.43,
            "account_receivable_turnover_ratio": 0.57,
            "reinvestment_rate": 66.86,
            "research_to_sale_ratio": null,
            "price_fair": 506.19,
            "eps_avg_yearly": 14.46,
            "eps_latest_yearly": 21.64,
            "eps_growth_yearly": 25.68
        },
        "20152": {
            "year_quarter": 20152,
            "year": 2015,
            "quarter": 2,
            "eps": 4.62,
            "eps_growth_year": 0.87,
            "eps_4q": 18.19,
            "eps_4q_growth_year": 15.2,
            "roe": 6.54,
            "roe_4q": 27.18,
            "gross_profit": 5675703,
            "gross_margin": 13.5,
            "gross_margin_4q_avg": 12.85,
            "net_income": 2802776,
            "revenue": 42034410,
            "common_shares": 5461792,
            "book_valuer_per_share": 64.29,
            "book_valuer_per_share_4q_avg": 65.13,
            "equity": 41381015,
            "current_ratio": 109.54,
            "debt_ratio": 74.58,
            "inventory_turnover_ratio": 5.78,
            "account_receivable_turnover_ratio": 0.52,
            "reinvestment_rate": 62.3,
            "research_to_sale_ratio": null,
            "price_fair": 526.58,
            "eps_avg_yearly": 15.05,
            "eps_latest_yearly": 18.48,
            "eps_growth_yearly": 33.46
        },
        "20153": {
            "year_quarter": 20153,
            "year": 2015,
            "quarter": 3,
            "eps": 4.05,
            "eps_growth_year": -8.58,
            "eps_4q": 17.8,
            "eps_4q_growth_year": 7,
            "roe": 5.79,
            "roe_4q": 25.71,
            "gross_profit": 4804750,
            "gross_margin": 14.34,
            "gross_margin_4q_avg": 13.02,
            "net_income": 2456860,
            "revenue": 33501787,
            "common_shares": 5461792,
            "book_valuer_per_share": 68.49,
            "book_valuer_per_share_4q_avg": 66.95,
            "equity": 43552505,
            "current_ratio": 115.25,
            "debt_ratio": 72.3,
            "inventory_turnover_ratio": 4.6,
            "account_receivable_turnover_ratio": 0.4,
            "reinvestment_rate": 53.48,
            "research_to_sale_ratio": null,
            "price_fair": 419.39,
            "eps_avg_yearly": 15.19,
            "eps_latest_yearly": 16.2,
            "eps_growth_yearly": 17.61
        },
        "20154": {
            "year_quarter": 20154,
            "year": 2015,
            "quarter": 4,
            "eps": 3.81,
            "eps_growth_year": 2.64,
            "eps_4q": 17.9,
            "eps_4q_growth_year": 6.3,
            "roe": 5.28,
            "roe_4q": 25.25,
            "gross_profit": 4989483,
            "gross_margin": 12,
            "gross_margin_4q_avg": 13.24,
            "net_income": 2360146,
            "revenue": 41595167,
            "common_shares": 5461792,
            "book_valuer_per_share": 72.07,
            "book_valuer_per_share_4q_avg": 68.77,
            "equity": 45776962,
            "current_ratio": 112.01,
            "debt_ratio": 72.29,
            "inventory_turnover_ratio": 5.97,
            "account_receivable_turnover_ratio": 0.5,
            "reinvestment_rate": 49.67,
            "research_to_sale_ratio": null,
            "price_fair": 546.79,
            "eps_avg_yearly": 15.62,
            "eps_latest_yearly": 15.24,
            "eps_growth_yearly": 26.02
        },
        "20161": {
            "year_quarter": 20161,
            "year": 2016,
            "quarter": 1,
            "eps": 4.9,
            "eps_growth_year": -9.43,
            "eps_4q": 17.39,
            "eps_4q_growth_year": -4.18,
            "roe": 6.28,
            "roe_4q": 23.89,
            "gross_profit": 5489553,
            "gross_margin": 13.66,
            "gross_margin_4q_avg": 13.38,
            "net_income": 2981483,
            "revenue": 40176914,
            "common_shares": 5461792,
            "book_valuer_per_share": 76.89,
            "book_valuer_per_share_4q_avg": 70.44,
            "equity": 49126156,
            "current_ratio": 115.25,
            "debt_ratio": 70.96,
            "inventory_turnover_ratio": 5.37,
            "account_receivable_turnover_ratio": 0.47,
            "reinvestment_rate": 46.3,
            "research_to_sale_ratio": null,
            "price_fair": 376.88,
            "eps_avg_yearly": 15.92,
            "eps_latest_yearly": 19.6,
            "eps_growth_yearly": 13.68
        },
        "20162": {
            "year_quarter": 20162,
            "year": 2016,
            "quarter": 2,
            "eps": 5.4,
            "eps_growth_year": 16.88,
            "eps_4q": 18.17,
            "eps_4q_growth_year": -0.09,
            "roe": 6.97,
            "roe_4q": 24.32,
            "gross_profit": 6007726,
            "gross_margin": 12.7,
            "gross_margin_4q_avg": 13.18,
            "net_income": 3306089,
            "revenue": 47293693,
            "common_shares": 5461792,
            "book_valuer_per_share": 70.15,
            "book_valuer_per_share_4q_avg": 71.9,
            "equity": 45789175,
            "current_ratio": 110.32,
            "debt_ratio": 73.53,
            "inventory_turnover_ratio": 5.7,
            "account_receivable_turnover_ratio": 0.54,
            "reinvestment_rate": 40,
            "research_to_sale_ratio": null,
            "price_fair": 423.85,
            "eps_avg_yearly": 16.33,
            "eps_latest_yearly": 21.6,
            "eps_growth_yearly": 15.96
        },
        "20163": {
            "year_quarter": 20163,
            "year": 2016,
            "quarter": 3,
            "eps": 4.69,
            "eps_growth_year": 15.8,
            "eps_4q": 18.82,
            "eps_4q_growth_year": 5.7,
            "roe": 6.19,
            "roe_4q": 24.720000000000002,
            "gross_profit": 5751090,
            "gross_margin": 14.56,
            "gross_margin_4q_avg": 13.23,
            "net_income": 2900591,
            "revenue": 39512862,
            "common_shares": 5461792,
            "book_valuer_per_share": 74.51,
            "book_valuer_per_share_4q_avg": 73.41,
            "equity": 48001508,
            "current_ratio": 115.75,
            "debt_ratio": 71.65,
            "inventory_turnover_ratio": 4.41,
            "account_receivable_turnover_ratio": 0.44,
            "reinvestment_rate": 32.61,
            "research_to_sale_ratio": null,
            "price_fair": 419.69,
            "eps_avg_yearly": 16.66,
            "eps_latest_yearly": 18.76,
            "eps_growth_yearly": 15.2
        },
        "20164": {
            "year_quarter": 20164,
            "year": 2016,
            "quarter": 4,
            "eps": 4.66,
            "eps_growth_year": 22.24,
            "eps_4q": 19.66,
            "eps_4q_growth_year": 9.85,
            "roe": 5.82,
            "roe_4q": 25.26,
            "gross_profit": 5749602,
            "gross_margin": 12.62,
            "gross_margin_4q_avg": 13.39,
            "net_income": 2870736,
            "revenue": 45548431,
            "common_shares": 5461792,
            "book_valuer_per_share": 78.92,
            "book_valuer_per_share_4q_avg": 75.12,
            "equity": 50579089,
            "current_ratio": 117.32,
            "debt_ratio": 71.73,
            "inventory_turnover_ratio": 4.55,
            "account_receivable_turnover_ratio": 0.5,
            "reinvestment_rate": 28.88,
            "research_to_sale_ratio": null,
            "price_fair": 488.73,
            "eps_avg_yearly": 17.1,
            "eps_latest_yearly": 18.64,
            "eps_growth_yearly": 18.59
        },
        "20171": {
            "year_quarter": 20171,
            "year": 2017,
            "quarter": 1,
            "eps": 5.75,
            "eps_growth_year": 17.35,
            "eps_4q": 20.51,
            "eps_4q_growth_year": 17.93,
            "roe": 6.68,
            "roe_4q": 25.66,
            "gross_profit": null,
            "gross_margin": null,
            "gross_margin_4q_avg": 9.97,
            "net_income": 3486259,
            "revenue": 48159861,
            "common_shares": 5461792,
            "book_valuer_per_share": 84.31,
            "book_valuer_per_share_4q_avg": 76.97,
            "equity": 53842254,
            "current_ratio": 118.21,
            "debt_ratio": 71.21,
            "inventory_turnover_ratio": null,
            "account_receivable_turnover_ratio": 0.51,
            "reinvestment_rate": 26.08,
            "research_to_sale_ratio": 0.03,
            "price_fair": 459.58,
            "eps_avg_yearly": 17.57,
            "eps_latest_yearly": 23,
            "eps_growth_yearly": 16.16
        },
        "20172": {
            "year_quarter": 20172,
            "year": 2017,
            "quarter": 2,
            "eps": 4.08,
            "eps_growth_year": -24.44,
            "eps_4q": 19.18,
            "eps_4q_growth_year": 5.57,
            "roe": 5.01,
            "roe_4q": 23.7,
            "gross_profit": null,
            "gross_margin": null,
            "gross_margin_4q_avg": 6.8,
            "net_income": 2603186,
            "revenue": 43570421,
            "common_shares": 5461792,
            "book_valuer_per_share": 76.62,
            "book_valuer_per_share_4q_avg": 78.59,
            "equity": 50031464,
            "current_ratio": 113.42,
            "debt_ratio": 74.35,
            "inventory_turnover_ratio": null,
            "account_receivable_turnover_ratio": 0.45,
            "reinvestment_rate": 23.3,
            "research_to_sale_ratio": 0.03,
            "price_fair": 430.41,
            "eps_avg_yearly": 17.83,
            "eps_latest_yearly": 16.32,
            "eps_growth_yearly": 14.15
        },
        "20173": {
            "year_quarter": 20173,
            "year": 2017,
            "quarter": 3,
            "eps": 4.4,
            "eps_growth_year": -6.18,
            "eps_4q": 18.89,
            "eps_4q_growth_year": 0.38,
            "roe": 5.5,
            "roe_4q": 23.009999999999998,
            "gross_profit": null,
            "gross_margin": null,
            "gross_margin_4q_avg": 3.16,
            "net_income": 2809350,
            "revenue": 40403979,
            "common_shares": 5461792,
            "book_valuer_per_share": 81.09,
            "book_valuer_per_share_4q_avg": 80.24,
            "equity": 52186839,
            "current_ratio": 119.82,
            "debt_ratio": 73.2,
            "inventory_turnover_ratio": null,
            "account_receivable_turnover_ratio": 0.4,
            "reinvestment_rate": 23.71,
            "research_to_sale_ratio": 0.03,
            "price_fair": 392.38,
            "eps_avg_yearly": 18.03,
            "eps_latest_yearly": 17.6,
            "eps_growth_yearly": 11.76
        },
        "20174": {
            "year_quarter": 20174,
            "year": 2017,
            "quarter": 4,
            "eps": 4.29,
            "eps_growth_year": -7.89,
            "eps_4q": 18.52,
            "eps_4q_growth_year": -5.81,
            "roe": 4.98,
            "roe_4q": 22.17,
            "gross_profit": null,
            "gross_margin": null,
            "gross_margin_4q_avg": 0,
            "net_income": 2665800,
            "revenue": 49119604,
            "common_shares": 5461792,
            "book_valuer_per_share": 85.42,
            "book_valuer_per_share_4q_avg": 81.86,
            "equity": 54876148,
            "current_ratio": 122.93,
            "debt_ratio": 73.44,
            "inventory_turnover_ratio": null,
            "account_receivable_turnover_ratio": 0.46,
            "reinvestment_rate": 13.98,
            "research_to_sale_ratio": 0.03,
            "price_fair": 394.15,
            "eps_avg_yearly": 18.23,
            "eps_latest_yearly": 17.16,
            "eps_growth_yearly": 11.63
        },
        "20181": {
            "year_quarter": 20181,
            "year": 2018,
            "quarter": 1,
            "eps": 4.96,
            "eps_growth_year": -13.74,
            "eps_4q": 17.73,
            "eps_4q_growth_year": -13.52,
            "roe": 5.47,
            "roe_4q": 20.96,
            "gross_profit": null,
            "gross_margin": null,
            "gross_margin_4q_avg": 0,
            "net_income": 3087766,
            "revenue": 47161322,
            "common_shares": 5461792,
            "book_valuer_per_share": 90.61,
            "book_valuer_per_share_4q_avg": 83.44,
            "equity": 58114260,
            "current_ratio": 124.66,
            "debt_ratio": 72.64,
            "inventory_turnover_ratio": null,
            "account_receivable_turnover_ratio": 0.43,
            "reinvestment_rate": 19.9,
            "research_to_sale_ratio": 0.03,
            "price_fair": 391.94,
            "eps_avg_yearly": 18.44,
            "eps_latest_yearly": 19.84,
            "eps_growth_yearly": 11.26
        },
        "20182": {
            "year_quarter": 20182,
            "year": 2018,
            "quarter": 2,
            "eps": 4.68,
            "eps_growth_year": 14.71,
            "eps_4q": 18.34,
            "eps_4q_growth_year": -4.42,
            "roe": 5.33,
            "roe_4q": 21.28,
            "gross_profit": null,
            "gross_margin": null,
            "gross_margin_4q_avg": 0,
            "net_income": 2990889,
            "revenue": 48275624,
            "common_shares": 5461792,
            "book_valuer_per_share": 83.18,
            "book_valuer_per_share_4q_avg": 85.08,
            "equity": 54054555,
            "current_ratio": 119.8,
            "debt_ratio": 75.77,
            "inventory_turnover_ratio": null,
            "account_receivable_turnover_ratio": 0.42,
            "reinvestment_rate": 15.15,
            "research_to_sale_ratio": 0.02,
            "price_fair": 313.63,
            "eps_avg_yearly": 18.46,
            "eps_latest_yearly": 18.72,
            "eps_growth_yearly": 6.99
        },
        "20183": {
            "year_quarter": 20183,
            "year": 2018,
            "quarter": 3,
            "eps": 4.39,
            "eps_growth_year": -0.23,
            "eps_4q": 18.32,
            "eps_4q_growth_year": -3,
            "roe": 5.09,
            "roe_4q": 20.87,
            "gross_profit": null,
            "gross_margin": null,
            "gross_margin_4q_avg": 0,
            "net_income": 2800383,
            "revenue": 42526788,
            "common_shares": 5461792,
            "book_valuer_per_share": 87.1,
            "book_valuer_per_share_4q_avg": 86.58,
            "equity": 56084193,
            "current_ratio": 117.6,
            "debt_ratio": 74.83,
            "inventory_turnover_ratio": null,
            "account_receivable_turnover_ratio": 0.36,
            "reinvestment_rate": 14.73,
            "research_to_sale_ratio": 0.04,
            "price_fair": 299.98,
            "eps_avg_yearly": 18.45,
            "eps_latest_yearly": 17.56,
            "eps_growth_yearly": 6.26
        },
        "20184": {
            "year_quarter": 20184,
            "year": 2018,
            "quarter": 4,
            "eps": 4.33,
            "eps_growth_year": 0.78,
            "eps_4q": 18.36,
            "eps_4q_growth_year": -0.89,
            "roe": 4.76,
            "roe_4q": 20.65,
            "gross_profit": null,
            "gross_margin": null,
            "gross_margin_4q_avg": 0,
            "net_income": 2720792,
            "revenue": 49063851,
            "common_shares": 5461792,
            "book_valuer_per_share": 90.33,
            "book_valuer_per_share_4q_avg": 87.81,
            "equity": 58235958,
            "current_ratio": 103.83,
            "debt_ratio": 74.61,
            "inventory_turnover_ratio": null,
            "account_receivable_turnover_ratio": 0.41,
            "reinvestment_rate": 14.82,
            "research_to_sale_ratio": 0.03,
            "price_fair": 370.65,
            "eps_avg_yearly": 18.61,
            "eps_latest_yearly": 17.32,
            "eps_growth_yearly": 9.92
        },
        "20191": {
            "year_quarter": 20191,
            "year": 2019,
            "quarter": 1,
            "eps": 4.58,
            "eps_growth_year": -7.66,
            "eps_4q": 17.98,
            "eps_4q_growth_year": 1.36,
            "roe": 4.85,
            "roe_4q": 20.03,
            "gross_profit": null,
            "gross_margin": null,
            "gross_margin_4q_avg": 0,
            "net_income": 2910175,
            "revenue": 43188615,
            "common_shares": 5461792,
            "book_valuer_per_share": 95.9,
            "book_valuer_per_share_4q_avg": 89.13,
            "equity": 61749375,
            "current_ratio": 102.65,
            "debt_ratio": 73.68,
            "inventory_turnover_ratio": null,
            "account_receivable_turnover_ratio": 0.36,
            "reinvestment_rate": 15.93,
            "research_to_sale_ratio": 0.05,
            "price_fair": 183.98,
            "eps_avg_yearly": 18.4,
            "eps_latest_yearly": 18.32,
            "eps_growth_yearly": 0.01
        },
        "20192": {
            "year_quarter": 20192,
            "year": 2019,
            "quarter": 2,
            "eps": 5.58,
            "eps_growth_year": 19.23,
            "eps_4q": 18.87,
            "eps_4q_growth_year": 2.94,
            "roe": 5.87,
            "roe_4q": 20.57,
            "gross_profit": null,
            "gross_margin": null,
            "gross_margin_4q_avg": 0,
            "net_income": 3519764,
            "revenue": 56159796,
            "common_shares": 5461792,
            "book_valuer_per_share": 90.28,
            "book_valuer_per_share_4q_avg": 90.9,
            "equity": 58186547,
            "current_ratio": 99.11,
            "debt_ratio": 76.25,
            "inventory_turnover_ratio": null,
            "account_receivable_turnover_ratio": 0.45,
            "reinvestment_rate": 17.71,
            "research_to_sale_ratio": 0.04,
            "price_fair": 356.3,
            "eps_avg_yearly": 18.64,
            "eps_latest_yearly": 22.32,
            "eps_growth_yearly": 9.12
        },
        "20193": {
            "year_quarter": 20193,
            "year": 2019,
            "quarter": 3,
            "eps": 6.04,
            "eps_growth_year": 37.59,
            "eps_4q": 20.53,
            "eps_4q_growth_year": 12.06,
            "roe": 6.29,
            "roe_4q": 21.769999999999996,
            "gross_profit": null,
            "gross_margin": null,
            "gross_margin_4q_avg": 0,
            "net_income": 3786908,
            "revenue": 53628085,
            "common_shares": 5461792,
            "book_valuer_per_share": 96.73,
            "book_valuer_per_share_4q_avg": 93.31,
            "equity": 62143426,
            "current_ratio": 100.69,
            "debt_ratio": 74.85,
            "inventory_turnover_ratio": null,
            "account_receivable_turnover_ratio": 0.42,
            "reinvestment_rate": 25.34,
            "research_to_sale_ratio": 0.03,
            "price_fair": 464.26,
            "eps_avg_yearly": 19.14,
            "eps_latest_yearly": 24.16,
            "eps_growth_yearly": 14.26
        },
        "20194": {
            "year_quarter": 20194,
            "year": 2019,
            "quarter": 4,
            "eps": 5.34,
            "eps_growth_year": 23.48,
            "eps_4q": 21.55,
            "eps_4q_growth_year": 17.39,
            "roe": 4.89,
            "roe_4q": 21.9,
            "gross_profit": null,
            "gross_margin": null,
            "gross_margin_4q_avg": 0,
            "net_income": 3368052,
            "revenue": 61003259,
            "common_shares": 5461792,
            "book_valuer_per_share": 107.27,
            "book_valuer_per_share_4q_avg": 97.55,
            "equity": 75608627,
            "current_ratio": 108,
            "debt_ratio": 70.41,
            "inventory_turnover_ratio": null,
            "account_receivable_turnover_ratio": 0.47,
            "reinvestment_rate": 27.5,
            "research_to_sale_ratio": 0.05,
            "price_fair": 445.91,
            "eps_avg_yearly": 19.52,
            "eps_latest_yearly": 21.36,
            "eps_growth_yearly": 12.85
        },
        "20201": {
            "year_quarter": 20201,
            "year": 2020,
            "quarter": 1,
            "eps": 6.35,
            "eps_growth_year": 38.65,
            "eps_4q": 23.31,
            "eps_4q_growth_year": 29.67,
            "roe": 5.3,
            "roe_4q": 22.35,
            "gross_profit": null,
            "gross_margin": null,
            "gross_margin_4q_avg": 0,
            "net_income": 4077415,
            "revenue": 57437924,
            "common_shares": 5461792,
            "book_valuer_per_share": 110.87,
            "book_valuer_per_share_4q_avg": 101.29,
            "equity": 78180111,
            "current_ratio": 109.66,
            "debt_ratio": 69.85,
            "inventory_turnover_ratio": null,
            "account_receivable_turnover_ratio": 0.43,
            "reinvestment_rate": 27.8,
            "research_to_sale_ratio": 0.03,
            "price_fair": 406.01,
            "eps_avg_yearly": 19.88,
            "eps_latest_yearly": 25.4,
            "eps_growth_yearly": 10.42
        },
        "20202": {
            "year_quarter": 20202,
            "year": 2020,
            "quarter": 2,
            "eps": 5.94,
            "eps_growth_year": 6.45,
            "eps_4q": 23.68,
            "eps_4q_growth_year": 25.46,
            "roe": 5.12,
            "roe_4q": 21.599999999999998,
            "gross_profit": null,
            "gross_margin": null,
            "gross_margin_4q_avg": 0,
            "net_income": 3879484,
            "revenue": 57189948,
            "common_shares": 5461792,
            "book_valuer_per_share": 103.56,
            "book_valuer_per_share_4q_avg": 104.61,
            "equity": 73331504,
            "current_ratio": 105.05,
            "debt_ratio": 72.67,
            "inventory_turnover_ratio": null,
            "account_receivable_turnover_ratio": 0.42,
            "reinvestment_rate": 29.85,
            "research_to_sale_ratio": 0.03,
            "price_fair": 325.4,
            "eps_avg_yearly": 20.02,
            "eps_latest_yearly": 23.76,
            "eps_growth_yearly": 6.26
        },
        "20203": {
            "year_quarter": 20203,
            "year": 2020,
            "quarter": 3,
            "eps": 6.62,
            "eps_growth_year": 9.6,
            "eps_4q": 24.25,
            "eps_4q_growth_year": 18.13,
            "roe": 5.78,
            "roe_4q": 21.09,
            "gross_profit": null,
            "gross_margin": null,
            "gross_margin_4q_avg": 0,
            "net_income": 4377324,
            "revenue": 56836986,
            "common_shares": 5461792,
            "book_valuer_per_share": 110.75,
            "book_valuer_per_share_4q_avg": 108.11,
            "equity": 78101319,
            "current_ratio": 107.63,
            "debt_ratio": 71.22,
            "inventory_turnover_ratio": null,
            "account_receivable_turnover_ratio": 0.4,
            "reinvestment_rate": 35.35,
            "research_to_sale_ratio": 0.04,
            "price_fair": 459.28,
            "eps_avg_yearly": 20.5,
            "eps_latest_yearly": 26.48,
            "eps_growth_yearly": 12.41
        },
        "20204": {
            "year_quarter": 20204,
            "year": 2020,
            "quarter": 4,
            "eps": 6.44,
            "eps_growth_year": 20.61,
            "eps_4q": 25.36,
            "eps_4q_growth_year": 17.67,
            "roe": 5.19,
            "roe_4q": 21.39,
            "gross_profit": null,
            "gross_margin": null,
            "gross_margin_4q_avg": 0,
            "net_income": 4200987,
            "revenue": 60680195,
            "common_shares": 5461792,
            "book_valuer_per_share": 119.88,
            "book_valuer_per_share_4q_avg": 111.27,
            "equity": 83885342,
            "current_ratio": 108.35,
            "debt_ratio": 71.1,
            "inventory_turnover_ratio": null,
            "account_receivable_turnover_ratio": 0.41,
            "reinvestment_rate": 38.85,
            "research_to_sale_ratio": 0.06,
            "price_fair": 458.37,
            "eps_avg_yearly": 20.94,
            "eps_latest_yearly": 25.76,
            "eps_growth_yearly": 11.89
        },
        "20211": {
            "year_quarter": 20211,
            "year": 2021,
            "quarter": 1,
            "eps": 9.16,
            "eps_growth_year": 44.25,
            "eps_4q": 28.17,
            "eps_4q_growth_year": 20.84,
            "roe": 7.07,
            "roe_4q": 23.160000000000004,
            "gross_profit": null,
            "gross_margin": null,
            "gross_margin_4q_avg": 0,
            "net_income": 5824202,
            "revenue": 66825585,
            "common_shares": 5461792,
            "book_valuer_per_share": 112.3,
            "book_valuer_per_share_4q_avg": 111.62,
            "equity": 80867792,
            "current_ratio": 105.29,
            "debt_ratio": 73.58,
            "inventory_turnover_ratio": null,
            "account_receivable_turnover_ratio": 0.43,
            "reinvestment_rate": 38.78,
            "research_to_sale_ratio": 0.03,
            "price_fair": 579.71,
            "eps_avg_yearly": 21.8,
            "eps_latest_yearly": 36.64,
            "eps_growth_yearly": 16.6
        },
        "20212": {
            "year_quarter": 20212,
            "year": 2021,
            "quarter": 2,
            "eps": 7.6,
            "eps_growth_year": 27.95,
            "eps_4q": 29.83,
            "eps_4q_growth_year": 25.96,
            "roe": 5.96,
            "roe_4q": 24.000000000000004,
            "gross_profit": null,
            "gross_margin": null,
            "gross_margin_4q_avg": 0,
            "net_income": 4982226,
            "revenue": 66136534,
            "common_shares": 5461792,
            "book_valuer_per_share": 121.3,
            "book_valuer_per_share_4q_avg": 116.06,
            "equity": 86386860,
            "current_ratio": 106.28,
            "debt_ratio": 73.37,
            "inventory_turnover_ratio": null,
            "account_receivable_turnover_ratio": 0.4,
            "reinvestment_rate": 41.21,
            "research_to_sale_ratio": 0.05,
            "price_fair": 671.21,
            "eps_avg_yearly": 22.68,
            "eps_latest_yearly": 30.4,
            "eps_growth_yearly": 19.6
        },
        "20213": {
            "year_quarter": 20213,
            "year": 2021,
            "quarter": 3,
            "eps": 6.43,
            "eps_growth_year": -2.87,
            "eps_4q": 29.64,
            "eps_4q_growth_year": 22.19,
            "roe": 4.95,
            "roe_4q": 23.17,
            "gross_profit": null,
            "gross_margin": null,
            "gross_margin_4q_avg": 0,
            "net_income": 4350675,
            "revenue": 57056037,
            "common_shares": 5461792,
            "book_valuer_per_share": 127.46,
            "book_valuer_per_share_4q_avg": 120.24,
            "equity": 89252005,
            "current_ratio": 107.54,
            "debt_ratio": 72.49,
            "inventory_turnover_ratio": null,
            "account_receivable_turnover_ratio": 0.33,
            "reinvestment_rate": 42.45,
            "research_to_sale_ratio": 0.05,
            "price_fair": 551.56,
            "eps_avg_yearly": 23.18,
            "eps_latest_yearly": 25.72,
            "eps_growth_yearly": 13.79
        },
        "20214": {
            "year_quarter": 20214,
            "year": 2021,
            "quarter": 4,
            "eps": 6.49,
            "eps_growth_year": 0.67,
            "eps_4q": 29.68,
            "eps_4q_growth_year": 17.05,
            "roe": 4.79,
            "roe_4q": 22.77,
            "gross_profit": null,
            "gross_margin": null,
            "gross_margin_4q_avg": 0,
            "net_income": 4400987,
            "revenue": 56898868,
            "common_shares": 5461792,
            "book_valuer_per_share": 135.07,
            "book_valuer_per_share_4q_avg": 124.03,
            "equity": 94465965,
            "current_ratio": 109.2,
            "debt_ratio": 72.98,
            "inventory_turnover_ratio": null,
            "account_receivable_turnover_ratio": 0.31,
            "reinvestment_rate": 43.42,
            "research_to_sale_ratio": 0.05,
            "price_fair": 585.01,
            "eps_avg_yearly": 23.73,
            "eps_latest_yearly": 25.96,
            "eps_growth_yearly": 14.65
        },
        "20221": {
            "year_quarter": 20221,
            "year": 2022,
            "quarter": 1,
            "eps": 7.86,
            "eps_growth_year": -14.19,
            "eps_4q": 28.38,
            "eps_4q_growth_year": 0.74,
            "roe": 5.69,
            "roe_4q": 21.39,
            "gross_profit": null,
            "gross_margin": null,
            "gross_margin_4q_avg": 0,
            "net_income": 5245225,
            "revenue": 61172896,
            "common_shares": 5461792,
            "book_valuer_per_share": 124.25,
            "book_valuer_per_share_4q_avg": 127.02,
            "equity": 89899528,
            "current_ratio": 105.32,
            "debt_ratio": 75.59,
            "inventory_turnover_ratio": null,
            "account_receivable_turnover_ratio": 0.31,
            "reinvestment_rate": 41.07,
            "research_to_sale_ratio": 0.05,
            "price_fair": 636.46,
            "eps_avg_yearly": 24.46,
            "eps_latest_yearly": 31.44,
            "eps_growth_yearly": 16.02
        },
        "20222": {
            "year_quarter": 20222,
            "year": 2022,
            "quarter": 2,
            "eps": -1.49,
            "eps_growth_year": -119.61,
            "eps_4q": 19.29,
            "eps_4q_growth_year": -35.32,
            "roe": 0.17,
            "roe_4q": 15.600000000000001,
            "gross_profit": null,
            "gross_margin": null,
            "gross_margin_4q_avg": 0,
            "net_income": 148465,
            "revenue": 57490622,
            "common_shares": 5461792,
            "book_valuer_per_share": 119.13,
            "book_valuer_per_share_4q_avg": 126.48,
            "equity": 86162065,
            "current_ratio": 103.45,
            "debt_ratio": 77.25,
            "inventory_turnover_ratio": null,
            "account_receivable_turnover_ratio": 0.28,
            "reinvestment_rate": 41.91,
            "research_to_sale_ratio": 0.05,
            "price_fair": 710.34,
            "eps_avg_yearly": 24.84,
            "eps_latest_yearly": 31.44,
            "eps_growth_yearly": 18.6
        },
        "20223": {
            "year_quarter": 20223,
            "year": 2022,
            "quarter": 3,
            "eps": -24.99,
            "eps_growth_year": -488.65,
            "eps_4q": -12.14,
            "eps_4q_growth_year": -140.95,
            "roe": -15.58,
            "roe_4q": -4.929999999999999,
            "gross_profit": null,
            "gross_margin": null,
            "gross_margin_4q_avg": 0,
            "net_income": -12778460,
            "revenue": 62272027,
            "common_shares": 5461792,
            "book_valuer_per_share": 93.08,
            "book_valuer_per_share_4q_avg": 117.88,
            "equity": 77832730,
            "current_ratio": 98.53,
            "debt_ratio": 79.88,
            "inventory_turnover_ratio": null,
            "account_receivable_turnover_ratio": 0.29,
            "reinvestment_rate": 67.37,
            "research_to_sale_ratio": 0.05,
            "price_fair": 803.8,
            "eps_avg_yearly": 25.36,
            "eps_latest_yearly": 31.44,
            "eps_growth_yearly": 21.7
        },
        "20224": {
            "year_quarter": 20224,
            "year": 2022,
            "quarter": 4,
            "eps": -16.77,
            "eps_growth_year": -358.49,
            "eps_4q": -35.39,
            "eps_4q_growth_year": -219.24,
            "roe": -11.34,
            "roe_4q": -21.06,
            "gross_profit": null,
            "gross_margin": null,
            "gross_margin_4q_avg": 0,
            "net_income": -8361188,
            "revenue": 65756990,
            "common_shares": 5461792,
            "book_valuer_per_share": 76.47,
            "book_valuer_per_share_4q_avg": 103.23,
            "equity": 69572063,
            "current_ratio": 95.97,
            "debt_ratio": 82.89,
            "inventory_turnover_ratio": null,
            "account_receivable_turnover_ratio": 0.28,
            "reinvestment_rate": 102.34,
            "research_to_sale_ratio": 0.06,
            "price_fair": 877.68,
            "eps_avg_yearly": 25.98,
            "eps_latest_yearly": 31.44,
            "eps_growth_yearly": 23.78
        },
        "20231": {
            "year_quarter": 20231,
            "year": 2023,
            "quarter": 1,
            "eps": 9.27,
            "eps_growth_year": 17.94,
            "eps_4q": -33.98,
            "eps_4q_growth_year": -219.74,
            "roe": 8.26,
            "roe_4q": -18.49,
            "gross_profit": null,
            "gross_margin": null,
            "gross_margin_4q_avg": 0,
            "net_income": 5924901,
            "revenue": 67970595,
            "common_shares": 5461792,
            "book_valuer_per_share": 84.72,
            "book_valuer_per_share_4q_avg": 93.35,
            "equity": 73882076,
            "current_ratio": 96.13,
            "debt_ratio": 82.68,
            "inventory_turnover_ratio": null,
            "account_receivable_turnover_ratio": 0.28,
            "reinvestment_rate": 97.15,
            "research_to_sale_ratio": 0.04,
            "price_fair": 900.78,
            "eps_avg_yearly": 26.62,
            "eps_latest_yearly": 31.44,
            "eps_growth_yearly": 23.84
        }
    },
    "months": {
        "2001-06": {
            "month": "2001-06",
            "price": "16.61",
            "revenue": 4503376
        },
        "2001-07": {
            "month": "2001-07",
            "price": "14.97",
            "revenue": 4677307
        },
        "2001-08": {
            "month": "2001-08",
            "price": "14.20",
            "revenue": 3736230
        },
        "2001-09": {
            "month": "2001-09",
            "price": "13.59",
            "revenue": 2682491
        },
        "2001-10": {
            "month": "2001-10",
            "price": "13.18",
            "revenue": 4397194
        },
        "2001-11": {
            "month": "2001-11",
            "price": "13.45",
            "revenue": 3945187
        },
        "2001-12": {
            "month": "2001-12",
            "price": "14.65",
            "revenue": 2369372
        },
        "2002-01": {
            "month": "2002-01",
            "price": "15.15",
            "revenue": 6242568
        },
        "2002-02": {
            "month": "2002-02",
            "price": "16.27",
            "revenue": 2438177
        },
        "2002-03": {
            "month": "2002-03",
            "price": "18.25",
            "revenue": 4860614
        },
        "2002-04": {
            "month": "2002-04",
            "price": "20.09",
            "revenue": 5819417
        },
        "2002-05": {
            "month": "2002-05",
            "price": "21.85",
            "revenue": 6079795
        },
        "2002-06": {
            "month": "2002-06",
            "price": "25.03",
            "revenue": 6097135
        },
        "2002-07": {
            "month": "2002-07",
            "price": "30.94",
            "revenue": 5751674
        },
        "2002-08": {
            "month": "2002-08",
            "price": "28.43",
            "revenue": 3362663
        },
        "2002-09": {
            "month": "2002-09",
            "price": "26.28",
            "revenue": 3604796
        },
        "2002-10": {
            "month": "2002-10",
            "price": "26.18",
            "revenue": 5543817
        },
        "2002-11": {
            "month": "2002-11",
            "price": "30.05",
            "revenue": 5139316
        },
        "2002-12": {
            "month": "2002-12",
            "price": "30.23",
            "revenue": 5372699
        },
        "2003-01": {
            "month": "2003-01",
            "price": "30.77",
            "revenue": 5833260
        },
        "2003-02": {
            "month": "2003-02",
            "price": "29.21",
            "revenue": 2465050
        },
        "2003-03": {
            "month": "2003-03",
            "price": "28.75",
            "revenue": 4952638
        },
        "2003-04": {
            "month": "2003-04",
            "price": "28.55",
            "revenue": 5129159
        },
        "2003-05": {
            "month": "2003-05",
            "price": "27.33",
            "revenue": 5121128
        },
        "2003-06": {
            "month": "2003-06",
            "price": "28.66",
            "revenue": 6062268
        },
        "2003-07": {
            "month": "2003-07",
            "price": "28.98",
            "revenue": 5650399
        },
        "2003-08": {
            "month": "2003-08",
            "price": "29.21",
            "revenue": 3237713
        },
        "2003-09": {
            "month": "2003-09",
            "price": "29.46",
            "revenue": 3838835
        },
        "2003-10": {
            "month": "2003-10",
            "price": "34.12",
            "revenue": 6756463
        },
        "2003-11": {
            "month": "2003-11",
            "price": "38.06",
            "revenue": 5009398
        },
        "2003-12": {
            "month": "2003-12",
            "price": "37.98",
            "revenue": 3520188
        },
        "2004-01": {
            "month": "2004-01",
            "price": "39.91",
            "revenue": 9634745
        },
        "2004-02": {
            "month": "2004-02",
            "price": "47.28",
            "revenue": 4892282
        },
        "2004-03": {
            "month": "2004-03",
            "price": "50.54",
            "revenue": 5830893
        },
        "2004-04": {
            "month": "2004-04",
            "price": "50.79",
            "revenue": 5968546
        },
        "2004-05": {
            "month": "2004-05",
            "price": "46.79",
            "revenue": 7641506
        },
        "2004-06": {
            "month": "2004-06",
            "price": "47.63",
            "revenue": 7177090
        },
        "2004-07": {
            "month": "2004-07",
            "price": "48.45",
            "revenue": 8127341
        },
        "2004-08": {
            "month": "2004-08",
            "price": "47.10",
            "revenue": 4064968
        },
        "2004-09": {
            "month": "2004-09",
            "price": "54.43",
            "revenue": 4231246
        },
        "2004-10": {
            "month": "2004-10",
            "price": "57.92",
            "revenue": 8067057
        },
        "2004-11": {
            "month": "2004-11",
            "price": "61.43",
            "revenue": 6761580
        },
        "2004-12": {
            "month": "2004-12",
            "price": "62.63",
            "revenue": 3921019
        },
        "2005-01": {
            "month": "2005-01",
            "price": "62.36",
            "revenue": 12944823
        },
        "2005-02": {
            "month": "2005-02",
            "price": "61.46",
            "revenue": 4942700
        },
        "2005-03": {
            "month": "2005-03",
            "price": "64.73",
            "revenue": 8174581
        },
        "2005-04": {
            "month": "2005-04",
            "price": "69.06",
            "revenue": 7089129
        },
        "2005-05": {
            "month": "2005-05",
            "price": "70.32",
            "revenue": 8211493
        },
        "2005-06": {
            "month": "2005-06",
            "price": "73.35",
            "revenue": 8073132
        },
        "2005-07": {
            "month": "2005-07",
            "price": "74.18",
            "revenue": 7410785
        },
        "2005-08": {
            "month": "2005-08",
            "price": "86.28",
            "revenue": 5104983
        },
        "2005-09": {
            "month": "2005-09",
            "price": "83.51",
            "revenue": 5470816
        },
        "2005-10": {
            "month": "2005-10",
            "price": "85.60",
            "revenue": 8660181
        },
        "2005-11": {
            "month": "2005-11",
            "price": "84.59",
            "revenue": 7589095
        },
        "2005-12": {
            "month": "2005-12",
            "price": "79.69",
            "revenue": 3706508
        },
        "2006-01": {
            "month": "2006-01",
            "price": "80.30",
            "revenue": 10189955
        },
        "2006-02": {
            "month": "2006-02",
            "price": "80.50",
            "revenue": 5015962
        },
        "2006-03": {
            "month": "2006-03",
            "price": "71.83",
            "revenue": 7231982
        },
        "2006-04": {
            "month": "2006-04",
            "price": "68.61",
            "revenue": 6356462
        },
        "2006-05": {
            "month": "2006-05",
            "price": "72.36",
            "revenue": 5071182
        },
        "2006-06": {
            "month": "2006-06",
            "price": "71.64",
            "revenue": 7753487
        },
        "2006-07": {
            "month": "2006-07",
            "price": "66.75",
            "revenue": 5411553
        },
        "2006-08": {
            "month": "2006-08",
            "price": "64.77",
            "revenue": 3527594
        },
        "2006-09": {
            "month": "2006-09",
            "price": "63.36",
            "revenue": 2432075
        },
        "2006-10": {
            "month": "2006-10",
            "price": "65.67",
            "revenue": 6722696
        },
        "2006-11": {
            "month": "2006-11",
            "price": "72.91",
            "revenue": 3751740
        },
        "2006-12": {
            "month": "2006-12",
            "price": "73.33",
            "revenue": 2480968
        },
        "2007-01": {
            "month": "2007-01",
            "price": "75.91",
            "revenue": 9252440
        },
        "2007-02": {
            "month": "2007-02",
            "price": "77.21",
            "revenue": 4743287
        },
        "2007-03": {
            "month": "2007-03",
            "price": "79.05",
            "revenue": 5374430
        },
        "2007-04": {
            "month": "2007-04",
            "price": "80.64",
            "revenue": 6083841
        },
        "2007-05": {
            "month": "2007-05",
            "price": "79.37",
            "revenue": 6786320
        },
        "2007-06": {
            "month": "2007-06",
            "price": "82.42",
            "revenue": 6531289
        },
        "2007-07": {
            "month": "2007-07",
            "price": "87.56",
            "revenue": 7303919
        },
        "2007-08": {
            "month": "2007-08",
            "price": "83.26",
            "revenue": 4761283
        },
        "2007-09": {
            "month": "2007-09",
            "price": "81.88",
            "revenue": 4249292
        },
        "2007-10": {
            "month": "2007-10",
            "price": "82.89",
            "revenue": 6891941
        },
        "2007-11": {
            "month": "2007-11",
            "price": "83.49",
            "revenue": 5768503
        },
        "2007-12": {
            "month": "2007-12",
            "price": "83.80",
            "revenue": 3319706
        },
        "2008-01": {
            "month": "2008-01",
            "price": "87.93",
            "revenue": 11353703
        },
        "2008-02": {
            "month": "2008-02",
            "price": "86.89",
            "revenue": 3936328
        },
        "2008-03": {
            "month": "2008-03",
            "price": "88.66",
            "revenue": 5665075
        },
        "2008-04": {
            "month": "2008-04",
            "price": "95.90",
            "revenue": 4784126
        },
        "2008-05": {
            "month": "2008-05",
            "price": "98.92",
            "revenue": 4501650
        },
        "2008-06": {
            "month": "2008-06",
            "price": "88.97",
            "revenue": 4350163
        },
        "2008-07": {
            "month": "2008-07",
            "price": "83.19",
            "revenue": 4316762
        },
        "2008-08": {
            "month": "2008-08",
            "price": "81.10",
            "revenue": 2163730
        },
        "2008-09": {
            "month": "2008-09",
            "price": "73.62",
            "revenue": 2211979
        },
        "2008-10": {
            "month": "2008-10",
            "price": "58.84",
            "revenue": 4934891
        },
        "2008-11": {
            "month": "2008-11",
            "price": "47.16",
            "revenue": 2254944
        },
        "2008-12": {
            "month": "2008-12",
            "price": "50.86",
            "revenue": 2563173
        },
        "2009-01": {
            "month": "2009-01",
            "price": "50.08",
            "revenue": 7432903
        },
        "2009-02": {
            "month": "2009-02",
            "price": "47.96",
            "revenue": 3611236
        },
        "2009-03": {
            "month": "2009-03",
            "price": "46.20",
            "revenue": 3449678
        },
        "2009-04": {
            "month": "2009-04",
            "price": "55.77",
            "revenue": 3861685
        },
        "2009-05": {
            "month": "2009-05",
            "price": "67.76",
            "revenue": 5408771
        },
        "2009-06": {
            "month": "2009-06",
            "price": "70.67",
            "revenue": 7396380
        },
        "2009-07": {
            "month": "2009-07",
            "price": "74.25",
            "revenue": 8074530
        },
        "2009-08": {
            "month": "2009-08",
            "price": "75.56",
            "revenue": 4812823
        },
        "2009-09": {
            "month": "2009-09",
            "price": "76.07",
            "revenue": 4199401
        },
        "2009-10": {
            "month": "2009-10",
            "price": "77.17",
            "revenue": 7440021
        },
        "2009-11": {
            "month": "2009-11",
            "price": "79.61",
            "revenue": 7959822
        },
        "2009-12": {
            "month": "2009-12",
            "price": "77.16",
            "revenue": 8835618
        },
        "2010-01": {
            "month": "2010-01",
            "price": "74.44",
            "revenue": 8032438
        },
        "2010-02": {
            "month": "2010-02",
            "price": "65.90",
            "revenue": 6310680
        },
        "2010-03": {
            "month": "2010-03",
            "price": "67.86",
            "revenue": 7361797
        },
        "2010-04": {
            "month": "2010-04",
            "price": "76.20",
            "revenue": 7156204
        },
        "2010-05": {
            "month": "2010-05",
            "price": "79.45",
            "revenue": 7075936
        },
        "2010-06": {
            "month": "2010-06",
            "price": "78.83",
            "revenue": 6772362
        },
        "2010-07": {
            "month": "2010-07",
            "price": "80.82",
            "revenue": 6194645
        },
        "2010-08": {
            "month": "2010-08",
            "price": "87.46",
            "revenue": 3076669
        },
        "2010-09": {
            "month": "2010-09",
            "price": "90.89",
            "revenue": 4088882
        },
        "2010-10": {
            "month": "2010-10",
            "price": "89.76",
            "revenue": 7162324
        },
        "2010-11": {
            "month": "2010-11",
            "price": "87.99",
            "revenue": 7120739
        },
        "2010-12": {
            "month": "2010-12",
            "price": "88.77",
            "revenue": 4013200
        },
        "2011-01": {
            "month": "2011-01",
            "price": "88.82",
            "revenue": 13173484
        },
        "2011-02": {
            "month": "2011-02",
            "price": "87.93",
            "revenue": 5661859
        },
        "2011-03": {
            "month": "2011-03",
            "price": "85.55",
            "revenue": 8239794
        },
        "2011-04": {
            "month": "2011-04",
            "price": "86.31",
            "revenue": 3334660
        },
        "2011-05": {
            "month": "2011-05",
            "price": "92.33",
            "revenue": 3022292
        },
        "2011-06": {
            "month": "2011-06",
            "price": "97.32",
            "revenue": 6308899
        },
        "2011-07": {
            "month": "2011-07",
            "price": "116.71",
            "revenue": 8269141
        },
        "2011-08": {
            "month": "2011-08",
            "price": "137.52",
            "revenue": 6050833
        },
        "2011-09": {
            "month": "2011-09",
            "price": "134.02",
            "revenue": 6970550
        },
        "2011-10": {
            "month": "2011-10",
            "price": "120.75",
            "revenue": 9919645
        },
        "2011-11": {
            "month": "2011-11",
            "price": "144.11",
            "revenue": 8430966
        },
        "2011-12": {
            "month": "2011-12",
            "price": "144.95",
            "revenue": 6590459
        },
        "2012-01": {
            "month": "2012-01",
            "price": "144.07",
            "revenue": 9030825
        },
        "2012-02": {
            "month": "2012-02",
            "price": "173.32",
            "revenue": 6550143
        },
        "2012-03": {
            "month": "2012-03",
            "price": "227.00",
            "revenue": 8800162
        },
        "2012-04": {
            "month": "2012-04",
            "price": "198.22",
            "revenue": 5195608
        },
        "2012-05": {
            "month": "2012-05",
            "price": "184.73",
            "revenue": 8755831
        },
        "2012-06": {
            "month": "2012-06",
            "price": "192.67",
            "revenue": 7854027
        },
        "2012-07": {
            "month": "2012-07",
            "price": "194.05",
            "revenue": 7996489
        },
        "2012-08": {
            "month": "2012-08",
            "price": "210.50",
            "revenue": 6353255
        },
        "2012-09": {
            "month": "2012-09",
            "price": "208.78",
            "revenue": 6955551
        },
        "2012-10": {
            "month": "2012-10",
            "price": "209.36",
            "revenue": 8881401
        },
        "2012-11": {
            "month": "2012-11",
            "price": "193.05",
            "revenue": 8473398
        },
        "2012-12": {
            "month": "2012-12",
            "price": "217.83",
            "revenue": 4815631
        },
        "2013-01": {
            "month": "2013-01",
            "price": "233.59",
            "revenue": 17379241
        },
        "2013-02": {
            "month": "2013-02",
            "price": "230.88",
            "revenue": 9849678
        },
        "2013-03": {
            "month": "2013-03",
            "price": "239.19",
            "revenue": 11070093
        },
        "2013-04": {
            "month": "2013-04",
            "price": "248.82",
            "revenue": 10297388
        },
        "2013-05": {
            "month": "2013-05",
            "price": "293.66",
            "revenue": 11720868
        },
        "2013-06": {
            "month": "2013-06",
            "price": "311.05",
            "revenue": 12334731
        },
        "2013-07": {
            "month": "2013-07",
            "price": "366.57",
            "revenue": 13925744
        },
        "2013-08": {
            "month": "2013-08",
            "price": "296.67",
            "revenue": 9629039
        },
        "2013-09": {
            "month": "2013-09",
            "price": "325.18",
            "revenue": 10515676
        },
        "2013-10": {
            "month": "2013-10",
            "price": "343.89",
            "revenue": 13496888
        },
        "2013-11": {
            "month": "2013-11",
            "price": "330.86",
            "revenue": 13919109
        },
        "2013-12": {
            "month": "2013-12",
            "price": "350.59",
            "revenue": 12458618
        },
        "2014-01": {
            "month": "2014-01",
            "price": "374.81",
            "revenue": 14459337
        },
        "2014-02": {
            "month": "2014-02",
            "price": "360.38",
            "revenue": 10231579
        },
        "2014-03": {
            "month": "2014-03",
            "price": "360.71",
            "revenue": 13091796
        },
        "2014-04": {
            "month": "2014-04",
            "price": "366.60",
            "revenue": 13523817
        },
        "2014-05": {
            "month": "2014-05",
            "price": "354.67",
            "revenue": 14731473
        },
        "2014-06": {
            "month": "2014-06",
            "price": "364.68",
            "revenue": 13429268
        },
        "2014-07": {
            "month": "2014-07",
            "price": "388.09",
            "revenue": 16391649
        },
        "2014-08": {
            "month": "2014-08",
            "price": "393.95",
            "revenue": 10100049
        },
        "2014-09": {
            "month": "2014-09",
            "price": "418.86",
            "revenue": 12342626
        },
        "2014-10": {
            "month": "2014-10",
            "price": "412.32",
            "revenue": 13934237
        },
        "2014-11": {
            "month": "2014-11",
            "price": "470.62",
            "revenue": 14043216
        },
        "2014-12": {
            "month": "2014-12",
            "price": "474.04",
            "revenue": 13934603
        },
        "2015-01": {
            "month": "2015-01",
            "price": "451.52",
            "revenue": 16575398
        },
        "2015-02": {
            "month": "2015-02",
            "price": "473.96",
            "revenue": 11379738
        },
        "2015-03": {
            "month": "2015-03",
            "price": "474.64",
            "revenue": 15521128
        },
        "2015-04": {
            "month": "2015-04",
            "price": "482.52",
            "revenue": 12526689
        },
        "2015-05": {
            "month": "2015-05",
            "price": "507.82",
            "revenue": 13565457
        },
        "2015-06": {
            "month": "2015-06",
            "price": "442.38",
            "revenue": 15942265
        },
        "2015-07": {
            "month": "2015-07",
            "price": "416.91",
            "revenue": 15575363
        },
        "2015-08": {
            "month": "2015-08",
            "price": "392.02",
            "revenue": 8142542
        },
        "2015-09": {
            "month": "2015-09",
            "price": "364.78",
            "revenue": 9783882
        },
        "2015-10": {
            "month": "2015-10",
            "price": "382.55",
            "revenue": 14394617
        },
        "2015-11": {
            "month": "2015-11",
            "price": "361.05",
            "revenue": 14648718
        },
        "2015-12": {
            "month": "2015-12",
            "price": "376.72",
            "revenue": 12541210
        },
        "2016-01": {
            "month": "2016-01",
            "price": "340.43",
            "revenue": 17377974
        },
        "2016-02": {
            "month": "2016-02",
            "price": "338.08",
            "revenue": 9318545
        },
        "2016-03": {
            "month": "2016-03",
            "price": "351.57",
            "revenue": 13480395
        },
        "2016-04": {
            "month": "2016-04",
            "price": "332.89",
            "revenue": 16509466
        },
        "2016-05": {
            "month": "2016-05",
            "price": "299.57",
            "revenue": 13557331
        },
        "2016-06": {
            "month": "2016-06",
            "price": "313.45",
            "revenue": 17226896
        },
        "2016-07": {
            "month": "2016-07",
            "price": "323.98",
            "revenue": 16577484
        },
        "2016-08": {
            "month": "2016-08",
            "price": "340.00",
            "revenue": 10960810
        },
        "2016-09": {
            "month": "2016-09",
            "price": "359.82",
            "revenue": 11974568
        },
        "2016-10": {
            "month": "2016-10",
            "price": "367.02",
            "revenue": 16492154
        },
        "2016-11": {
            "month": "2016-11",
            "price": "359.89",
            "revenue": 15565287
        },
        "2016-12": {
            "month": "2016-12",
            "price": "365.18",
            "revenue": 13539350
        },
        "2017-01": {
            "month": "2017-01",
            "price": "363.34",
            "revenue": 18476452
        },
        "2017-02": {
            "month": "2017-02",
            "price": "354.81",
            "revenue": 12880807
        },
        "2017-03": {
            "month": "2017-03",
            "price": "350.37",
            "revenue": 15734332
        },
        "2017-04": {
            "month": "2017-04",
            "price": "350.56",
            "revenue": 13674732
        },
        "2017-05": {
            "month": "2017-05",
            "price": "362.50",
            "revenue": 12980915
        },
        "2017-06": {
            "month": "2017-06",
            "price": "383.02",
            "revenue": 16078126
        },
        "2017-07": {
            "month": "2017-07",
            "price": "372.50",
            "revenue": 15553608
        },
        "2017-08": {
            "month": "2017-08",
            "price": "356.15",
            "revenue": 12068435
        },
        "2017-09": {
            "month": "2017-09",
            "price": "356.30",
            "revenue": 11745754
        },
        "2017-10": {
            "month": "2017-10",
            "price": "354.21",
            "revenue": 15380645
        },
        "2017-11": {
            "month": "2017-11",
            "price": "348.39",
            "revenue": 17012905
        },
        "2017-12": {
            "month": "2017-12",
            "price": "344.02",
            "revenue": 15774416
        },
        "2018-01": {
            "month": "2018-01",
            "price": "365.07",
            "revenue": 17433137
        },
        "2018-02": {
            "month": "2018-02",
            "price": "342.23",
            "revenue": 11611313
        },
        "2018-03": {
            "month": "2018-03",
            "price": "307.65",
            "revenue": 17386410
        },
        "2018-04": {
            "month": "2018-04",
            "price": "294.17",
            "revenue": 14139052
        },
        "2018-05": {
            "month": "2018-05",
            "price": "282.91",
            "revenue": 16919108
        },
        "2018-06": {
            "month": "2018-06",
            "price": "278.18",
            "revenue": 16370397
        },
        "2018-07": {
            "month": "2018-07",
            "price": "265.55",
            "revenue": 16976457
        },
        "2018-08": {
            "month": "2018-08",
            "price": "262.39",
            "revenue": 13511389
        },
        "2018-09": {
            "month": "2018-09",
            "price": "259.00",
            "revenue": 11820625
        },
        "2018-10": {
            "month": "2018-10",
            "price": "228.11",
            "revenue": 15956070
        },
        "2018-11": {
            "month": "2018-11",
            "price": "222.16",
            "revenue": 16520650
        },
        "2018-12": {
            "month": "2018-12",
            "price": "248.86",
            "revenue": 15912136
        },
        "2019-01": {
            "month": "2019-01",
            "price": "268.69",
            "revenue": 17207809
        },
        "2019-02": {
            "month": "2019-02",
            "price": "300.15",
            "revenue": 9332395
        },
        "2019-03": {
            "month": "2019-03",
            "price": "357.48",
            "revenue": 15908022
        },
        "2019-04": {
            "month": "2019-04",
            "price": "410.80",
            "revenue": 19485398
        },
        "2019-05": {
            "month": "2019-05",
            "price": "467.98",
            "revenue": 18007617
        },
        "2019-06": {
            "month": "2019-06",
            "price": "510.97",
            "revenue": 17834356
        },
        "2019-07": {
            "month": "2019-07",
            "price": "480.09",
            "revenue": 21258922
        },
        "2019-08": {
            "month": "2019-08",
            "price": "429.38",
            "revenue": 14327801
        },
        "2019-09": {
            "month": "2019-09",
            "price": "448.63",
            "revenue": 17547711
        },
        "2019-10": {
            "month": "2019-10",
            "price": "495.45",
            "revenue": 19544582
        },
        "2019-11": {
            "month": "2019-11",
            "price": "576.67",
            "revenue": 21470096
        },
        "2019-12": {
            "month": "2019-12",
            "price": "652.09",
            "revenue": 18461308
        },
        "2020-01": {
            "month": "2020-01",
            "price": "668.13",
            "revenue": 21382644
        },
        "2020-02": {
            "month": "2020-02",
            "price": "643.58",
            "revenue": 15802623
        },
        "2020-03": {
            "month": "2020-03",
            "price": "489.89",
            "revenue": 19331974
        },
        "2020-04": {
            "month": "2020-04",
            "price": "501.32",
            "revenue": 18597939
        },
        "2020-05": {
            "month": "2020-05",
            "price": "523.55",
            "revenue": 16857619
        },
        "2020-06": {
            "month": "2020-06",
            "price": "652.35",
            "revenue": 20715699
        },
        "2020-07": {
            "month": "2020-07",
            "price": "721.52",
            "revenue": 23157675
        },
        "2020-08": {
            "month": "2020-08",
            "price": "636.71",
            "revenue": 14479821
        },
        "2020-09": {
            "month": "2020-09",
            "price": "624.45",
            "revenue": 18314502
        },
        "2020-10": {
            "month": "2020-10",
            "price": "638.00",
            "revenue": 20399524
        },
        "2020-11": {
            "month": "2020-11",
            "price": "667.00",
            "revenue": 20960133
        },
        "2020-12": {
            "month": "2020-12",
            "price": "637.61",
            "revenue": 18727327
        },
        "2021-01": {
            "month": "2021-01",
            "price": "624.75",
            "revenue": 26648234
        },
        "2021-02": {
            "month": "2021-02",
            "price": "595.00",
            "revenue": 16592680
        },
        "2021-03": {
            "month": "2021-03",
            "price": "588.41",
            "revenue": 22342701
        },
        "2021-04": {
            "month": "2021-04",
            "price": "592.26",
            "revenue": 20954091
        },
        "2021-05": {
            "month": "2021-05",
            "price": "558.81",
            "revenue": 21335761
        },
        "2021-06": {
            "month": "2021-06",
            "price": "585.05",
            "revenue": 22282998
        },
        "2021-07": {
            "month": "2021-07",
            "price": "600.86",
            "revenue": 21546401
        },
        "2021-08": {
            "month": "2021-08",
            "price": "574.18",
            "revenue": 18667431
        },
        "2021-09": {
            "month": "2021-09",
            "price": "589.60",
            "revenue": 16010315
        },
        "2021-10": {
            "month": "2021-10",
            "price": "596.90",
            "revenue": 16838493
        },
        "2021-11": {
            "month": "2021-11",
            "price": "629.14",
            "revenue": 18675699
        },
        "2021-12": {
            "month": "2021-12",
            "price": "612.77",
            "revenue": 20114988
        },
        "2022-01": {
            "month": "2022-01",
            "price": "614.06",
            "revenue": 22413331
        },
        "2022-02": {
            "month": "2022-02",
            "price": "627.00",
            "revenue": 16640445
        },
        "2022-03": {
            "month": "2022-03",
            "price": "592.09",
            "revenue": 21209473
        },
        "2022-04": {
            "month": "2022-04",
            "price": "582.00",
            "revenue": 18418347
        },
        "2022-05": {
            "month": "2022-05",
            "price": "575.86",
            "revenue": 16548949
        },
        "2022-06": {
            "month": "2022-06",
            "price": "601.19",
            "revenue": 20111295
        },
        "2022-07": {
            "month": "2022-07",
            "price": "601.29",
            "revenue": 23535769
        },
        "2022-08": {
            "month": "2022-08",
            "price": "602.65",
            "revenue": 17421757
        },
        "2022-09": {
            "month": "2022-09",
            "price": "586.90",
            "revenue": 20180474
        },
        "2022-10": {
            "month": "2022-10",
            "price": "569.60",
            "revenue": 20746066
        },
        "2022-11": {
            "month": "2022-11",
            "price": "609.68",
            "revenue": 21076318
        },
        "2022-12": {
            "month": "2022-12",
            "price": "608.64",
            "revenue": 22409507
        },
        "2023-01": {
            "month": "2023-01",
            "price": "623.54",
            "revenue": 18344657
        },
        "2023-02": {
            "month": "2023-02",
            "price": "632.50",
            "revenue": 21754357
        },
        "2023-03": {
            "month": "2023-03",
            "price": "614.70",
            "revenue": 26211140
        },
        "2023-04": {
            "month": "2023-04",
            "price": "649.71",
            "revenue": 23214994
        }
    }
}
