{
    "summary": {
        "stock_name": "台船",
        "stock_id": "2208",
        "category": "航運",
        "main_business": "船艦建造及維修<br>大型鋼構及機械製造<br>海工及其他營業工程",
        "website_url": "http://www.csbcnet.com.tw",
        "ceo": "魏正賜",
        "pe_ratio": -4,
        "report_year_from": 2002,
        "report_year_to": 2023,
        "age": 22,
        "eps_negative_percentage": 41,
        "eps_growth_avg": {
            "last_all": -17.24,
            "last_2y": -100,
            "last_4y": -100,
            "last_8y": -65.57,
            "last_12y": -41.47,
            "last_16y": null,
            "last_20y": null,
            "at_2006_last_3y": null,
            "at_2007_last_3y": null,
            "at_2008_last_3y": null,
            "at_2009_last_3y": null,
            "at_2010_last_3y": null,
            "at_2011_last_3y": 29.68,
            "at_2012_last_3y": 1.42,
            "at_2013_last_3y": -33.47,
            "at_2014_last_3y": -23.39,
            "at_2015_last_3y": -22.78,
            "at_2016_last_3y": -32.78,
            "at_2017_last_3y": -30.52,
            "at_2018_last_3y": -48.36,
            "at_2019_last_3y": -100,
            "at_2020_last_3y": null,
            "at_2021_last_3y": null,
            "at_2022_last_3y": -100,
            "at_2023_last_3y": -100,
            "at_2024_last_3y": -100,
            "at_2006_last_all": null,
            "at_2007_last_all": null,
            "at_2008_last_all": null,
            "at_2009_last_all": 76.51,
            "at_2010_last_all": 39.29,
            "at_2011_last_all": 29.68,
            "at_2012_last_all": 11.74,
            "at_2013_last_all": 3.19,
            "at_2014_last_all": 3.47,
            "at_2015_last_all": 3.45,
            "at_2016_last_all": -8.05,
            "at_2017_last_all": -8.05,
            "at_2018_last_all": -8.05,
            "at_2019_last_all": -8.05,
            "at_2020_last_all": -8.05,
            "at_2021_last_all": -8.05,
            "at_2022_last_all": -17.24,
            "at_2023_last_all": -17.24,
            "at_2024_last_all": -17.24
        },
        "latest_eps": -5.09,
        "latest_price": 20.3,
        "latest_roe": -55.7,
        "latest_gross_margin": -1.9,
        "latest_equity": 6242048,
        "latest_revenue": 5552855,
        "latest_gross_profit": -105667,
        "latest_net_income": -938133,
        "latest_debt_ratio": 83.45,
        "latest_current_ratio": 100.38,
        "latest_account_receivable_turnover_ratio": 3.85,
        "latest_inventory_turnover_ratio": 0.93,
        "latest_reinvestment_rate": null,
        "latest_research_to_sale_ratio": 0.69
    },
    "eps_dividends": {
        "2001": {
            "cash": 0,
            "stock": 0,
            "eps": 0
        },
        "2002": {
            "cash": 0,
            "stock": 0,
            "eps": 0
        },
        "2003": {
            "cash": 0,
            "stock": 0,
            "eps": 0
        },
        "2004": {
            "cash": 0,
            "stock": 0,
            "eps": 0
        },
        "2005": {
            "cash": 0,
            "stock": 0,
            "eps": 0
        },
        "2006": {
            "cash": 0,
            "stock": 0,
            "eps": 0
        },
        "2007": {
            "cash": 0,
            "stock": 0,
            "eps": 0.83
        },
        "2008": {
            "cash": 0,
            "stock": 0,
            "eps": 1.27
        },
        "2009": {
            "cash": 1,
            "stock": 0.1,
            "eps": 3.67
        },
        "2010": {
            "cash": 1.1,
            "stock": 0.73,
            "eps": 2.38
        },
        "2011": {
            "cash": 2.8,
            "stock": 0.3,
            "eps": 2.4
        },
        "2012": {
            "cash": 0,
            "stock": 0,
            "eps": 0.96
        },
        "2013": {
            "cash": 0.8,
            "stock": 0,
            "eps": 0.58
        },
        "2014": {
            "cash": 0.5,
            "stock": 0,
            "eps": 0.61
        },
        "2015": {
            "cash": 0.5,
            "stock": 0,
            "eps": 0.63
        },
        "2016": {
            "cash": 0.5,
            "stock": 0,
            "eps": -1.74
        },
        "2017": {
            "cash": 0,
            "stock": 0,
            "eps": -7.91
        },
        "2018": {
            "cash": 0,
            "stock": 0,
            "eps": -8.85
        },
        "2019": {
            "cash": 0,
            "stock": 0,
            "eps": -3.89
        },
        "2020": {
            "cash": 0,
            "stock": 0,
            "eps": -3.38
        },
        "2021": {
            "cash": 0,
            "stock": 0,
            "eps": 0.05
        },
        "2022": {
            "cash": 0,
            "stock": 0,
            "eps": -3.78
        },
        "2023": {
            "cash": 0,
            "stock": 0,
            "eps": -3.86
        }
    },
    "dividends": {
        "2009-04-03": {
            "cash": 1,
            "stock": 0.1
        },
        "2010-04-16": {
            "cash": 1.1,
            "stock": 0.73
        },
        "2011-01-01": {
            "cash": 1,
            "stock": 0.3
        },
        "2011-03-24": {
            "cash": 1.8,
            "stock": 0
        },
        "2013-03-21": {
            "cash": 0.8,
            "stock": 0
        },
        "2014-08-08": {
            "cash": 0.5,
            "stock": 0
        },
        "2015-08-11": {
            "cash": 0.5,
            "stock": 0
        },
        "2016-08-05": {
            "cash": 0.5,
            "stock": 0
        }
    },
    "prices": {
        "200101": "無",
        "200102": "無",
        "200103": "無",
        "200104": "無",
        "200105": "無",
        "200106": "無",
        "200107": "無",
        "200108": "無",
        "200109": "無",
        "200110": "無",
        "200111": "無",
        "200112": "無",
        "200201": "無",
        "200202": "無",
        "200203": "無",
        "200204": "無",
        "200205": "無",
        "200206": "無",
        "200207": "無",
        "200208": "無",
        "200209": "無",
        "200210": "無",
        "200211": "無",
        "200212": "無",
        "200301": "無",
        "200302": "無",
        "200303": "無",
        "200304": "無",
        "200305": "無",
        "200306": "無",
        "200307": "無",
        "200308": "無",
        "200309": "無",
        "200310": "無",
        "200311": "無",
        "200312": "無",
        "200401": "無",
        "200402": "無",
        "200403": "無",
        "200404": "無",
        "200405": "無",
        "200406": "無",
        "200407": "無",
        "200408": "無",
        "200409": "無",
        "200410": "無",
        "200411": "無",
        "200412": "無",
        "200501": "無",
        "200502": "無",
        "200503": "無",
        "200504": "無",
        "200505": "無",
        "200506": "無",
        "200507": "無",
        "200508": "無",
        "200509": "無",
        "200510": "無",
        "200511": "無",
        "200512": "無",
        "200601": "無",
        "200602": "無",
        "200603": "無",
        "200604": "無",
        "200605": "無",
        "200606": "無",
        "200607": "無",
        "200608": "無",
        "200609": "無",
        "200610": "無",
        "200611": "無",
        "200612": "無",
        "200701": "無",
        "200702": "無",
        "200703": "無",
        "200704": "無",
        "200705": "無",
        "200706": "無",
        "200707": "無",
        "200708": "無",
        "200709": "無",
        "200710": "無",
        "200711": "無",
        "200712": "無",
        "200801": "無",
        "200802": "無",
        "200803": "無",
        "200804": "無",
        "200805": "無",
        "200806": "無",
        "200807": "無",
        "200808": "無",
        "200809": "無",
        "200810": "無",
        "200811": "無",
        "200812": "19.57",
        "200901": "19.81",
        "200902": "19.70",
        "200903": "24.29",
        "200904": "31.16",
        "200905": "33.59",
        "200906": "35.82",
        "200907": "35.98",
        "200908": "33.74",
        "200909": "32.40",
        "200910": "32.19",
        "200911": "30.44",
        "200912": "29.70",
        "201001": "30.53",
        "201002": "26.50",
        "201003": "27.67",
        "201004": "28.03",
        "201005": "25.86",
        "201006": "25.67",
        "201007": "28.01",
        "201008": "27.58",
        "201009": "27.54",
        "201010": "27.25",
        "201011": "26.92",
        "201012": "27.04",
        "201101": "27.54",
        "201102": "26.98",
        "201103": "26.72",
        "201104": "27.50",
        "201105": "29.15",
        "201106": "29.10",
        "201107": "27.29",
        "201108": "25.24",
        "201109": "24.93",
        "201110": "25.22",
        "201111": "24.28",
        "201112": "23.54",
        "201201": "23.08",
        "201202": "24.58",
        "201203": "24.63",
        "201204": "23.59",
        "201205": "23.48",
        "201206": "23.36",
        "201207": "22.87",
        "201208": "21.42",
        "201209": "19.94",
        "201210": "18.85",
        "201211": "17.32",
        "201212": "17.74",
        "201301": "17.91",
        "201302": "17.86",
        "201303": "18.00",
        "201304": "18.99",
        "201305": "19.80",
        "201306": "19.31",
        "201307": "19.08",
        "201308": "18.27",
        "201309": "18.48",
        "201310": "18.67",
        "201311": "18.54",
        "201312": "18.59",
        "201401": "19.68",
        "201402": "19.24",
        "201403": "18.90",
        "201404": "18.47",
        "201405": "18.18",
        "201406": "17.95",
        "201407": "17.95",
        "201408": "17.54",
        "201409": "17.43",
        "201410": "16.53",
        "201411": "15.95",
        "201412": "16.10",
        "201501": "16.54",
        "201502": "16.40",
        "201503": "16.55",
        "201504": "16.50",
        "201505": "16.13",
        "201506": "15.15",
        "201507": "14.38",
        "201508": "12.71",
        "201509": "12.64",
        "201510": "13.39",
        "201511": "13.38",
        "201512": "13.44",
        "201601": "14.23",
        "201602": "14.98",
        "201603": "15.83",
        "201604": "15.84",
        "201605": "15.08",
        "201606": "15.23",
        "201607": "14.91",
        "201608": "14.97",
        "201609": "14.15",
        "201610": "13.33",
        "201611": "13.07",
        "201612": "13.33",
        "201701": "13.73",
        "201702": "14.01",
        "201703": "14.42",
        "201704": "13.85",
        "201705": "13.86",
        "201706": "13.16",
        "201707": "13.08",
        "201708": "12.57",
        "201709": "12.46",
        "201710": "12.52",
        "201711": "11.67",
        "201712": "11.40",
        "201801": "13.82",
        "201802": "13.55",
        "201803": "14.86",
        "201804": "23.74",
        "201805": "19.94",
        "201806": "18.54",
        "201807": "19.19",
        "201808": "36.47",
        "201809": "35.18",
        "201810": "33.61",
        "201811": "32.03",
        "201812": "27.01",
        "201901": "24.90",
        "201902": "27.18",
        "201903": "28.19",
        "201904": "26.77",
        "201905": "26.60",
        "201906": "26.38",
        "201907": "26.69",
        "201908": "25.76",
        "201909": "26.19",
        "201910": "26.71",
        "201911": "26.68",
        "201912": "26.67",
        "202001": "26.31",
        "202002": "23.80",
        "202003": "19.33",
        "202004": "19.56",
        "202005": "24.10",
        "202006": "24.15",
        "202007": "24.00",
        "202008": "24.90",
        "202009": "24.67",
        "202010": "24.82",
        "202011": "24.45",
        "202012": "26.63",
        "202101": "25.60",
        "202102": "24.66",
        "202103": "22.65",
        "202104": "24.09",
        "202105": "22.07",
        "202106": "26.33",
        "202107": "25.57",
        "202108": "23.83",
        "202109": "23.25",
        "202110": "21.40",
        "202111": "22.32",
        "202112": "21.74",
        "202201": "21.16",
        "202202": "21.16",
        "202203": "21.53",
        "202204": "21.17",
        "202205": "19.58",
        "202206": "18.63",
        "202207": "17.84",
        "202208": "18.39",
        "202209": "17.47",
        "202210": "15.24",
        "202211": "17.92",
        "202212": "19.67",
        "202301": "18.80",
        "202302": "21.46",
        "202303": "22.60",
        "202304": "25.58",
        "202305": "24.58",
        "202306": "24.48",
        "202307": "23.79",
        "202308": "22.37",
        "202309": "23.68",
        "202310": "21.02",
        "202311": "20.94",
        "202312": "21.10"
    },
    "quarters": {
        "20011": {
            "year_quarter": 20011,
            "year": 2001,
            "quarter": 1,
            "eps": null,
            "eps_growth_year": null,
            "eps_4q": null,
            "eps_4q_growth_year": null,
            "roe": null,
            "roe_4q": 0,
            "gross_profit": null,
            "gross_margin": null,
            "gross_margin_4q_avg": 0,
            "net_income": null,
            "net_income_4q": null,
            "revenue": null,
            "revenue_4q": null,
            "common_shares": null,
            "book_valuer_per_share": null,
            "book_valuer_per_share_4q_avg": 0,
            "equity": null,
            "current_ratio": null,
            "debt_ratio": null,
            "inventory_turnover_ratio": null,
            "account_receivable_turnover_ratio": null,
            "reinvestment_rate": null,
            "research_to_sale_ratio": null,
            "price_fair": 0,
            "eps_avg_yearly": 0,
            "eps_latest_yearly": 0,
            "eps_growth_yearly": 0
        },
        "20012": {
            "year_quarter": 20012,
            "year": 2001,
            "quarter": 2,
            "eps": null,
            "eps_growth_year": null,
            "eps_4q": null,
            "eps_4q_growth_year": null,
            "roe": null,
            "roe_4q": 0,
            "gross_profit": null,
            "gross_margin": null,
            "gross_margin_4q_avg": 0,
            "net_income": null,
            "net_income_4q": null,
            "revenue": null,
            "revenue_4q": null,
            "common_shares": null,
            "book_valuer_per_share": null,
            "book_valuer_per_share_4q_avg": 0,
            "equity": null,
            "current_ratio": null,
            "debt_ratio": null,
            "inventory_turnover_ratio": null,
            "account_receivable_turnover_ratio": null,
            "reinvestment_rate": null,
            "research_to_sale_ratio": null,
            "price_fair": 0,
            "eps_avg_yearly": 0,
            "eps_latest_yearly": 0,
            "eps_growth_yearly": 0
        },
        "20013": {
            "year_quarter": 20013,
            "year": 2001,
            "quarter": 3,
            "eps": null,
            "eps_growth_year": null,
            "eps_4q": null,
            "eps_4q_growth_year": null,
            "roe": null,
            "roe_4q": 0,
            "gross_profit": null,
            "gross_margin": null,
            "gross_margin_4q_avg": 0,
            "net_income": null,
            "net_income_4q": null,
            "revenue": null,
            "revenue_4q": null,
            "common_shares": null,
            "book_valuer_per_share": null,
            "book_valuer_per_share_4q_avg": 0,
            "equity": null,
            "current_ratio": null,
            "debt_ratio": null,
            "inventory_turnover_ratio": null,
            "account_receivable_turnover_ratio": null,
            "reinvestment_rate": null,
            "research_to_sale_ratio": null,
            "price_fair": 0,
            "eps_avg_yearly": 0,
            "eps_latest_yearly": 0,
            "eps_growth_yearly": 0
        },
        "20014": {
            "year_quarter": 20014,
            "year": 2001,
            "quarter": 4,
            "eps": null,
            "eps_growth_year": null,
            "eps_4q": null,
            "eps_4q_growth_year": null,
            "roe": null,
            "roe_4q": 0,
            "gross_profit": null,
            "gross_margin": null,
            "gross_margin_4q_avg": 0,
            "net_income": null,
            "net_income_4q": null,
            "revenue": null,
            "revenue_4q": null,
            "common_shares": 11138997,
            "book_valuer_per_share": 0.06,
            "book_valuer_per_share_4q_avg": 0.02,
            "equity": 67276,
            "current_ratio": 67.64,
            "debt_ratio": 99.76,
            "inventory_turnover_ratio": null,
            "account_receivable_turnover_ratio": null,
            "reinvestment_rate": null,
            "research_to_sale_ratio": null,
            "price_fair": 0,
            "eps_avg_yearly": 0,
            "eps_latest_yearly": 0,
            "eps_growth_yearly": 0
        },
        "20021": {
            "year_quarter": 20021,
            "year": 2002,
            "quarter": 1,
            "eps": null,
            "eps_growth_year": null,
            "eps_4q": null,
            "eps_4q_growth_year": null,
            "roe": null,
            "roe_4q": 0,
            "gross_profit": null,
            "gross_margin": null,
            "gross_margin_4q_avg": 0,
            "net_income": null,
            "net_income_4q": null,
            "revenue": null,
            "revenue_4q": null,
            "common_shares": null,
            "book_valuer_per_share": null,
            "book_valuer_per_share_4q_avg": 0.02,
            "equity": null,
            "current_ratio": null,
            "debt_ratio": null,
            "inventory_turnover_ratio": null,
            "account_receivable_turnover_ratio": null,
            "reinvestment_rate": null,
            "research_to_sale_ratio": null,
            "price_fair": 0,
            "eps_avg_yearly": 0,
            "eps_latest_yearly": 0,
            "eps_growth_yearly": 0
        },
        "20022": {
            "year_quarter": 20022,
            "year": 2002,
            "quarter": 2,
            "eps": null,
            "eps_growth_year": null,
            "eps_4q": null,
            "eps_4q_growth_year": null,
            "roe": null,
            "roe_4q": 0,
            "gross_profit": null,
            "gross_margin": null,
            "gross_margin_4q_avg": 0,
            "net_income": null,
            "net_income_4q": null,
            "revenue": null,
            "revenue_4q": null,
            "common_shares": null,
            "book_valuer_per_share": null,
            "book_valuer_per_share_4q_avg": 0.02,
            "equity": null,
            "current_ratio": null,
            "debt_ratio": null,
            "inventory_turnover_ratio": null,
            "account_receivable_turnover_ratio": null,
            "reinvestment_rate": null,
            "research_to_sale_ratio": null,
            "price_fair": 0,
            "eps_avg_yearly": 0,
            "eps_latest_yearly": 0,
            "eps_growth_yearly": 0
        },
        "20023": {
            "year_quarter": 20023,
            "year": 2002,
            "quarter": 3,
            "eps": null,
            "eps_growth_year": null,
            "eps_4q": null,
            "eps_4q_growth_year": null,
            "roe": null,
            "roe_4q": 0,
            "gross_profit": null,
            "gross_margin": null,
            "gross_margin_4q_avg": 0,
            "net_income": null,
            "net_income_4q": null,
            "revenue": null,
            "revenue_4q": null,
            "common_shares": null,
            "book_valuer_per_share": null,
            "book_valuer_per_share_4q_avg": 0.02,
            "equity": null,
            "current_ratio": null,
            "debt_ratio": null,
            "inventory_turnover_ratio": null,
            "account_receivable_turnover_ratio": null,
            "reinvestment_rate": null,
            "research_to_sale_ratio": null,
            "price_fair": 0,
            "eps_avg_yearly": 0,
            "eps_latest_yearly": 0,
            "eps_growth_yearly": 0
        },
        "20024": {
            "year_quarter": 20024,
            "year": 2002,
            "quarter": 4,
            "eps": null,
            "eps_growth_year": null,
            "eps_4q": null,
            "eps_4q_growth_year": null,
            "roe": null,
            "roe_4q": 0,
            "gross_profit": null,
            "gross_margin": null,
            "gross_margin_4q_avg": 0,
            "net_income": null,
            "net_income_4q": null,
            "revenue": null,
            "revenue_4q": null,
            "common_shares": 11138997,
            "book_valuer_per_share": 0.37,
            "book_valuer_per_share_4q_avg": 0.09,
            "equity": 414202,
            "current_ratio": 80.39,
            "debt_ratio": 98.3,
            "inventory_turnover_ratio": null,
            "account_receivable_turnover_ratio": null,
            "reinvestment_rate": null,
            "research_to_sale_ratio": null,
            "price_fair": 0,
            "eps_avg_yearly": 0,
            "eps_latest_yearly": 0,
            "eps_growth_yearly": 0
        },
        "20031": {
            "year_quarter": 20031,
            "year": 2003,
            "quarter": 1,
            "eps": null,
            "eps_growth_year": null,
            "eps_4q": null,
            "eps_4q_growth_year": null,
            "roe": null,
            "roe_4q": 0,
            "gross_profit": null,
            "gross_margin": null,
            "gross_margin_4q_avg": 0,
            "net_income": null,
            "net_income_4q": null,
            "revenue": null,
            "revenue_4q": null,
            "common_shares": null,
            "book_valuer_per_share": null,
            "book_valuer_per_share_4q_avg": 0.09,
            "equity": null,
            "current_ratio": null,
            "debt_ratio": null,
            "inventory_turnover_ratio": null,
            "account_receivable_turnover_ratio": null,
            "reinvestment_rate": null,
            "research_to_sale_ratio": null,
            "price_fair": 0,
            "eps_avg_yearly": 0,
            "eps_latest_yearly": 0,
            "eps_growth_yearly": 0
        },
        "20032": {
            "year_quarter": 20032,
            "year": 2003,
            "quarter": 2,
            "eps": null,
            "eps_growth_year": null,
            "eps_4q": null,
            "eps_4q_growth_year": null,
            "roe": null,
            "roe_4q": 0,
            "gross_profit": null,
            "gross_margin": null,
            "gross_margin_4q_avg": 0,
            "net_income": null,
            "net_income_4q": null,
            "revenue": null,
            "revenue_4q": null,
            "common_shares": null,
            "book_valuer_per_share": null,
            "book_valuer_per_share_4q_avg": 0.09,
            "equity": null,
            "current_ratio": null,
            "debt_ratio": null,
            "inventory_turnover_ratio": null,
            "account_receivable_turnover_ratio": null,
            "reinvestment_rate": null,
            "research_to_sale_ratio": null,
            "price_fair": 0,
            "eps_avg_yearly": 0,
            "eps_latest_yearly": 0,
            "eps_growth_yearly": 0
        },
        "20033": {
            "year_quarter": 20033,
            "year": 2003,
            "quarter": 3,
            "eps": null,
            "eps_growth_year": null,
            "eps_4q": null,
            "eps_4q_growth_year": null,
            "roe": null,
            "roe_4q": 0,
            "gross_profit": null,
            "gross_margin": null,
            "gross_margin_4q_avg": 0,
            "net_income": null,
            "net_income_4q": null,
            "revenue": null,
            "revenue_4q": null,
            "common_shares": null,
            "book_valuer_per_share": null,
            "book_valuer_per_share_4q_avg": 0.09,
            "equity": null,
            "current_ratio": null,
            "debt_ratio": null,
            "inventory_turnover_ratio": null,
            "account_receivable_turnover_ratio": null,
            "reinvestment_rate": null,
            "research_to_sale_ratio": null,
            "price_fair": 0,
            "eps_avg_yearly": 0,
            "eps_latest_yearly": 0,
            "eps_growth_yearly": 0
        },
        "20034": {
            "year_quarter": 20034,
            "year": 2003,
            "quarter": 4,
            "eps": null,
            "eps_growth_year": null,
            "eps_4q": null,
            "eps_4q_growth_year": null,
            "roe": null,
            "roe_4q": 0,
            "gross_profit": null,
            "gross_margin": null,
            "gross_margin_4q_avg": 0,
            "net_income": null,
            "net_income_4q": null,
            "revenue": null,
            "revenue_4q": null,
            "common_shares": 11138997,
            "book_valuer_per_share": 3.52,
            "book_valuer_per_share_4q_avg": 0.88,
            "equity": 3915973,
            "current_ratio": 91.54,
            "debt_ratio": 83.77,
            "inventory_turnover_ratio": null,
            "account_receivable_turnover_ratio": null,
            "reinvestment_rate": null,
            "research_to_sale_ratio": null,
            "price_fair": 0,
            "eps_avg_yearly": 0,
            "eps_latest_yearly": 0,
            "eps_growth_yearly": 0
        },
        "20041": {
            "year_quarter": 20041,
            "year": 2004,
            "quarter": 1,
            "eps": null,
            "eps_growth_year": null,
            "eps_4q": null,
            "eps_4q_growth_year": null,
            "roe": null,
            "roe_4q": 0,
            "gross_profit": null,
            "gross_margin": null,
            "gross_margin_4q_avg": 0,
            "net_income": null,
            "net_income_4q": null,
            "revenue": null,
            "revenue_4q": null,
            "common_shares": null,
            "book_valuer_per_share": null,
            "book_valuer_per_share_4q_avg": 0.88,
            "equity": null,
            "current_ratio": null,
            "debt_ratio": null,
            "inventory_turnover_ratio": null,
            "account_receivable_turnover_ratio": null,
            "reinvestment_rate": null,
            "research_to_sale_ratio": null,
            "price_fair": 0,
            "eps_avg_yearly": 0,
            "eps_latest_yearly": 0,
            "eps_growth_yearly": 0
        },
        "20042": {
            "year_quarter": 20042,
            "year": 2004,
            "quarter": 2,
            "eps": null,
            "eps_growth_year": null,
            "eps_4q": null,
            "eps_4q_growth_year": null,
            "roe": null,
            "roe_4q": 0,
            "gross_profit": null,
            "gross_margin": null,
            "gross_margin_4q_avg": 0,
            "net_income": null,
            "net_income_4q": null,
            "revenue": null,
            "revenue_4q": null,
            "common_shares": null,
            "book_valuer_per_share": null,
            "book_valuer_per_share_4q_avg": 0.88,
            "equity": null,
            "current_ratio": null,
            "debt_ratio": null,
            "inventory_turnover_ratio": null,
            "account_receivable_turnover_ratio": null,
            "reinvestment_rate": null,
            "research_to_sale_ratio": null,
            "price_fair": 0,
            "eps_avg_yearly": 0,
            "eps_latest_yearly": 0,
            "eps_growth_yearly": 0
        },
        "20043": {
            "year_quarter": 20043,
            "year": 2004,
            "quarter": 3,
            "eps": null,
            "eps_growth_year": null,
            "eps_4q": null,
            "eps_4q_growth_year": null,
            "roe": null,
            "roe_4q": 0,
            "gross_profit": null,
            "gross_margin": null,
            "gross_margin_4q_avg": 0,
            "net_income": null,
            "net_income_4q": null,
            "revenue": null,
            "revenue_4q": null,
            "common_shares": null,
            "book_valuer_per_share": null,
            "book_valuer_per_share_4q_avg": 0.88,
            "equity": null,
            "current_ratio": null,
            "debt_ratio": null,
            "inventory_turnover_ratio": null,
            "account_receivable_turnover_ratio": null,
            "reinvestment_rate": null,
            "research_to_sale_ratio": null,
            "price_fair": 0,
            "eps_avg_yearly": 0,
            "eps_latest_yearly": 0,
            "eps_growth_yearly": 0
        },
        "20044": {
            "year_quarter": 20044,
            "year": 2004,
            "quarter": 4,
            "eps": null,
            "eps_growth_year": null,
            "eps_4q": null,
            "eps_4q_growth_year": null,
            "roe": null,
            "roe_4q": 0,
            "gross_profit": null,
            "gross_margin": null,
            "gross_margin_4q_avg": 0,
            "net_income": null,
            "net_income_4q": null,
            "revenue": null,
            "revenue_4q": null,
            "common_shares": 11138997,
            "book_valuer_per_share": 3.8,
            "book_valuer_per_share_4q_avg": 0.95,
            "equity": 4235084,
            "current_ratio": 118.21,
            "debt_ratio": 83.1,
            "inventory_turnover_ratio": null,
            "account_receivable_turnover_ratio": null,
            "reinvestment_rate": null,
            "research_to_sale_ratio": null,
            "price_fair": 0,
            "eps_avg_yearly": 0,
            "eps_latest_yearly": 0,
            "eps_growth_yearly": 0
        },
        "20051": {
            "year_quarter": 20051,
            "year": 2005,
            "quarter": 1,
            "eps": null,
            "eps_growth_year": null,
            "eps_4q": null,
            "eps_4q_growth_year": null,
            "roe": null,
            "roe_4q": 0,
            "gross_profit": null,
            "gross_margin": null,
            "gross_margin_4q_avg": 0,
            "net_income": null,
            "net_income_4q": null,
            "revenue": null,
            "revenue_4q": null,
            "common_shares": null,
            "book_valuer_per_share": null,
            "book_valuer_per_share_4q_avg": 0.95,
            "equity": null,
            "current_ratio": null,
            "debt_ratio": null,
            "inventory_turnover_ratio": null,
            "account_receivable_turnover_ratio": null,
            "reinvestment_rate": null,
            "research_to_sale_ratio": null,
            "price_fair": 0,
            "eps_avg_yearly": 0,
            "eps_latest_yearly": 0,
            "eps_growth_yearly": 0
        },
        "20052": {
            "year_quarter": 20052,
            "year": 2005,
            "quarter": 2,
            "eps": null,
            "eps_growth_year": null,
            "eps_4q": null,
            "eps_4q_growth_year": null,
            "roe": null,
            "roe_4q": 0,
            "gross_profit": null,
            "gross_margin": null,
            "gross_margin_4q_avg": 0,
            "net_income": null,
            "net_income_4q": null,
            "revenue": null,
            "revenue_4q": null,
            "common_shares": null,
            "book_valuer_per_share": null,
            "book_valuer_per_share_4q_avg": 0.95,
            "equity": null,
            "current_ratio": null,
            "debt_ratio": null,
            "inventory_turnover_ratio": null,
            "account_receivable_turnover_ratio": null,
            "reinvestment_rate": null,
            "research_to_sale_ratio": null,
            "price_fair": 0,
            "eps_avg_yearly": 0,
            "eps_latest_yearly": 0,
            "eps_growth_yearly": 0
        },
        "20053": {
            "year_quarter": 20053,
            "year": 2005,
            "quarter": 3,
            "eps": null,
            "eps_growth_year": null,
            "eps_4q": null,
            "eps_4q_growth_year": null,
            "roe": null,
            "roe_4q": 0,
            "gross_profit": null,
            "gross_margin": null,
            "gross_margin_4q_avg": 0,
            "net_income": null,
            "net_income_4q": null,
            "revenue": null,
            "revenue_4q": null,
            "common_shares": null,
            "book_valuer_per_share": null,
            "book_valuer_per_share_4q_avg": 0.95,
            "equity": null,
            "current_ratio": null,
            "debt_ratio": null,
            "inventory_turnover_ratio": null,
            "account_receivable_turnover_ratio": null,
            "reinvestment_rate": null,
            "research_to_sale_ratio": null,
            "price_fair": 0,
            "eps_avg_yearly": 0,
            "eps_latest_yearly": 0,
            "eps_growth_yearly": 0
        },
        "20054": {
            "year_quarter": 20054,
            "year": 2005,
            "quarter": 4,
            "eps": null,
            "eps_growth_year": null,
            "eps_4q": null,
            "eps_4q_growth_year": null,
            "roe": null,
            "roe_4q": 0,
            "gross_profit": null,
            "gross_margin": null,
            "gross_margin_4q_avg": 0,
            "net_income": null,
            "net_income_4q": null,
            "revenue": null,
            "revenue_4q": null,
            "common_shares": 11138997,
            "book_valuer_per_share": 5.47,
            "book_valuer_per_share_4q_avg": 1.37,
            "equity": 6091615,
            "current_ratio": 118.79,
            "debt_ratio": 76.25,
            "inventory_turnover_ratio": null,
            "account_receivable_turnover_ratio": null,
            "reinvestment_rate": null,
            "research_to_sale_ratio": null,
            "price_fair": 0,
            "eps_avg_yearly": 0,
            "eps_latest_yearly": 0,
            "eps_growth_yearly": 0
        },
        "20061": {
            "year_quarter": 20061,
            "year": 2006,
            "quarter": 1,
            "eps": null,
            "eps_growth_year": null,
            "eps_4q": null,
            "eps_4q_growth_year": null,
            "roe": null,
            "roe_4q": 0,
            "gross_profit": null,
            "gross_margin": null,
            "gross_margin_4q_avg": 0,
            "net_income": null,
            "net_income_4q": null,
            "revenue": null,
            "revenue_4q": null,
            "common_shares": null,
            "book_valuer_per_share": null,
            "book_valuer_per_share_4q_avg": 1.37,
            "equity": null,
            "current_ratio": null,
            "debt_ratio": null,
            "inventory_turnover_ratio": null,
            "account_receivable_turnover_ratio": null,
            "reinvestment_rate": null,
            "research_to_sale_ratio": null,
            "price_fair": 0,
            "eps_avg_yearly": 0,
            "eps_latest_yearly": 0,
            "eps_growth_yearly": 0
        },
        "20062": {
            "year_quarter": 20062,
            "year": 2006,
            "quarter": 2,
            "eps": null,
            "eps_growth_year": null,
            "eps_4q": null,
            "eps_4q_growth_year": null,
            "roe": null,
            "roe_4q": 0,
            "gross_profit": null,
            "gross_margin": null,
            "gross_margin_4q_avg": 0,
            "net_income": null,
            "net_income_4q": null,
            "revenue": null,
            "revenue_4q": null,
            "common_shares": null,
            "book_valuer_per_share": null,
            "book_valuer_per_share_4q_avg": 1.37,
            "equity": null,
            "current_ratio": null,
            "debt_ratio": null,
            "inventory_turnover_ratio": null,
            "account_receivable_turnover_ratio": null,
            "reinvestment_rate": null,
            "research_to_sale_ratio": null,
            "price_fair": 0,
            "eps_avg_yearly": 0,
            "eps_latest_yearly": 0,
            "eps_growth_yearly": 0
        },
        "20063": {
            "year_quarter": 20063,
            "year": 2006,
            "quarter": 3,
            "eps": null,
            "eps_growth_year": null,
            "eps_4q": null,
            "eps_4q_growth_year": null,
            "roe": null,
            "roe_4q": 0,
            "gross_profit": null,
            "gross_margin": null,
            "gross_margin_4q_avg": 0,
            "net_income": null,
            "net_income_4q": null,
            "revenue": null,
            "revenue_4q": null,
            "common_shares": null,
            "book_valuer_per_share": null,
            "book_valuer_per_share_4q_avg": 1.37,
            "equity": null,
            "current_ratio": null,
            "debt_ratio": null,
            "inventory_turnover_ratio": null,
            "account_receivable_turnover_ratio": null,
            "reinvestment_rate": null,
            "research_to_sale_ratio": null,
            "price_fair": 0,
            "eps_avg_yearly": 0,
            "eps_latest_yearly": 0,
            "eps_growth_yearly": 0
        },
        "20064": {
            "year_quarter": 20064,
            "year": 2006,
            "quarter": 4,
            "eps": null,
            "eps_growth_year": null,
            "eps_4q": null,
            "eps_4q_growth_year": null,
            "roe": null,
            "roe_4q": 0,
            "gross_profit": null,
            "gross_margin": null,
            "gross_margin_4q_avg": 0,
            "net_income": null,
            "net_income_4q": null,
            "revenue": null,
            "revenue_4q": null,
            "common_shares": 11138997,
            "book_valuer_per_share": 6.86,
            "book_valuer_per_share_4q_avg": 1.72,
            "equity": 7642941,
            "current_ratio": 136.44,
            "debt_ratio": 69.7,
            "inventory_turnover_ratio": null,
            "account_receivable_turnover_ratio": null,
            "reinvestment_rate": null,
            "research_to_sale_ratio": null,
            "price_fair": 0,
            "eps_avg_yearly": 0,
            "eps_latest_yearly": 0,
            "eps_growth_yearly": 0
        },
        "20071": {
            "year_quarter": 20071,
            "year": 2007,
            "quarter": 1,
            "eps": null,
            "eps_growth_year": null,
            "eps_4q": null,
            "eps_4q_growth_year": null,
            "roe": null,
            "roe_4q": 0,
            "gross_profit": null,
            "gross_margin": null,
            "gross_margin_4q_avg": 0,
            "net_income": null,
            "net_income_4q": null,
            "revenue": null,
            "revenue_4q": null,
            "common_shares": null,
            "book_valuer_per_share": null,
            "book_valuer_per_share_4q_avg": 1.72,
            "equity": null,
            "current_ratio": null,
            "debt_ratio": null,
            "inventory_turnover_ratio": null,
            "account_receivable_turnover_ratio": null,
            "reinvestment_rate": null,
            "research_to_sale_ratio": null,
            "price_fair": 0,
            "eps_avg_yearly": 0,
            "eps_latest_yearly": 0,
            "eps_growth_yearly": 0
        },
        "20072": {
            "year_quarter": 20072,
            "year": 2007,
            "quarter": 2,
            "eps": null,
            "eps_growth_year": null,
            "eps_4q": null,
            "eps_4q_growth_year": null,
            "roe": null,
            "roe_4q": 0,
            "gross_profit": null,
            "gross_margin": null,
            "gross_margin_4q_avg": 0,
            "net_income": null,
            "net_income_4q": null,
            "revenue": null,
            "revenue_4q": null,
            "common_shares": null,
            "book_valuer_per_share": null,
            "book_valuer_per_share_4q_avg": 1.72,
            "equity": null,
            "current_ratio": null,
            "debt_ratio": null,
            "inventory_turnover_ratio": null,
            "account_receivable_turnover_ratio": null,
            "reinvestment_rate": null,
            "research_to_sale_ratio": null,
            "price_fair": 0,
            "eps_avg_yearly": 0,
            "eps_latest_yearly": 0,
            "eps_growth_yearly": 0
        },
        "20073": {
            "year_quarter": 20073,
            "year": 2007,
            "quarter": 3,
            "eps": 1.48,
            "eps_growth_year": null,
            "eps_4q": null,
            "eps_4q_growth_year": null,
            "roe": 9.93,
            "roe_4q": 9.93,
            "gross_profit": 1298083,
            "gross_margin": 17.75,
            "gross_margin_4q_avg": 4.44,
            "net_income": 984118,
            "net_income_4q": null,
            "revenue": 7311630,
            "revenue_4q": null,
            "common_shares": 11138997,
            "book_valuer_per_share": 8.9,
            "book_valuer_per_share_4q_avg": 3.94,
            "equity": 9914510,
            "current_ratio": 245.52,
            "debt_ratio": 65.03,
            "inventory_turnover_ratio": 0.76,
            "account_receivable_turnover_ratio": null,
            "reinvestment_rate": null,
            "research_to_sale_ratio": null,
            "price_fair": 0,
            "eps_avg_yearly": 0,
            "eps_latest_yearly": 0,
            "eps_growth_yearly": 0
        },
        "20074": {
            "year_quarter": 20074,
            "year": 2007,
            "quarter": 4,
            "eps": -0.65,
            "eps_growth_year": null,
            "eps_4q": null,
            "eps_4q_growth_year": null,
            "roe": -4.43,
            "roe_4q": 5.5,
            "gross_profit": 1793836,
            "gross_margin": 21.02,
            "gross_margin_4q_avg": 9.69,
            "net_income": -430197,
            "net_income_4q": null,
            "revenue": 8532607,
            "revenue_4q": null,
            "common_shares": 6661326,
            "book_valuer_per_share": 14.25,
            "book_valuer_per_share_4q_avg": 5.79,
            "equity": 9492526,
            "current_ratio": 207.79,
            "debt_ratio": 70.67,
            "inventory_turnover_ratio": 0.76,
            "account_receivable_turnover_ratio": null,
            "reinvestment_rate": null,
            "research_to_sale_ratio": null,
            "price_fair": 0,
            "eps_avg_yearly": 0,
            "eps_latest_yearly": 0,
            "eps_growth_yearly": 0
        },
        "20081": {
            "year_quarter": 20081,
            "year": 2008,
            "quarter": 1,
            "eps": -1.49,
            "eps_growth_year": null,
            "eps_4q": null,
            "eps_4q_growth_year": null,
            "roe": -11.03,
            "roe_4q": -5.529999999999999,
            "gross_profit": 812345,
            "gross_margin": 10.16,
            "gross_margin_4q_avg": 12.23,
            "net_income": -993034,
            "net_income_4q": null,
            "revenue": 7998394,
            "revenue_4q": null,
            "common_shares": 6661326,
            "book_valuer_per_share": 12.77,
            "book_valuer_per_share_4q_avg": 8.98,
            "equity": 8508269,
            "current_ratio": 213.52,
            "debt_ratio": 76.01,
            "inventory_turnover_ratio": 0.67,
            "account_receivable_turnover_ratio": null,
            "reinvestment_rate": null,
            "research_to_sale_ratio": null,
            "price_fair": 0,
            "eps_avg_yearly": 0,
            "eps_latest_yearly": 0,
            "eps_growth_yearly": 0
        },
        "20082": {
            "year_quarter": 20082,
            "year": 2008,
            "quarter": 2,
            "eps": 2.37,
            "eps_growth_year": null,
            "eps_4q": 1.71,
            "eps_4q_growth_year": null,
            "roe": 17,
            "roe_4q": 11.47,
            "gross_profit": 1840359,
            "gross_margin": 20.55,
            "gross_margin_4q_avg": 17.37,
            "net_income": 1580812,
            "net_income_4q": null,
            "revenue": 8955700,
            "revenue_4q": null,
            "common_shares": 6661326,
            "book_valuer_per_share": 15.14,
            "book_valuer_per_share_4q_avg": 12.77,
            "equity": 10086908,
            "current_ratio": 222.33,
            "debt_ratio": 73.08,
            "inventory_turnover_ratio": 0.67,
            "account_receivable_turnover_ratio": null,
            "reinvestment_rate": null,
            "research_to_sale_ratio": null,
            "price_fair": 0,
            "eps_avg_yearly": 0,
            "eps_latest_yearly": 0,
            "eps_growth_yearly": 0
        },
        "20083": {
            "year_quarter": 20083,
            "year": 2008,
            "quarter": 3,
            "eps": 2.26,
            "eps_growth_year": 52.7,
            "eps_4q": 2.5,
            "eps_4q_growth_year": null,
            "roe": 13.89,
            "roe_4q": 15.43,
            "gross_profit": 1940885,
            "gross_margin": 20.44,
            "gross_margin_4q_avg": 18.04,
            "net_income": 1505573,
            "net_income_4q": null,
            "revenue": 9495523,
            "revenue_4q": null,
            "common_shares": 6661326,
            "book_valuer_per_share": 17.39,
            "book_valuer_per_share_4q_avg": 14.89,
            "equity": 11586841,
            "current_ratio": 225.77,
            "debt_ratio": 69.62,
            "inventory_turnover_ratio": 0.72,
            "account_receivable_turnover_ratio": null,
            "reinvestment_rate": null,
            "research_to_sale_ratio": null,
            "price_fair": 27.12,
            "eps_avg_yearly": 9.04,
            "eps_latest_yearly": 9.04,
            "eps_growth_yearly": -18.57
        },
        "20084": {
            "year_quarter": 20084,
            "year": 2008,
            "quarter": 4,
            "eps": -1.87,
            "eps_growth_year": null,
            "eps_4q": 1.27,
            "eps_4q_growth_year": null,
            "roe": -11.38,
            "roe_4q": 8.479999999999999,
            "gross_profit": 1051761,
            "gross_margin": 11.43,
            "gross_margin_4q_avg": 15.65,
            "net_income": -1247281,
            "net_income_4q": null,
            "revenue": 9203494,
            "revenue_4q": null,
            "common_shares": 6661326,
            "book_valuer_per_share": 15.51,
            "book_valuer_per_share_4q_avg": 15.2,
            "equity": 10334323,
            "current_ratio": 159.75,
            "debt_ratio": 70.29,
            "inventory_turnover_ratio": 0.61,
            "account_receivable_turnover_ratio": 38.87,
            "reinvestment_rate": null,
            "research_to_sale_ratio": null,
            "price_fair": 27.12,
            "eps_avg_yearly": 9.04,
            "eps_latest_yearly": 9.04,
            "eps_growth_yearly": -18.57
        },
        "20091": {
            "year_quarter": 20091,
            "year": 2009,
            "quarter": 1,
            "eps": 1.88,
            "eps_growth_year": null,
            "eps_4q": 4.64,
            "eps_4q_growth_year": null,
            "roe": 11.42,
            "roe_4q": 30.93,
            "gross_profit": 1581435,
            "gross_margin": 16.13,
            "gross_margin_4q_avg": 17.14,
            "net_income": 1251890,
            "net_income_4q": null,
            "revenue": 9805577,
            "revenue_4q": null,
            "common_shares": 6661327,
            "book_valuer_per_share": 17.39,
            "book_valuer_per_share_4q_avg": 16.36,
            "equity": 11580865,
            "current_ratio": 177.71,
            "debt_ratio": 64.9,
            "inventory_turnover_ratio": 0.55,
            "account_receivable_turnover_ratio": 23.34,
            "reinvestment_rate": null,
            "research_to_sale_ratio": null,
            "price_fair": 27.12,
            "eps_avg_yearly": 9.04,
            "eps_latest_yearly": 9.04,
            "eps_growth_yearly": -18.57
        },
        "20092": {
            "year_quarter": 20092,
            "year": 2009,
            "quarter": 2,
            "eps": 0.83,
            "eps_growth_year": -64.98,
            "eps_4q": 3.07,
            "eps_4q_growth_year": 79.41,
            "roe": 4.85,
            "roe_4q": 18.78,
            "gross_profit": 187946,
            "gross_margin": 2.63,
            "gross_margin_4q_avg": 12.66,
            "net_income": 559353,
            "net_income_4q": null,
            "revenue": 7146672,
            "revenue_4q": null,
            "common_shares": 6661326,
            "book_valuer_per_share": 17.22,
            "book_valuer_per_share_4q_avg": 16.88,
            "equity": 11474085,
            "current_ratio": 173.14,
            "debt_ratio": 65.69,
            "inventory_turnover_ratio": 0.45,
            "account_receivable_turnover_ratio": 18.54,
            "reinvestment_rate": null,
            "research_to_sale_ratio": null,
            "price_fair": 18.54,
            "eps_avg_yearly": 6.18,
            "eps_latest_yearly": 3.32,
            "eps_growth_yearly": -120.98
        },
        "20093": {
            "year_quarter": 20093,
            "year": 2009,
            "quarter": 3,
            "eps": 0.4,
            "eps_growth_year": -82.3,
            "eps_4q": 1.23,
            "eps_4q_growth_year": -50.75,
            "roe": 2.34,
            "roe_4q": 7.229999999999999,
            "gross_profit": 491394,
            "gross_margin": 7.05,
            "gross_margin_4q_avg": 9.31,
            "net_income": 271915,
            "net_income_4q": null,
            "revenue": 6971891,
            "revenue_4q": null,
            "common_shares": 6727940,
            "book_valuer_per_share": 17.46,
            "book_valuer_per_share_4q_avg": 16.9,
            "equity": 11746000,
            "current_ratio": 179.94,
            "debt_ratio": 65.76,
            "inventory_turnover_ratio": 0.36,
            "account_receivable_turnover_ratio": 23.54,
            "reinvestment_rate": null,
            "research_to_sale_ratio": null,
            "price_fair": 13.96,
            "eps_avg_yearly": 4.65,
            "eps_latest_yearly": 1.6,
            "eps_growth_yearly": -149.73
        },
        "20094": {
            "year_quarter": 20094,
            "year": 2009,
            "quarter": 4,
            "eps": 0.56,
            "eps_growth_year": null,
            "eps_4q": 3.66,
            "eps_4q_growth_year": 188.17,
            "roe": 3.18,
            "roe_4q": 21.79,
            "gross_profit": 377790,
            "gross_margin": 5.2,
            "gross_margin_4q_avg": 7.75,
            "net_income": 379069,
            "net_income_4q": null,
            "revenue": 7265381,
            "revenue_4q": null,
            "common_shares": 6727939,
            "book_valuer_per_share": 18.02,
            "book_valuer_per_share_4q_avg": 17.52,
            "equity": 12125069,
            "current_ratio": 179.94,
            "debt_ratio": 62.06,
            "inventory_turnover_ratio": 0.65,
            "account_receivable_turnover_ratio": 73.92,
            "reinvestment_rate": null,
            "research_to_sale_ratio": null,
            "price_fair": 12.15,
            "eps_avg_yearly": 4.05,
            "eps_latest_yearly": 2.24,
            "eps_growth_yearly": -72.3
        },
        "20101": {
            "year_quarter": 20101,
            "year": 2010,
            "quarter": 1,
            "eps": 0.33,
            "eps_growth_year": -82.45,
            "eps_4q": 2.13,
            "eps_4q_growth_year": -54.11,
            "roe": 1.82,
            "roe_4q": 12.19,
            "gross_profit": 313496,
            "gross_margin": 5.3,
            "gross_margin_4q_avg": 5.05,
            "net_income": 222686,
            "net_income_4q": null,
            "revenue": 5912401,
            "revenue_4q": null,
            "common_shares": 6727940,
            "book_valuer_per_share": 0,
            "book_valuer_per_share_4q_avg": 13.18,
            "equity": 12347756,
            "current_ratio": 166.69,
            "debt_ratio": 62.65,
            "inventory_turnover_ratio": 2.5,
            "account_receivable_turnover_ratio": 12.99,
            "reinvestment_rate": null,
            "research_to_sale_ratio": 0.31,
            "price_fair": 10.51,
            "eps_avg_yearly": 3.5,
            "eps_latest_yearly": 1.32,
            "eps_growth_yearly": -90.7
        },
        "20102": {
            "year_quarter": 20102,
            "year": 2010,
            "quarter": 2,
            "eps": 0.6,
            "eps_growth_year": -28.16,
            "eps_4q": 1.81,
            "eps_4q_growth_year": -41.17,
            "roe": 3.53,
            "roe_4q": 10.87,
            "gross_profit": 608751,
            "gross_margin": 9.39,
            "gross_margin_4q_avg": 6.74,
            "net_income": 430445,
            "net_income_4q": null,
            "revenue": 6482806,
            "revenue_4q": null,
            "common_shares": 6727939,
            "book_valuer_per_share": 0,
            "book_valuer_per_share_4q_avg": 8.87,
            "equity": 12038128,
            "current_ratio": 179.32,
            "debt_ratio": 58.47,
            "inventory_turnover_ratio": 2.69,
            "account_receivable_turnover_ratio": 10.8,
            "reinvestment_rate": null,
            "research_to_sale_ratio": 0.33,
            "price_fair": 9.96,
            "eps_avg_yearly": 3.32,
            "eps_latest_yearly": 2.4,
            "eps_growth_yearly": -21.04
        },
        "20103": {
            "year_quarter": 20103,
            "year": 2010,
            "quarter": 3,
            "eps": 0.95,
            "eps_growth_year": 138.58,
            "eps_4q": 2.38,
            "eps_4q_growth_year": 93.89,
            "roe": 5.56,
            "roe_4q": 14.09,
            "gross_profit": 886647,
            "gross_margin": 13.1,
            "gross_margin_4q_avg": 8.25,
            "net_income": 688918,
            "net_income_4q": null,
            "revenue": 6770297,
            "revenue_4q": null,
            "common_shares": 7219079,
            "book_valuer_per_share": 17.63,
            "book_valuer_per_share_4q_avg": 8.91,
            "equity": 12764545,
            "current_ratio": 184.22,
            "debt_ratio": 56.64,
            "inventory_turnover_ratio": 2.33,
            "account_receivable_turnover_ratio": 7.99,
            "reinvestment_rate": null,
            "research_to_sale_ratio": 0.31,
            "price_fair": 85.74,
            "eps_avg_yearly": 3.39,
            "eps_latest_yearly": 3.8,
            "eps_growth_yearly": 15.3
        },
        "20104": {
            "year_quarter": 20104,
            "year": 2010,
            "quarter": 4,
            "eps": 0.5,
            "eps_growth_year": -10.31,
            "eps_4q": 2.36,
            "eps_4q_growth_year": -35.48,
            "roe": 2.81,
            "roe_4q": 13.719999999999999,
            "gross_profit": 359452,
            "gross_margin": 5.11,
            "gross_margin_4q_avg": 8.23,
            "net_income": 363238,
            "net_income_4q": null,
            "revenue": 7035223,
            "revenue_4q": null,
            "common_shares": 7219079,
            "book_valuer_per_share": 18.12,
            "book_valuer_per_share_4q_avg": 8.94,
            "equity": 13120371,
            "current_ratio": 186.47,
            "debt_ratio": 53.5,
            "inventory_turnover_ratio": 2.46,
            "account_receivable_turnover_ratio": 8.08,
            "reinvestment_rate": null,
            "research_to_sale_ratio": 0.54,
            "price_fair": 9.65,
            "eps_avg_yearly": 3.22,
            "eps_latest_yearly": 2,
            "eps_growth_yearly": -10.29
        },
        "20111": {
            "year_quarter": 20111,
            "year": 2011,
            "quarter": 1,
            "eps": 1.25,
            "eps_growth_year": 278.79,
            "eps_4q": 3.31,
            "eps_4q_growth_year": 55.22,
            "roe": 6.68,
            "roe_4q": 18.580000000000002,
            "gross_profit": 1103264,
            "gross_margin": 15.02,
            "gross_margin_4q_avg": 10.66,
            "net_income": 907171,
            "net_income_4q": null,
            "revenue": 7347612,
            "revenue_4q": null,
            "common_shares": 7219079,
            "book_valuer_per_share": 19.38,
            "book_valuer_per_share_4q_avg": 13.78,
            "equity": 14027542,
            "current_ratio": 162.9,
            "debt_ratio": 55,
            "inventory_turnover_ratio": 2.47,
            "account_receivable_turnover_ratio": 5.02,
            "reinvestment_rate": null,
            "research_to_sale_ratio": 0.34,
            "price_fair": 119.47,
            "eps_avg_yearly": 3.41,
            "eps_latest_yearly": 5,
            "eps_growth_yearly": 57.52
        },
        "20112": {
            "year_quarter": 20112,
            "year": 2011,
            "quarter": 2,
            "eps": 0.55,
            "eps_growth_year": -8.08,
            "eps_4q": 3.26,
            "eps_4q_growth_year": 80.35,
            "roe": 2.92,
            "roe_4q": 17.97,
            "gross_profit": 527316,
            "gross_margin": 7.77,
            "gross_margin_4q_avg": 10.25,
            "net_income": 396389,
            "net_income_4q": null,
            "revenue": 6783748,
            "revenue_4q": null,
            "common_shares": 7219079,
            "book_valuer_per_share": 18.12,
            "book_valuer_per_share_4q_avg": 18.31,
            "equity": 13124496,
            "current_ratio": 180.15,
            "debt_ratio": 54.52,
            "inventory_turnover_ratio": 2.73,
            "account_receivable_turnover_ratio": 3.23,
            "reinvestment_rate": 138.73,
            "research_to_sale_ratio": 0.53,
            "price_fair": 115.22,
            "eps_avg_yearly": 3.29,
            "eps_latest_yearly": 2.2,
            "eps_growth_yearly": 29.36
        },
        "20113": {
            "year_quarter": 20113,
            "year": 2011,
            "quarter": 3,
            "eps": 0.31,
            "eps_growth_year": -67.63,
            "eps_4q": 2.61,
            "eps_4q_growth_year": 9.58,
            "roe": 1.7,
            "roe_4q": 14.110000000000001,
            "gross_profit": 217083,
            "gross_margin": 3,
            "gross_margin_4q_avg": 7.73,
            "net_income": 225549,
            "net_income_4q": null,
            "revenue": 7232811,
            "revenue_4q": null,
            "common_shares": 7219079,
            "book_valuer_per_share": 18.43,
            "book_valuer_per_share_4q_avg": 18.51,
            "equity": 13350046,
            "current_ratio": 186.62,
            "debt_ratio": 51.92,
            "inventory_turnover_ratio": 2.83,
            "account_receivable_turnover_ratio": 4.66,
            "reinvestment_rate": -5.29,
            "research_to_sale_ratio": 0.36,
            "price_fair": 64.68,
            "eps_avg_yearly": 3.11,
            "eps_latest_yearly": 1.24,
            "eps_growth_yearly": 10.83
        },
        "20114": {
            "year_quarter": 20114,
            "year": 2011,
            "quarter": 4,
            "eps": 0.29,
            "eps_growth_year": -41.41,
            "eps_4q": 2.4,
            "eps_4q_growth_year": 1.84,
            "roe": 1.56,
            "roe_4q": 12.86,
            "gross_profit": 209631,
            "gross_margin": 2.69,
            "gross_margin_4q_avg": 7.12,
            "net_income": 215077,
            "net_income_4q": null,
            "revenue": 7788566,
            "revenue_4q": null,
            "common_shares": 7219079,
            "book_valuer_per_share": 19.52,
            "book_valuer_per_share_4q_avg": 18.86,
            "equity": 14138424,
            "current_ratio": 177.76,
            "debt_ratio": 50.67,
            "inventory_turnover_ratio": 2.61,
            "account_receivable_turnover_ratio": 8.83,
            "reinvestment_rate": 2.41,
            "research_to_sale_ratio": 0.67,
            "price_fair": 52.32,
            "eps_avg_yearly": 2.94,
            "eps_latest_yearly": 1.16,
            "eps_growth_yearly": 7.77
        },
        "20121": {
            "year_quarter": 20121,
            "year": 2012,
            "quarter": 1,
            "eps": 0.27,
            "eps_growth_year": -78.4,
            "eps_4q": 1.42,
            "eps_4q_growth_year": -57,
            "roe": 1.38,
            "roe_4q": 7.56,
            "gross_profit": 255375,
            "gross_margin": 3.27,
            "gross_margin_4q_avg": 4.18,
            "net_income": 195807,
            "net_income_4q": null,
            "revenue": 7818136,
            "revenue_4q": null,
            "common_shares": 7219079,
            "book_valuer_per_share": 19.79,
            "book_valuer_per_share_4q_avg": 18.97,
            "equity": 14334231,
            "current_ratio": 173.56,
            "debt_ratio": 51.51,
            "inventory_turnover_ratio": 2.58,
            "account_receivable_turnover_ratio": 18.08,
            "reinvestment_rate": 3.61,
            "research_to_sale_ratio": 0.38,
            "price_fair": 42.15,
            "eps_avg_yearly": 2.8,
            "eps_latest_yearly": 1.08,
            "eps_growth_yearly": 5.05
        },
        "20122": {
            "year_quarter": 20122,
            "year": 2012,
            "quarter": 2,
            "eps": 0.23,
            "eps_growth_year": -58.07,
            "eps_4q": 1.08,
            "eps_4q_growth_year": -66.91,
            "roe": 1.22,
            "roe_4q": 5.86,
            "gross_profit": 320628,
            "gross_margin": 3.86,
            "gross_margin_4q_avg": 3.21,
            "net_income": 172044,
            "net_income_4q": null,
            "revenue": 8300865,
            "revenue_4q": null,
            "common_shares": 7219079,
            "book_valuer_per_share": 19.03,
            "book_valuer_per_share_4q_avg": 19.19,
            "equity": 13784367,
            "current_ratio": 187.13,
            "debt_ratio": 49.11,
            "inventory_turnover_ratio": 2.86,
            "account_receivable_turnover_ratio": 19.45,
            "reinvestment_rate": 4.69,
            "research_to_sale_ratio": 0.35,
            "price_fair": 26.66,
            "eps_avg_yearly": 2.67,
            "eps_latest_yearly": 0.92,
            "eps_growth_yearly": 0.46
        },
        "20123": {
            "year_quarter": 20123,
            "year": 2012,
            "quarter": 3,
            "eps": 0.28,
            "eps_growth_year": -9.25,
            "eps_4q": 1.06,
            "eps_4q_growth_year": -59.49,
            "roe": 1.51,
            "roe_4q": 5.67,
            "gross_profit": 276693,
            "gross_margin": 3.49,
            "gross_margin_4q_avg": 3.33,
            "net_income": 209799,
            "net_income_4q": null,
            "revenue": 7924044,
            "revenue_4q": null,
            "common_shares": 7435652,
            "book_valuer_per_share": 18.75,
            "book_valuer_per_share_4q_avg": 19.27,
            "equity": 13994167,
            "current_ratio": 179.87,
            "debt_ratio": 48.71,
            "inventory_turnover_ratio": 2.8,
            "account_receivable_turnover_ratio": 14.15,
            "reinvestment_rate": 4.01,
            "research_to_sale_ratio": 0.45,
            "price_fair": 37.8,
            "eps_avg_yearly": 2.1,
            "eps_latest_yearly": 1.12,
            "eps_growth_yearly": 8
        },
        "20124": {
            "year_quarter": 20124,
            "year": 2012,
            "quarter": 4,
            "eps": 0.18,
            "eps_growth_year": -39.65,
            "eps_4q": 0.95,
            "eps_4q_growth_year": -60.48,
            "roe": 0.95,
            "roe_4q": 5.06,
            "gross_profit": 143550,
            "gross_margin": 2.08,
            "gross_margin_4q_avg": 3.18,
            "net_income": 133306,
            "net_income_4q": null,
            "revenue": 6902010,
            "revenue_4q": null,
            "common_shares": 7435652,
            "book_valuer_per_share": 18.93,
            "book_valuer_per_share_4q_avg": 19.13,
            "equity": 14127473,
            "current_ratio": 170.74,
            "debt_ratio": 47.47,
            "inventory_turnover_ratio": 2.54,
            "account_receivable_turnover_ratio": 11.27,
            "reinvestment_rate": 4.34,
            "research_to_sale_ratio": 1,
            "price_fair": 6.02,
            "eps_avg_yearly": 2.01,
            "eps_latest_yearly": 0.72,
            "eps_growth_yearly": -2.06
        },
        "20131": {
            "year_quarter": 20131,
            "year": 2013,
            "quarter": 1,
            "eps": 0.24,
            "eps_growth_year": -11.11,
            "eps_4q": 0.93,
            "eps_4q_growth_year": -34.62,
            "roe": 1.28,
            "roe_4q": 4.96,
            "gross_profit": 305056,
            "gross_margin": 4.97,
            "gross_margin_4q_avg": 3.6,
            "net_income": 179913,
            "net_income_4q": null,
            "revenue": 6141535,
            "revenue_4q": null,
            "common_shares": 7435652,
            "book_valuer_per_share": 18.71,
            "book_valuer_per_share_4q_avg": 18.86,
            "equity": 13961741,
            "current_ratio": 168.47,
            "debt_ratio": 45.69,
            "inventory_turnover_ratio": 2.44,
            "account_receivable_turnover_ratio": 11.14,
            "reinvestment_rate": 4.83,
            "research_to_sale_ratio": 0.48,
            "price_fair": 31.86,
            "eps_avg_yearly": 1.94,
            "eps_latest_yearly": 0.96,
            "eps_growth_yearly": 6.4
        },
        "20132": {
            "year_quarter": 20132,
            "year": 2013,
            "quarter": 2,
            "eps": 0.2,
            "eps_growth_year": -12.96,
            "eps_4q": 0.9,
            "eps_4q_growth_year": -16.34,
            "roe": 1.11,
            "roe_4q": 4.85,
            "gross_profit": 257590,
            "gross_margin": 4.19,
            "gross_margin_4q_avg": 3.68,
            "net_income": 152492,
            "net_income_4q": null,
            "revenue": 6146797,
            "revenue_4q": null,
            "common_shares": 7435652,
            "book_valuer_per_share": 18.11,
            "book_valuer_per_share_4q_avg": 18.63,
            "equity": 13519381,
            "current_ratio": 155.8,
            "debt_ratio": 47.06,
            "inventory_turnover_ratio": 2.59,
            "account_receivable_turnover_ratio": 11.33,
            "reinvestment_rate": 10.84,
            "research_to_sale_ratio": 0.29,
            "price_fair": 46.77,
            "eps_avg_yearly": 1.79,
            "eps_latest_yearly": 0.8,
            "eps_growth_yearly": 16.2
        },
        "20133": {
            "year_quarter": 20133,
            "year": 2013,
            "quarter": 3,
            "eps": 0.06,
            "eps_growth_year": -78.6,
            "eps_4q": 0.69,
            "eps_4q_growth_year": -35.17,
            "roe": 0.36,
            "roe_4q": 3.7,
            "gross_profit": 114959,
            "gross_margin": 1.89,
            "gross_margin_4q_avg": 3.28,
            "net_income": 48372,
            "net_income_4q": null,
            "revenue": 6085799,
            "revenue_4q": null,
            "common_shares": 7435652,
            "book_valuer_per_share": 18.18,
            "book_valuer_per_share_4q_avg": 18.48,
            "equity": 13567753,
            "current_ratio": 185.23,
            "debt_ratio": 47.49,
            "inventory_turnover_ratio": 2.45,
            "account_receivable_turnover_ratio": 12.23,
            "reinvestment_rate": 14.57,
            "research_to_sale_ratio": 0.44,
            "price_fair": 36.81,
            "eps_avg_yearly": 1.7,
            "eps_latest_yearly": 0.24,
            "eps_growth_yearly": 11.65
        },
        "20134": {
            "year_quarter": 20134,
            "year": 2013,
            "quarter": 4,
            "eps": 0.08,
            "eps_growth_year": -55.54,
            "eps_4q": 0.59,
            "eps_4q_growth_year": -38.17,
            "roe": 0.43,
            "roe_4q": 3.18,
            "gross_profit": 181089,
            "gross_margin": 2.78,
            "gross_margin_4q_avg": 3.46,
            "net_income": 59024,
            "net_income_4q": null,
            "revenue": 6518442,
            "revenue_4q": null,
            "common_shares": 7435652,
            "book_valuer_per_share": 18.31,
            "book_valuer_per_share_4q_avg": 18.33,
            "equity": 13665033,
            "current_ratio": 161.21,
            "debt_ratio": 47.98,
            "inventory_turnover_ratio": 2.53,
            "account_receivable_turnover_ratio": 19.53,
            "reinvestment_rate": 16,
            "research_to_sale_ratio": 0.8,
            "price_fair": 31.58,
            "eps_avg_yearly": 1.58,
            "eps_latest_yearly": 0.32,
            "eps_growth_yearly": 9.98
        },
        "20141": {
            "year_quarter": 20141,
            "year": 2014,
            "quarter": 1,
            "eps": 0.07,
            "eps_growth_year": -70.83,
            "eps_4q": 0.42,
            "eps_4q_growth_year": -55.17,
            "roe": 0.39,
            "roe_4q": 2.29,
            "gross_profit": 178516,
            "gross_margin": 2.49,
            "gross_margin_4q_avg": 2.84,
            "net_income": 52821,
            "net_income_4q": null,
            "revenue": 7169393,
            "revenue_4q": null,
            "common_shares": 7435652,
            "book_valuer_per_share": 18.38,
            "book_valuer_per_share_4q_avg": 18.25,
            "equity": 13717854,
            "current_ratio": 158.13,
            "debt_ratio": 47.64,
            "inventory_turnover_ratio": 2.77,
            "account_receivable_turnover_ratio": 34.58,
            "reinvestment_rate": 20.28,
            "research_to_sale_ratio": 0.27,
            "price_fair": 41.1,
            "eps_avg_yearly": 1.52,
            "eps_latest_yearly": 0.28,
            "eps_growth_yearly": 17.13
        },
        "20142": {
            "year_quarter": 20142,
            "year": 2014,
            "quarter": 2,
            "eps": 0.11,
            "eps_growth_year": -45,
            "eps_4q": 0.32,
            "eps_4q_growth_year": -64.52,
            "roe": 0.59,
            "roe_4q": 1.77,
            "gross_profit": 165476,
            "gross_margin": 3.08,
            "gross_margin_4q_avg": 2.56,
            "net_income": 80249,
            "net_income_4q": null,
            "revenue": 5366292,
            "revenue_4q": null,
            "common_shares": 7435652,
            "book_valuer_per_share": 17.98,
            "book_valuer_per_share_4q_avg": 18.21,
            "equity": 13419539,
            "current_ratio": 155,
            "debt_ratio": 48.12,
            "inventory_turnover_ratio": 1.95,
            "account_receivable_turnover_ratio": 23.45,
            "reinvestment_rate": 30.1,
            "research_to_sale_ratio": 0.41,
            "price_fair": 29.18,
            "eps_avg_yearly": 1.39,
            "eps_latest_yearly": 0.44,
            "eps_growth_yearly": 10.96
        },
        "20143": {
            "year_quarter": 20143,
            "year": 2014,
            "quarter": 3,
            "eps": 0.15,
            "eps_growth_year": 150,
            "eps_4q": 0.4,
            "eps_4q_growth_year": -41.47,
            "roe": 0.8,
            "roe_4q": 2.2100000000000004,
            "gross_profit": 244327,
            "gross_margin": 4.15,
            "gross_margin_4q_avg": 3.13,
            "net_income": 107539,
            "net_income_4q": null,
            "revenue": 5883600,
            "revenue_4q": null,
            "common_shares": 7435652,
            "book_valuer_per_share": 18.13,
            "book_valuer_per_share_4q_avg": 18.2,
            "equity": 13527078,
            "current_ratio": 146.5,
            "debt_ratio": 49.57,
            "inventory_turnover_ratio": 2.06,
            "account_receivable_turnover_ratio": 14.08,
            "reinvestment_rate": 33.29,
            "research_to_sale_ratio": 0.56,
            "price_fair": 18.44,
            "eps_avg_yearly": 1.19,
            "eps_latest_yearly": 0.6,
            "eps_growth_yearly": 5.47
        },
        "20144": {
            "year_quarter": 20144,
            "year": 2014,
            "quarter": 4,
            "eps": 0.28,
            "eps_growth_year": 259.14,
            "eps_4q": 0.61,
            "eps_4q_growth_year": 3.18,
            "roe": 1.57,
            "roe_4q": 3.35,
            "gross_profit": 428738,
            "gross_margin": 6.06,
            "gross_margin_4q_avg": 3.95,
            "net_income": 213769,
            "net_income_4q": null,
            "revenue": 7078368,
            "revenue_4q": null,
            "common_shares": 7435652,
            "book_valuer_per_share": 18.44,
            "book_valuer_per_share_4q_avg": 18.23,
            "equity": 13758084,
            "current_ratio": 129.58,
            "debt_ratio": 53.84,
            "inventory_turnover_ratio": 2.59,
            "account_receivable_turnover_ratio": 15.32,
            "reinvestment_rate": 44.7,
            "research_to_sale_ratio": 0.85,
            "price_fair": 39.81,
            "eps_avg_yearly": 1.14,
            "eps_latest_yearly": 1.12,
            "eps_growth_yearly": 38.97
        },
        "20151": {
            "year_quarter": 20151,
            "year": 2015,
            "quarter": 1,
            "eps": 0.17,
            "eps_growth_year": 142.86,
            "eps_4q": 0.71,
            "eps_4q_growth_year": 70.02,
            "roe": 0.93,
            "roe_4q": 3.8899999999999997,
            "gross_profit": 226607,
            "gross_margin": 3.9,
            "gross_margin_4q_avg": 4.3,
            "net_income": 129179,
            "net_income_4q": null,
            "revenue": 5803320,
            "revenue_4q": null,
            "common_shares": 7435652,
            "book_valuer_per_share": 18.61,
            "book_valuer_per_share_4q_avg": 18.29,
            "equity": 13887263,
            "current_ratio": 143.73,
            "debt_ratio": 47.46,
            "inventory_turnover_ratio": 2.22,
            "account_receivable_turnover_ratio": 7.97,
            "reinvestment_rate": 55.99,
            "research_to_sale_ratio": 0.81,
            "price_fair": 2.6,
            "eps_avg_yearly": 0.87,
            "eps_latest_yearly": 0.68,
            "eps_growth_yearly": -8.35
        },
        "20152": {
            "year_quarter": 20152,
            "year": 2015,
            "quarter": 2,
            "eps": 0.09,
            "eps_growth_year": -18.18,
            "eps_4q": 0.69,
            "eps_4q_growth_year": 116.05,
            "roe": 0.49,
            "roe_4q": 3.79,
            "gross_profit": 194295,
            "gross_margin": 3.86,
            "gross_margin_4q_avg": 4.49,
            "net_income": 66972,
            "net_income_4q": null,
            "revenue": 5030042,
            "revenue_4q": null,
            "common_shares": 7435652,
            "book_valuer_per_share": 18.2,
            "book_valuer_per_share_4q_avg": 18.35,
            "equity": 13578674,
            "current_ratio": 153.87,
            "debt_ratio": 42.99,
            "inventory_turnover_ratio": 1.82,
            "account_receivable_turnover_ratio": 6.94,
            "reinvestment_rate": 64.59,
            "research_to_sale_ratio": 0.43,
            "price_fair": 2.26,
            "eps_avg_yearly": 0.75,
            "eps_latest_yearly": 0.36,
            "eps_growth_yearly": -6.11
        },
        "20153": {
            "year_quarter": 20153,
            "year": 2015,
            "quarter": 3,
            "eps": 0.11,
            "eps_growth_year": -26.67,
            "eps_4q": 0.65,
            "eps_4q_growth_year": 63.06,
            "roe": 0.62,
            "roe_4q": 3.6100000000000003,
            "gross_profit": 190007,
            "gross_margin": 3.57,
            "gross_margin_4q_avg": 4.35,
            "net_income": 83911,
            "net_income_4q": null,
            "revenue": 5327550,
            "revenue_4q": null,
            "common_shares": 7435652,
            "book_valuer_per_share": 18.31,
            "book_valuer_per_share_4q_avg": 18.39,
            "equity": 13662585,
            "current_ratio": 172.42,
            "debt_ratio": 42.99,
            "inventory_turnover_ratio": 2,
            "account_receivable_turnover_ratio": 19.22,
            "reinvestment_rate": 70.67,
            "research_to_sale_ratio": 0.72,
            "price_fair": 14.3,
            "eps_avg_yearly": 0.7,
            "eps_latest_yearly": 0.44,
            "eps_growth_yearly": 10.35
        },
        "20154": {
            "year_quarter": 20154,
            "year": 2015,
            "quarter": 4,
            "eps": 0.26,
            "eps_growth_year": -8.92,
            "eps_4q": 0.63,
            "eps_4q_growth_year": 3.85,
            "roe": 1.4,
            "roe_4q": 3.44,
            "gross_profit": 383535,
            "gross_margin": 7.24,
            "gross_margin_4q_avg": 4.64,
            "net_income": 192722,
            "net_income_4q": null,
            "revenue": 5296784,
            "revenue_4q": null,
            "common_shares": 7435652,
            "book_valuer_per_share": 18.58,
            "book_valuer_per_share_4q_avg": 18.43,
            "equity": 13864372,
            "current_ratio": 169.51,
            "debt_ratio": 41.6,
            "inventory_turnover_ratio": 2.03,
            "account_receivable_turnover_ratio": 19.89,
            "reinvestment_rate": 38.14,
            "research_to_sale_ratio": 0.92,
            "price_fair": 24.33,
            "eps_avg_yearly": 0.7,
            "eps_latest_yearly": 1.04,
            "eps_growth_yearly": 46.06
        },
        "20161": {
            "year_quarter": 20161,
            "year": 2016,
            "quarter": 1,
            "eps": 0.05,
            "eps_growth_year": -70.59,
            "eps_4q": 0.51,
            "eps_4q_growth_year": -27.82,
            "roe": 0.3,
            "roe_4q": 2.8099999999999996,
            "gross_profit": 139958,
            "gross_margin": 3.08,
            "gross_margin_4q_avg": 4.44,
            "net_income": 41082,
            "net_income_4q": null,
            "revenue": 4550410,
            "revenue_4q": null,
            "common_shares": 7435652,
            "book_valuer_per_share": 18.63,
            "book_valuer_per_share_4q_avg": 18.43,
            "equity": 13905454,
            "current_ratio": 156.37,
            "debt_ratio": 43.59,
            "inventory_turnover_ratio": 1.69,
            "account_receivable_turnover_ratio": 17.43,
            "reinvestment_rate": 34.33,
            "research_to_sale_ratio": 0.55,
            "price_fair": 22.4,
            "eps_avg_yearly": 0.64,
            "eps_latest_yearly": 0.2,
            "eps_growth_yearly": 27.59
        },
        "20162": {
            "year_quarter": 20162,
            "year": 2016,
            "quarter": 2,
            "eps": -0.02,
            "eps_growth_year": -122.22,
            "eps_4q": 0.41,
            "eps_4q_growth_year": -41.25,
            "roe": -0.09,
            "roe_4q": 2.23,
            "gross_profit": 76125,
            "gross_margin": 1.67,
            "gross_margin_4q_avg": 3.89,
            "net_income": -12722,
            "net_income_4q": null,
            "revenue": 4546669,
            "revenue_4q": null,
            "common_shares": 7435652,
            "book_valuer_per_share": 18.12,
            "book_valuer_per_share_4q_avg": 18.41,
            "equity": 13516620,
            "current_ratio": 154.17,
            "debt_ratio": 43.72,
            "inventory_turnover_ratio": 1.51,
            "account_receivable_turnover_ratio": 23.93,
            "reinvestment_rate": 30.93,
            "research_to_sale_ratio": 0.48,
            "price_fair": 21.75,
            "eps_avg_yearly": 0.62,
            "eps_latest_yearly": 0.2,
            "eps_growth_yearly": 33.38
        },
        "20163": {
            "year_quarter": 20163,
            "year": 2016,
            "quarter": 3,
            "eps": -1.14,
            "eps_growth_year": -1136.36,
            "eps_4q": -0.84,
            "eps_4q_growth_year": -228.74,
            "roe": -6.47,
            "roe_4q": -4.859999999999999,
            "gross_profit": -896716,
            "gross_margin": -24.27,
            "gross_margin_4q_avg": -3.07,
            "net_income": -846882,
            "net_income_4q": null,
            "revenue": 3694280,
            "revenue_4q": null,
            "common_shares": 7435652,
            "book_valuer_per_share": 16.98,
            "book_valuer_per_share_4q_avg": 18.08,
            "equity": 12669737,
            "current_ratio": 132.69,
            "debt_ratio": 48.93,
            "inventory_turnover_ratio": 1.41,
            "account_receivable_turnover_ratio": 28.49,
            "reinvestment_rate": 110.74,
            "research_to_sale_ratio": 0.64,
            "price_fair": 20.5,
            "eps_avg_yearly": 0.59,
            "eps_latest_yearly": 0.2,
            "eps_growth_yearly": 29.55
        },
        "20164": {
            "year_quarter": 20164,
            "year": 2016,
            "quarter": 4,
            "eps": -0.63,
            "eps_growth_year": -343.73,
            "eps_4q": -1.73,
            "eps_4q_growth_year": -374.93,
            "roe": -3.76,
            "roe_4q": -10.02,
            "gross_profit": -379595,
            "gross_margin": -12.84,
            "gross_margin_4q_avg": -8.09,
            "net_income": -468287,
            "net_income_4q": null,
            "revenue": 2956340,
            "revenue_4q": null,
            "common_shares": 7435652,
            "book_valuer_per_share": 16.38,
            "book_valuer_per_share_4q_avg": 17.53,
            "equity": 12229658,
            "current_ratio": 118.51,
            "debt_ratio": 55.8,
            "inventory_turnover_ratio": 0.92,
            "account_receivable_turnover_ratio": 7.07,
            "reinvestment_rate": 1000.52,
            "research_to_sale_ratio": 1.07,
            "price_fair": 20.14,
            "eps_avg_yearly": 0.58,
            "eps_latest_yearly": 0.2,
            "eps_growth_yearly": 42.81
        },
        "20171": {
            "year_quarter": 20171,
            "year": 2017,
            "quarter": 1,
            "eps": -2.01,
            "eps_growth_year": -4120,
            "eps_4q": -3.79,
            "eps_4q_growth_year": -842.12,
            "roe": -13.02,
            "roe_4q": -23.34,
            "gross_profit": -1691297,
            "gross_margin": -52.35,
            "gross_margin_4q_avg": -21.95,
            "net_income": -1495107,
            "net_income_4q": null,
            "revenue": 3230751,
            "revenue_4q": null,
            "common_shares": 7435652,
            "book_valuer_per_share": 14.37,
            "book_valuer_per_share_4q_avg": 16.46,
            "equity": 10734551,
            "current_ratio": 105.89,
            "debt_ratio": 62.42,
            "inventory_turnover_ratio": 1.22,
            "account_receivable_turnover_ratio": 4.12,
            "reinvestment_rate": null,
            "research_to_sale_ratio": 0.69,
            "price_fair": 19.02,
            "eps_avg_yearly": 0.54,
            "eps_latest_yearly": 0.2,
            "eps_growth_yearly": 35.27
        },
        "20172": {
            "year_quarter": 20172,
            "year": 2017,
            "quarter": 2,
            "eps": -1.56,
            "eps_growth_year": null,
            "eps_4q": -5.34,
            "eps_4q_growth_year": -1414.39,
            "roe": -11.43,
            "roe_4q": -34.68,
            "gross_profit": -1066550,
            "gross_margin": -19.44,
            "gross_margin_4q_avg": -27.23,
            "net_income": -1160598,
            "net_income_4q": null,
            "revenue": 5486168,
            "revenue_4q": null,
            "common_shares": 7435652,
            "book_valuer_per_share": 12.81,
            "book_valuer_per_share_4q_avg": 15.14,
            "equity": 9573708,
            "current_ratio": 130.97,
            "debt_ratio": 60.38,
            "inventory_turnover_ratio": 1.78,
            "account_receivable_turnover_ratio": 6.66,
            "reinvestment_rate": null,
            "research_to_sale_ratio": 0.51,
            "price_fair": 18.2,
            "eps_avg_yearly": 0.52,
            "eps_latest_yearly": 0.2,
            "eps_growth_yearly": 44.54
        },
        "20173": {
            "year_quarter": 20173,
            "year": 2017,
            "quarter": 3,
            "eps": -2.88,
            "eps_growth_year": null,
            "eps_4q": -7.08,
            "eps_4q_growth_year": null,
            "roe": -25.19,
            "roe_4q": -53.4,
            "gross_profit": -2031544,
            "gross_margin": -50.85,
            "gross_margin_4q_avg": -33.87,
            "net_income": -2141554,
            "net_income_4q": null,
            "revenue": 3994860,
            "revenue_4q": null,
            "common_shares": 7435652,
            "book_valuer_per_share": 9.94,
            "book_valuer_per_share_4q_avg": 13.38,
            "equity": 7432154,
            "current_ratio": 121.15,
            "debt_ratio": 66.48,
            "inventory_turnover_ratio": 1.88,
            "account_receivable_turnover_ratio": 3.6,
            "reinvestment_rate": null,
            "research_to_sale_ratio": 0.71,
            "price_fair": 19.18,
            "eps_avg_yearly": 0.55,
            "eps_latest_yearly": 0.2,
            "eps_growth_yearly": 76.99
        },
        "20174": {
            "year_quarter": 20174,
            "year": 2017,
            "quarter": 4,
            "eps": -1.46,
            "eps_growth_year": null,
            "eps_4q": -7.91,
            "eps_4q_growth_year": null,
            "roe": -15.73,
            "roe_4q": -65.37,
            "gross_profit": -932497,
            "gross_margin": -25.25,
            "gross_margin_4q_avg": -36.97,
            "net_income": -1085940,
            "net_income_4q": null,
            "revenue": 3692565,
            "revenue_4q": null,
            "common_shares": 7435652,
            "book_valuer_per_share": 8.52,
            "book_valuer_per_share_4q_avg": 11.41,
            "equity": 6379084,
            "current_ratio": 126.38,
            "debt_ratio": 71.37,
            "inventory_turnover_ratio": 1.65,
            "account_receivable_turnover_ratio": 2.65,
            "reinvestment_rate": null,
            "research_to_sale_ratio": 1.3,
            "price_fair": 20.07,
            "eps_avg_yearly": 0.57,
            "eps_latest_yearly": 0.2,
            "eps_growth_yearly": 70.73
        },
        "20181": {
            "year_quarter": 20181,
            "year": 2018,
            "quarter": 1,
            "eps": -2.71,
            "eps_growth_year": null,
            "eps_4q": -7.04,
            "eps_4q_growth_year": null,
            "roe": -14.26,
            "roe_4q": -66.61000000000001,
            "gross_profit": -1046675,
            "gross_margin": -36.31,
            "gross_margin_4q_avg": -32.96,
            "net_income": -849251,
            "net_income_4q": null,
            "revenue": 2882456,
            "revenue_4q": null,
            "common_shares": 7435652,
            "book_valuer_per_share": 7.38,
            "book_valuer_per_share_4q_avg": 9.66,
            "equity": 5529833,
            "current_ratio": 118.92,
            "debt_ratio": 75.7,
            "inventory_turnover_ratio": 1.85,
            "account_receivable_turnover_ratio": 2.02,
            "reinvestment_rate": null,
            "research_to_sale_ratio": 0.87,
            "price_fair": 21.35,
            "eps_avg_yearly": 0.61,
            "eps_latest_yearly": 0.2,
            "eps_growth_yearly": 85.82
        },
        "20182": {
            "year_quarter": 20182,
            "year": 2018,
            "quarter": 2,
            "eps": -1.02,
            "eps_growth_year": null,
            "eps_4q": -11.84,
            "eps_4q_growth_year": null,
            "roe": -5.18,
            "roe_4q": -60.36,
            "gross_profit": -179444,
            "gross_margin": -5.29,
            "gross_margin_4q_avg": -29.43,
            "net_income": -342930,
            "net_income_4q": null,
            "revenue": 3389000,
            "revenue_4q": null,
            "common_shares": 3729918,
            "book_valuer_per_share": 20.56,
            "book_valuer_per_share_4q_avg": 11.6,
            "equity": 7712903,
            "current_ratio": 172.83,
            "debt_ratio": 64.27,
            "inventory_turnover_ratio": 1.92,
            "account_receivable_turnover_ratio": 2.54,
            "reinvestment_rate": null,
            "research_to_sale_ratio": 0.77,
            "price_fair": 22.2,
            "eps_avg_yearly": 0.63,
            "eps_latest_yearly": 0.2,
            "eps_growth_yearly": 65.43
        },
        "20183": {
            "year_quarter": 20183,
            "year": 2018,
            "quarter": 3,
            "eps": -2.94,
            "eps_growth_year": null,
            "eps_4q": -9.05,
            "eps_4q_growth_year": null,
            "roe": -15.31,
            "roe_4q": -50.480000000000004,
            "gross_profit": -1000756,
            "gross_margin": -29.09,
            "gross_margin_4q_avg": -23.99,
            "net_income": -1096933,
            "net_income_4q": null,
            "revenue": 3440060,
            "revenue_4q": null,
            "common_shares": 3729918,
            "book_valuer_per_share": 17.62,
            "book_valuer_per_share_4q_avg": 13.52,
            "equity": 6615970,
            "current_ratio": 132.01,
            "debt_ratio": 70.93,
            "inventory_turnover_ratio": 2.44,
            "account_receivable_turnover_ratio": 3.18,
            "reinvestment_rate": null,
            "research_to_sale_ratio": 0.76,
            "price_fair": 22.4,
            "eps_avg_yearly": 0.64,
            "eps_latest_yearly": 0.2,
            "eps_growth_yearly": 52.09
        },
        "20184": {
            "year_quarter": 20184,
            "year": 2018,
            "quarter": 4,
            "eps": -2.18,
            "eps_growth_year": null,
            "eps_4q": -8.31,
            "eps_4q_growth_year": null,
            "roe": -12.87,
            "roe_4q": -47.62,
            "gross_profit": -366989,
            "gross_margin": -11.12,
            "gross_margin_4q_avg": -20.45,
            "net_income": -810970,
            "net_income_4q": null,
            "revenue": 3300810,
            "revenue_4q": null,
            "common_shares": 3729918,
            "book_valuer_per_share": 15.93,
            "book_valuer_per_share_4q_avg": 15.37,
            "equity": 5985554,
            "current_ratio": 118.59,
            "debt_ratio": 73.78,
            "inventory_turnover_ratio": 2.29,
            "account_receivable_turnover_ratio": 3.54,
            "reinvestment_rate": null,
            "research_to_sale_ratio": 1.21,
            "price_fair": 1.63,
            "eps_avg_yearly": 0.54,
            "eps_latest_yearly": 0.2,
            "eps_growth_yearly": -6.82
        },
        "20191": {
            "year_quarter": 20191,
            "year": 2019,
            "quarter": 1,
            "eps": -0.67,
            "eps_growth_year": null,
            "eps_4q": -5.38,
            "eps_4q_growth_year": null,
            "roe": -4.2,
            "roe_4q": -37.56,
            "gross_profit": -162461,
            "gross_margin": -5.12,
            "gross_margin_4q_avg": -12.66,
            "net_income": -292473,
            "net_income_4q": null,
            "revenue": 3171477,
            "revenue_4q": null,
            "common_shares": 4729918,
            "book_valuer_per_share": 16.7,
            "book_valuer_per_share_4q_avg": 17.7,
            "equity": 7945081,
            "current_ratio": 134.2,
            "debt_ratio": 72.6,
            "inventory_turnover_ratio": 2.16,
            "account_receivable_turnover_ratio": 3.62,
            "reinvestment_rate": null,
            "research_to_sale_ratio": 0.67,
            "price_fair": 17.85,
            "eps_avg_yearly": 0.51,
            "eps_latest_yearly": 0.2,
            "eps_growth_yearly": 30.76
        },
        "20192": {
            "year_quarter": 20192,
            "year": 2019,
            "quarter": 2,
            "eps": -1.13,
            "eps_growth_year": null,
            "eps_4q": -5.78,
            "eps_4q_growth_year": null,
            "roe": -6.95,
            "roe_4q": -39.33,
            "gross_profit": -381522,
            "gross_margin": -13.27,
            "gross_margin_4q_avg": -14.65,
            "net_income": -533607,
            "net_income_4q": null,
            "revenue": 2875176,
            "revenue_4q": null,
            "common_shares": 4729918,
            "book_valuer_per_share": 15.57,
            "book_valuer_per_share_4q_avg": 16.46,
            "equity": 7411474,
            "current_ratio": 118.3,
            "debt_ratio": 76.75,
            "inventory_turnover_ratio": 1.63,
            "account_receivable_turnover_ratio": 3.32,
            "reinvestment_rate": null,
            "research_to_sale_ratio": 0.89,
            "price_fair": 19.6,
            "eps_avg_yearly": 0.56,
            "eps_latest_yearly": 0.2,
            "eps_growth_yearly": 103.76
        },
        "20193": {
            "year_quarter": 20193,
            "year": 2019,
            "quarter": 3,
            "eps": 0.07,
            "eps_growth_year": null,
            "eps_4q": -3.4,
            "eps_4q_growth_year": null,
            "roe": 0.45,
            "roe_4q": -23.57,
            "gross_profit": 152382,
            "gross_margin": 2.74,
            "gross_margin_4q_avg": -6.69,
            "net_income": 33301,
            "net_income_4q": null,
            "revenue": 5567503,
            "revenue_4q": null,
            "common_shares": 4729918,
            "book_valuer_per_share": 15.66,
            "book_valuer_per_share_4q_avg": 15.97,
            "equity": 7407275,
            "current_ratio": 118.68,
            "debt_ratio": 76.87,
            "inventory_turnover_ratio": 2.79,
            "account_receivable_turnover_ratio": 6.17,
            "reinvestment_rate": null,
            "research_to_sale_ratio": 0.42,
            "price_fair": 21.7,
            "eps_avg_yearly": 0.62,
            "eps_latest_yearly": 0.2,
            "eps_growth_yearly": 111.19
        },
        "20194": {
            "year_quarter": 20194,
            "year": 2019,
            "quarter": 4,
            "eps": -2.16,
            "eps_growth_year": null,
            "eps_4q": -3.84,
            "eps_4q_growth_year": null,
            "roe": -14.75,
            "roe_4q": -25.45,
            "gross_profit": -798780,
            "gross_margin": -16.21,
            "gross_margin_4q_avg": -7.97,
            "net_income": -1022739,
            "net_income_4q": null,
            "revenue": 4926743,
            "revenue_4q": null,
            "common_shares": 4729918,
            "book_valuer_per_share": 13.65,
            "book_valuer_per_share_4q_avg": 15.4,
            "equity": 6457258,
            "current_ratio": 107.24,
            "debt_ratio": 81.59,
            "inventory_turnover_ratio": 3.31,
            "account_receivable_turnover_ratio": 4.42,
            "reinvestment_rate": null,
            "research_to_sale_ratio": 0.59,
            "price_fair": 0.6,
            "eps_avg_yearly": 0.2,
            "eps_latest_yearly": 0.2,
            "eps_growth_yearly": -323.08
        },
        "20201": {
            "year_quarter": 20201,
            "year": 2020,
            "quarter": 1,
            "eps": -0.49,
            "eps_growth_year": null,
            "eps_4q": -3.72,
            "eps_4q_growth_year": null,
            "roe": -3.63,
            "roe_4q": -24.88,
            "gross_profit": -121795,
            "gross_margin": -2.22,
            "gross_margin_4q_avg": -7.24,
            "net_income": -231909,
            "net_income_4q": null,
            "revenue": 5498509,
            "revenue_4q": null,
            "common_shares": 4729918,
            "book_valuer_per_share": 13.36,
            "book_valuer_per_share_4q_avg": 14.56,
            "equity": 6321502,
            "current_ratio": 120.23,
            "debt_ratio": 81.56,
            "inventory_turnover_ratio": 2.76,
            "account_receivable_turnover_ratio": 4.55,
            "reinvestment_rate": null,
            "research_to_sale_ratio": 0.45,
            "price_fair": 0,
            "eps_avg_yearly": 0,
            "eps_latest_yearly": 0,
            "eps_growth_yearly": 0
        },
        "20202": {
            "year_quarter": 20202,
            "year": 2020,
            "quarter": 2,
            "eps": -0.86,
            "eps_growth_year": null,
            "eps_4q": -3.44,
            "eps_4q_growth_year": null,
            "roe": -6.63,
            "roe_4q": -24.56,
            "gross_profit": -382024,
            "gross_margin": -5.54,
            "gross_margin_4q_avg": -5.31,
            "net_income": -405719,
            "net_income_4q": null,
            "revenue": 6897178,
            "revenue_4q": null,
            "common_shares": 4729918,
            "book_valuer_per_share": 12.51,
            "book_valuer_per_share_4q_avg": 13.8,
            "equity": 5915783,
            "current_ratio": 111.75,
            "debt_ratio": 83.21,
            "inventory_turnover_ratio": 3.19,
            "account_receivable_turnover_ratio": 5.9,
            "reinvestment_rate": null,
            "research_to_sale_ratio": 0.28,
            "price_fair": 0,
            "eps_avg_yearly": 0,
            "eps_latest_yearly": 0,
            "eps_growth_yearly": 0
        },
        "20203": {
            "year_quarter": 20203,
            "year": 2020,
            "quarter": 3,
            "eps": -0.69,
            "eps_growth_year": -1085.71,
            "eps_4q": -4.2,
            "eps_4q_growth_year": null,
            "roe": -5.7,
            "roe_4q": -30.71,
            "gross_profit": -230118,
            "gross_margin": -3.18,
            "gross_margin_4q_avg": -6.79,
            "net_income": -327574,
            "net_income_4q": null,
            "revenue": 7245648,
            "revenue_4q": null,
            "common_shares": 4729918,
            "book_valuer_per_share": 11.81,
            "book_valuer_per_share_4q_avg": 12.83,
            "equity": 5588209,
            "current_ratio": 101.26,
            "debt_ratio": 84.36,
            "inventory_turnover_ratio": 2.83,
            "account_receivable_turnover_ratio": 5.68,
            "reinvestment_rate": null,
            "research_to_sale_ratio": 0.32,
            "price_fair": 0,
            "eps_avg_yearly": 0,
            "eps_latest_yearly": 0,
            "eps_growth_yearly": 0
        },
        "20204": {
            "year_quarter": 20204,
            "year": 2020,
            "quarter": 4,
            "eps": -1.34,
            "eps_growth_year": null,
            "eps_4q": -3.38,
            "eps_4q_growth_year": null,
            "roe": -11.98,
            "roe_4q": -27.939999999999998,
            "gross_profit": -675537,
            "gross_margin": -11.95,
            "gross_margin_4q_avg": -5.72,
            "net_income": -634885,
            "net_income_4q": null,
            "revenue": 5655294,
            "revenue_4q": null,
            "common_shares": 4730555,
            "book_valuer_per_share": 10.59,
            "book_valuer_per_share_4q_avg": 12.07,
            "equity": 5008081,
            "current_ratio": 94.84,
            "debt_ratio": 86.55,
            "inventory_turnover_ratio": 2.39,
            "account_receivable_turnover_ratio": 4.48,
            "reinvestment_rate": null,
            "research_to_sale_ratio": 0.48,
            "price_fair": 0,
            "eps_avg_yearly": 0,
            "eps_latest_yearly": 0,
            "eps_growth_yearly": 0
        },
        "20211": {
            "year_quarter": 20211,
            "year": 2021,
            "quarter": 1,
            "eps": 0.07,
            "eps_growth_year": null,
            "eps_4q": -1.45,
            "eps_4q_growth_year": null,
            "roe": 0.38,
            "roe_4q": -23.93,
            "gross_profit": 119650,
            "gross_margin": 2.64,
            "gross_margin_4q_avg": -4.51,
            "net_income": 33854,
            "net_income_4q": null,
            "revenue": 4528155,
            "revenue_4q": null,
            "common_shares": 9230555,
            "book_valuer_per_share": 14.13,
            "book_valuer_per_share_4q_avg": 12.26,
            "equity": 13045753,
            "current_ratio": 124.31,
            "debt_ratio": 72.55,
            "inventory_turnover_ratio": 1.8,
            "account_receivable_turnover_ratio": 3.57,
            "reinvestment_rate": null,
            "research_to_sale_ratio": 0.45,
            "price_fair": 0,
            "eps_avg_yearly": 0,
            "eps_latest_yearly": 0,
            "eps_growth_yearly": 0
        },
        "20212": {
            "year_quarter": 20212,
            "year": 2021,
            "quarter": 2,
            "eps": 0.02,
            "eps_growth_year": null,
            "eps_4q": -0.98,
            "eps_4q_growth_year": null,
            "roe": 0.15,
            "roe_4q": -17.150000000000002,
            "gross_profit": 147045,
            "gross_margin": 3,
            "gross_margin_4q_avg": -2.37,
            "net_income": 20231,
            "net_income_4q": null,
            "revenue": 4902729,
            "revenue_4q": null,
            "common_shares": 9316418,
            "book_valuer_per_share": 14.21,
            "book_valuer_per_share_4q_avg": 12.69,
            "equity": 13242217,
            "current_ratio": 121.19,
            "debt_ratio": 68.19,
            "inventory_turnover_ratio": 1.89,
            "account_receivable_turnover_ratio": 3.55,
            "reinvestment_rate": null,
            "research_to_sale_ratio": 0.62,
            "price_fair": 0.24,
            "eps_avg_yearly": 0.08,
            "eps_latest_yearly": 0.08,
            "eps_growth_yearly": -285.71
        },
        "20213": {
            "year_quarter": 20213,
            "year": 2021,
            "quarter": 3,
            "eps": -0.04,
            "eps_growth_year": null,
            "eps_4q": -0.67,
            "eps_4q_growth_year": null,
            "roe": -0.32,
            "roe_4q": -11.77,
            "gross_profit": 85347,
            "gross_margin": 1.73,
            "gross_margin_4q_avg": -1.15,
            "net_income": -42655,
            "net_income_4q": null,
            "revenue": 4924970,
            "revenue_4q": null,
            "common_shares": 9317873,
            "book_valuer_per_share": 14.17,
            "book_valuer_per_share_4q_avg": 13.28,
            "equity": 13232671,
            "current_ratio": 121.26,
            "debt_ratio": 68.08,
            "inventory_turnover_ratio": 1.86,
            "account_receivable_turnover_ratio": 3.43,
            "reinvestment_rate": null,
            "research_to_sale_ratio": 0.37,
            "price_fair": 0.24,
            "eps_avg_yearly": 0.08,
            "eps_latest_yearly": 0.08,
            "eps_growth_yearly": -285.71
        },
        "20214": {
            "year_quarter": 20214,
            "year": 2021,
            "quarter": 4,
            "eps": 0,
            "eps_growth_year": null,
            "eps_4q": 0.01,
            "eps_4q_growth_year": null,
            "roe": -0.01,
            "roe_4q": 0.19999999999999998,
            "gross_profit": 203177,
            "gross_margin": 4.27,
            "gross_margin_4q_avg": 2.91,
            "net_income": -1877,
            "net_income_4q": null,
            "revenue": 4757575,
            "revenue_4q": null,
            "common_shares": 9317873,
            "book_valuer_per_share": 14.21,
            "book_valuer_per_share_4q_avg": 14.18,
            "equity": 13263540,
            "current_ratio": 117.6,
            "debt_ratio": 69.66,
            "inventory_turnover_ratio": 1.64,
            "account_receivable_turnover_ratio": 2.72,
            "reinvestment_rate": null,
            "research_to_sale_ratio": 1.16,
            "price_fair": 0.24,
            "eps_avg_yearly": 0.08,
            "eps_latest_yearly": 0.08,
            "eps_growth_yearly": -285.71
        },
        "20221": {
            "year_quarter": 20221,
            "year": 2022,
            "quarter": 1,
            "eps": -0.21,
            "eps_growth_year": -400,
            "eps_4q": -0.24,
            "eps_4q_growth_year": null,
            "roe": -1.53,
            "roe_4q": -1.7100000000000002,
            "gross_profit": -116728,
            "gross_margin": -2.1,
            "gross_margin_4q_avg": 1.73,
            "net_income": -201542,
            "net_income_4q": null,
            "revenue": 5568666,
            "revenue_4q": null,
            "common_shares": 9317873,
            "book_valuer_per_share": 13.99,
            "book_valuer_per_share_4q_avg": 14.15,
            "equity": 13061998,
            "current_ratio": 114.3,
            "debt_ratio": 70.38,
            "inventory_turnover_ratio": 1.99,
            "account_receivable_turnover_ratio": 2.27,
            "reinvestment_rate": null,
            "research_to_sale_ratio": 0.42,
            "price_fair": 0.24,
            "eps_avg_yearly": 0.08,
            "eps_latest_yearly": 0.08,
            "eps_growth_yearly": -285.71
        },
        "20222": {
            "year_quarter": 20222,
            "year": 2022,
            "quarter": 2,
            "eps": -0.95,
            "eps_growth_year": -4850,
            "eps_4q": -1.21,
            "eps_4q_growth_year": null,
            "roe": -7.02,
            "roe_4q": -8.879999999999999,
            "gross_profit": -812275,
            "gross_margin": -19.24,
            "gross_margin_4q_avg": -3.84,
            "net_income": -885935,
            "net_income_4q": null,
            "revenue": 4221129,
            "revenue_4q": null,
            "common_shares": 9317873,
            "book_valuer_per_share": 13.04,
            "book_valuer_per_share_4q_avg": 13.85,
            "equity": 12176063,
            "current_ratio": 108,
            "debt_ratio": 71.84,
            "inventory_turnover_ratio": 1.56,
            "account_receivable_turnover_ratio": 1.71,
            "reinvestment_rate": null,
            "research_to_sale_ratio": 0.61,
            "price_fair": 0.24,
            "eps_avg_yearly": 0.08,
            "eps_latest_yearly": 0.08,
            "eps_growth_yearly": -285.71
        },
        "20223": {
            "year_quarter": 20223,
            "year": 2022,
            "quarter": 3,
            "eps": -1.39,
            "eps_growth_year": null,
            "eps_4q": -2.56,
            "eps_4q_growth_year": null,
            "roe": -11.31,
            "roe_4q": -19.87,
            "gross_profit": -1340976,
            "gross_margin": -31.18,
            "gross_margin_4q_avg": -12.06,
            "net_income": -1303297,
            "net_income_4q": null,
            "revenue": 4301248,
            "revenue_4q": null,
            "common_shares": 9317873,
            "book_valuer_per_share": 11.65,
            "book_valuer_per_share_4q_avg": 13.22,
            "equity": 10872766,
            "current_ratio": 112.41,
            "debt_ratio": 76.79,
            "inventory_turnover_ratio": 1.19,
            "account_receivable_turnover_ratio": 1.56,
            "reinvestment_rate": null,
            "research_to_sale_ratio": 0.82,
            "price_fair": 0.24,
            "eps_avg_yearly": 0.08,
            "eps_latest_yearly": 0.08,
            "eps_growth_yearly": -285.71
        },
        "20224": {
            "year_quarter": 20224,
            "year": 2022,
            "quarter": 4,
            "eps": -1.23,
            "eps_growth_year": -129001.26,
            "eps_4q": -3.78,
            "eps_4q_growth_year": -26747.07,
            "roe": -11.19,
            "roe_4q": -31.05,
            "gross_profit": -826785,
            "gross_margin": -10.46,
            "gross_margin_4q_avg": -15.75,
            "net_income": -1157714,
            "net_income_4q": null,
            "revenue": 7903007,
            "revenue_4q": null,
            "common_shares": 9317873,
            "book_valuer_per_share": 10.53,
            "book_valuer_per_share_4q_avg": 12.3,
            "equity": 9813627,
            "current_ratio": 118.72,
            "debt_ratio": 78.96,
            "inventory_turnover_ratio": 1.52,
            "account_receivable_turnover_ratio": 3.32,
            "reinvestment_rate": null,
            "research_to_sale_ratio": 1.58,
            "price_fair": 0.24,
            "eps_avg_yearly": 0.08,
            "eps_latest_yearly": 0.08,
            "eps_growth_yearly": -285.71
        },
        "20231": {
            "year_quarter": 20231,
            "year": 2023,
            "quarter": 1,
            "eps": -1.83,
            "eps_growth_year": null,
            "eps_4q": -5.4,
            "eps_4q_growth_year": null,
            "roe": -19.09,
            "roe_4q": -48.61,
            "gross_profit": -1442239,
            "gross_margin": -25.29,
            "gross_margin_4q_avg": -21.54,
            "net_income": -1709832,
            "net_income_4q": null,
            "revenue": 5702853,
            "revenue_4q": null,
            "common_shares": 9317873,
            "book_valuer_per_share": 8.7,
            "book_valuer_per_share_4q_avg": 10.98,
            "equity": 8103795,
            "current_ratio": 110.55,
            "debt_ratio": 82.5,
            "inventory_turnover_ratio": 1.09,
            "account_receivable_turnover_ratio": 4.4,
            "reinvestment_rate": null,
            "research_to_sale_ratio": 1.04,
            "price_fair": 0.24,
            "eps_avg_yearly": 0.08,
            "eps_latest_yearly": 0.08,
            "eps_growth_yearly": -285.71
        },
        "20232": {
            "year_quarter": 20232,
            "year": 2023,
            "quarter": 2,
            "eps": -1.03,
            "eps_growth_year": null,
            "eps_4q": -5.48,
            "eps_4q_growth_year": null,
            "roe": -12.58,
            "roe_4q": -54.17,
            "gross_profit": -352078,
            "gross_margin": -6.3,
            "gross_margin_4q_avg": -18.31,
            "net_income": -961126,
            "net_income_4q": null,
            "revenue": 5592723,
            "revenue_4q": null,
            "common_shares": 9335146,
            "book_valuer_per_share": 7.69,
            "book_valuer_per_share_4q_avg": 9.64,
            "equity": 7180181,
            "current_ratio": 101.39,
            "debt_ratio": 83.23,
            "inventory_turnover_ratio": 0.87,
            "account_receivable_turnover_ratio": 4.48,
            "reinvestment_rate": null,
            "research_to_sale_ratio": 0.94,
            "price_fair": 0.24,
            "eps_avg_yearly": 0.08,
            "eps_latest_yearly": 0.08,
            "eps_growth_yearly": -285.71
        },
        "20233": {
            "year_quarter": 20233,
            "year": 2023,
            "quarter": 3,
            "eps": -1,
            "eps_growth_year": null,
            "eps_4q": -5.09,
            "eps_4q_growth_year": null,
            "roe": -13.98,
            "roe_4q": -56.84,
            "gross_profit": -105667,
            "gross_margin": -1.9,
            "gross_margin_4q_avg": -10.99,
            "net_income": -938133,
            "net_income_4q": null,
            "revenue": 5552855,
            "revenue_4q": null,
            "common_shares": 9335146,
            "book_valuer_per_share": 6.69,
            "book_valuer_per_share_4q_avg": 8.4,
            "equity": 6242048,
            "current_ratio": 100.38,
            "debt_ratio": 83.45,
            "inventory_turnover_ratio": 0.93,
            "account_receivable_turnover_ratio": 3.85,
            "reinvestment_rate": null,
            "research_to_sale_ratio": 0.69,
            "price_fair": 0.24,
            "eps_avg_yearly": 0.08,
            "eps_latest_yearly": 0.08,
            "eps_growth_yearly": -285.71
        }
    },
    "months": {
        "2008-12": {
            "month": "2008-12",
            "price": "19.57",
            "revenue": 2955944
        },
        "2009-01": {
            "month": "2009-01",
            "price": "19.81",
            "revenue": 2830759
        },
        "2009-02": {
            "month": "2009-02",
            "price": "19.70",
            "revenue": 4013944
        },
        "2009-03": {
            "month": "2009-03",
            "price": "24.29",
            "revenue": 2960874
        },
        "2009-04": {
            "month": "2009-04",
            "price": "31.16",
            "revenue": 2637786
        },
        "2009-05": {
            "month": "2009-05",
            "price": "33.59",
            "revenue": 2376607
        },
        "2009-06": {
            "month": "2009-06",
            "price": "35.82",
            "revenue": 2132279
        },
        "2009-07": {
            "month": "2009-07",
            "price": "35.98",
            "revenue": 2642401
        },
        "2009-08": {
            "month": "2009-08",
            "price": "33.74",
            "revenue": 2208480
        },
        "2009-09": {
            "month": "2009-09",
            "price": "32.40",
            "revenue": 2121009
        },
        "2009-10": {
            "month": "2009-10",
            "price": "32.19",
            "revenue": 2529364
        },
        "2009-11": {
            "month": "2009-11",
            "price": "30.44",
            "revenue": 2516071
        },
        "2009-12": {
            "month": "2009-12",
            "price": "29.70",
            "revenue": 2219945
        },
        "2010-01": {
            "month": "2010-01",
            "price": "30.53",
            "revenue": 2165095
        },
        "2010-02": {
            "month": "2010-02",
            "price": "26.50",
            "revenue": 1429973
        },
        "2010-03": {
            "month": "2010-03",
            "price": "27.67",
            "revenue": 2317333
        },
        "2010-04": {
            "month": "2010-04",
            "price": "28.03",
            "revenue": 2129968
        },
        "2010-05": {
            "month": "2010-05",
            "price": "25.86",
            "revenue": 2005549
        },
        "2010-06": {
            "month": "2010-06",
            "price": "25.67",
            "revenue": 2347290
        },
        "2010-07": {
            "month": "2010-07",
            "price": "28.01",
            "revenue": 2161242
        },
        "2010-08": {
            "month": "2010-08",
            "price": "27.58",
            "revenue": 2159218
        },
        "2010-09": {
            "month": "2010-09",
            "price": "27.54",
            "revenue": 2449836
        },
        "2010-10": {
            "month": "2010-10",
            "price": "27.25",
            "revenue": 2189626
        },
        "2010-11": {
            "month": "2010-11",
            "price": "26.92",
            "revenue": 2360658
        },
        "2010-12": {
            "month": "2010-12",
            "price": "27.04",
            "revenue": 2453808
        },
        "2011-01": {
            "month": "2011-01",
            "price": "27.54",
            "revenue": 2756939
        },
        "2011-02": {
            "month": "2011-02",
            "price": "26.98",
            "revenue": 2052593
        },
        "2011-03": {
            "month": "2011-03",
            "price": "26.72",
            "revenue": 2505140
        },
        "2011-04": {
            "month": "2011-04",
            "price": "27.50",
            "revenue": 2144737
        },
        "2011-05": {
            "month": "2011-05",
            "price": "29.15",
            "revenue": 2131295
        },
        "2011-06": {
            "month": "2011-06",
            "price": "29.10",
            "revenue": 2476704
        },
        "2011-07": {
            "month": "2011-07",
            "price": "27.29",
            "revenue": 2050691
        },
        "2011-08": {
            "month": "2011-08",
            "price": "25.24",
            "revenue": 2377213
        },
        "2011-09": {
            "month": "2011-09",
            "price": "24.93",
            "revenue": 2765262
        },
        "2011-10": {
            "month": "2011-10",
            "price": "25.22",
            "revenue": 2210787
        },
        "2011-11": {
            "month": "2011-11",
            "price": "24.28",
            "revenue": 2851305
        },
        "2011-12": {
            "month": "2011-12",
            "price": "23.54",
            "revenue": 2643259
        },
        "2012-01": {
            "month": "2012-01",
            "price": "23.08",
            "revenue": 2178601
        },
        "2012-02": {
            "month": "2012-02",
            "price": "24.58",
            "revenue": 2435839
        },
        "2012-03": {
            "month": "2012-03",
            "price": "24.63",
            "revenue": 3159019
        },
        "2012-04": {
            "month": "2012-04",
            "price": "23.59",
            "revenue": 2651347
        },
        "2012-05": {
            "month": "2012-05",
            "price": "23.48",
            "revenue": 3009107
        },
        "2012-06": {
            "month": "2012-06",
            "price": "23.36",
            "revenue": 2571460
        },
        "2012-07": {
            "month": "2012-07",
            "price": "22.87",
            "revenue": 2665374
        },
        "2012-08": {
            "month": "2012-08",
            "price": "21.42",
            "revenue": 2534147
        },
        "2012-09": {
            "month": "2012-09",
            "price": "19.94",
            "revenue": 2693361
        },
        "2012-10": {
            "month": "2012-10",
            "price": "18.85",
            "revenue": 2571596
        },
        "2012-11": {
            "month": "2012-11",
            "price": "17.32",
            "revenue": 2534471
        },
        "2012-12": {
            "month": "2012-12",
            "price": "17.74",
            "revenue": 1808934
        },
        "2013-01": {
            "month": "2013-01",
            "price": "17.91",
            "revenue": 2406235
        },
        "2013-02": {
            "month": "2013-02",
            "price": "17.86",
            "revenue": 1536450
        },
        "2013-03": {
            "month": "2013-03",
            "price": "18.00",
            "revenue": 2198849
        },
        "2013-04": {
            "month": "2013-04",
            "price": "18.99",
            "revenue": 1949302
        },
        "2013-05": {
            "month": "2013-05",
            "price": "19.80",
            "revenue": 2236719
        },
        "2013-06": {
            "month": "2013-06",
            "price": "19.31",
            "revenue": 1960777
        },
        "2013-07": {
            "month": "2013-07",
            "price": "19.08",
            "revenue": 2209539
        },
        "2013-08": {
            "month": "2013-08",
            "price": "18.27",
            "revenue": 1969165
        },
        "2013-09": {
            "month": "2013-09",
            "price": "18.48",
            "revenue": 1907094
        },
        "2013-10": {
            "month": "2013-10",
            "price": "18.67",
            "revenue": 1921200
        },
        "2013-11": {
            "month": "2013-11",
            "price": "18.54",
            "revenue": 2193556
        },
        "2013-12": {
            "month": "2013-12",
            "price": "18.59",
            "revenue": 2403685
        },
        "2014-01": {
            "month": "2014-01",
            "price": "19.68",
            "revenue": 2541087
        },
        "2014-02": {
            "month": "2014-02",
            "price": "19.24",
            "revenue": 2070798
        },
        "2014-03": {
            "month": "2014-03",
            "price": "18.90",
            "revenue": 2557508
        },
        "2014-04": {
            "month": "2014-04",
            "price": "18.47",
            "revenue": 1870107
        },
        "2014-05": {
            "month": "2014-05",
            "price": "18.18",
            "revenue": 1813717
        },
        "2014-06": {
            "month": "2014-06",
            "price": "17.95",
            "revenue": 1682468
        },
        "2014-07": {
            "month": "2014-07",
            "price": "17.95",
            "revenue": 1941927
        },
        "2014-08": {
            "month": "2014-08",
            "price": "17.54",
            "revenue": 1950197
        },
        "2014-09": {
            "month": "2014-09",
            "price": "17.43",
            "revenue": 1991476
        },
        "2014-10": {
            "month": "2014-10",
            "price": "16.53",
            "revenue": 2137362
        },
        "2014-11": {
            "month": "2014-11",
            "price": "15.95",
            "revenue": 2351231
        },
        "2014-12": {
            "month": "2014-12",
            "price": "16.10",
            "revenue": 2589776
        },
        "2015-01": {
            "month": "2015-01",
            "price": "16.54",
            "revenue": 2049047
        },
        "2015-02": {
            "month": "2015-02",
            "price": "16.40",
            "revenue": 1726296
        },
        "2015-03": {
            "month": "2015-03",
            "price": "16.55",
            "revenue": 2027977
        },
        "2015-04": {
            "month": "2015-04",
            "price": "16.50",
            "revenue": 1678808
        },
        "2015-05": {
            "month": "2015-05",
            "price": "16.13",
            "revenue": 1590029
        },
        "2015-06": {
            "month": "2015-06",
            "price": "15.15",
            "revenue": 1761206
        },
        "2015-07": {
            "month": "2015-07",
            "price": "14.38",
            "revenue": 1539714
        },
        "2015-08": {
            "month": "2015-08",
            "price": "12.71",
            "revenue": 2143637
        },
        "2015-09": {
            "month": "2015-09",
            "price": "12.64",
            "revenue": 1644198
        },
        "2015-10": {
            "month": "2015-10",
            "price": "13.39",
            "revenue": 1401076
        },
        "2015-11": {
            "month": "2015-11",
            "price": "13.38",
            "revenue": 2054802
        },
        "2015-12": {
            "month": "2015-12",
            "price": "13.44",
            "revenue": 1840907
        },
        "2016-01": {
            "month": "2016-01",
            "price": "14.23",
            "revenue": 1814615
        },
        "2016-02": {
            "month": "2016-02",
            "price": "14.98",
            "revenue": 1277750
        },
        "2016-03": {
            "month": "2016-03",
            "price": "15.83",
            "revenue": 1458045
        },
        "2016-04": {
            "month": "2016-04",
            "price": "15.84",
            "revenue": 1613665
        },
        "2016-05": {
            "month": "2016-05",
            "price": "15.08",
            "revenue": 1555340
        },
        "2016-06": {
            "month": "2016-06",
            "price": "15.23",
            "revenue": 1377664
        },
        "2016-07": {
            "month": "2016-07",
            "price": "14.91",
            "revenue": 1421003
        },
        "2016-08": {
            "month": "2016-08",
            "price": "14.97",
            "revenue": 1379366
        },
        "2016-09": {
            "month": "2016-09",
            "price": "14.15",
            "revenue": 893912
        },
        "2016-10": {
            "month": "2016-10",
            "price": "13.33",
            "revenue": 1230429
        },
        "2016-11": {
            "month": "2016-11",
            "price": "13.07",
            "revenue": 1649617
        },
        "2016-12": {
            "month": "2016-12",
            "price": "13.33",
            "revenue": 674969
        },
        "2017-01": {
            "month": "2017-01",
            "price": "13.73",
            "revenue": 876118
        },
        "2017-02": {
            "month": "2017-02",
            "price": "14.01",
            "revenue": 1004861
        },
        "2017-03": {
            "month": "2017-03",
            "price": "14.42",
            "revenue": 1349772
        },
        "2017-04": {
            "month": "2017-04",
            "price": "13.85",
            "revenue": 2036827
        },
        "2017-05": {
            "month": "2017-05",
            "price": "13.86",
            "revenue": 1302788
        },
        "2017-06": {
            "month": "2017-06",
            "price": "13.16",
            "revenue": 2146553
        },
        "2017-07": {
            "month": "2017-07",
            "price": "13.08",
            "revenue": 1405591
        },
        "2017-08": {
            "month": "2017-08",
            "price": "12.57",
            "revenue": 1273681
        },
        "2017-09": {
            "month": "2017-09",
            "price": "12.46",
            "revenue": 1315589
        },
        "2017-10": {
            "month": "2017-10",
            "price": "12.52",
            "revenue": 1162704
        },
        "2017-11": {
            "month": "2017-11",
            "price": "11.67",
            "revenue": 1266360
        },
        "2017-12": {
            "month": "2017-12",
            "price": "11.40",
            "revenue": 1263500
        },
        "2018-01": {
            "month": "2018-01",
            "price": "13.82",
            "revenue": 745874
        },
        "2018-02": {
            "month": "2018-02",
            "price": "13.55",
            "revenue": 1136547
        },
        "2018-03": {
            "month": "2018-03",
            "price": "14.86",
            "revenue": 1000036
        },
        "2018-04": {
            "month": "2018-04",
            "price": "23.74",
            "revenue": 1089687
        },
        "2018-05": {
            "month": "2018-05",
            "price": "19.94",
            "revenue": 1219352
        },
        "2018-06": {
            "month": "2018-06",
            "price": "18.54",
            "revenue": 1079961
        },
        "2018-07": {
            "month": "2018-07",
            "price": "19.19",
            "revenue": 1161743
        },
        "2018-08": {
            "month": "2018-08",
            "price": "36.47",
            "revenue": 1082788
        },
        "2018-09": {
            "month": "2018-09",
            "price": "35.18",
            "revenue": 1195528
        },
        "2018-10": {
            "month": "2018-10",
            "price": "33.61",
            "revenue": 1197515
        },
        "2018-11": {
            "month": "2018-11",
            "price": "32.03",
            "revenue": 1016453
        },
        "2018-12": {
            "month": "2018-12",
            "price": "27.01",
            "revenue": 1086843
        },
        "2019-01": {
            "month": "2019-01",
            "price": "24.90",
            "revenue": 1211406
        },
        "2019-02": {
            "month": "2019-02",
            "price": "27.18",
            "revenue": 837454
        },
        "2019-03": {
            "month": "2019-03",
            "price": "28.19",
            "revenue": 1122618
        },
        "2019-04": {
            "month": "2019-04",
            "price": "26.77",
            "revenue": 953307
        },
        "2019-05": {
            "month": "2019-05",
            "price": "26.60",
            "revenue": 1097354
        },
        "2019-06": {
            "month": "2019-06",
            "price": "26.38",
            "revenue": 824514
        },
        "2019-07": {
            "month": "2019-07",
            "price": "26.69",
            "revenue": 2429175
        },
        "2019-08": {
            "month": "2019-08",
            "price": "25.76",
            "revenue": 1578555
        },
        "2019-09": {
            "month": "2019-09",
            "price": "26.19",
            "revenue": 1559772
        },
        "2019-10": {
            "month": "2019-10",
            "price": "26.71",
            "revenue": 1675724
        },
        "2019-11": {
            "month": "2019-11",
            "price": "26.68",
            "revenue": 1589724
        },
        "2019-12": {
            "month": "2019-12",
            "price": "26.67",
            "revenue": 1661295
        },
        "2020-01": {
            "month": "2020-01",
            "price": "26.31",
            "revenue": 1826696
        },
        "2020-02": {
            "month": "2020-02",
            "price": "23.80",
            "revenue": 1869129
        },
        "2020-03": {
            "month": "2020-03",
            "price": "19.33",
            "revenue": 1802684
        },
        "2020-04": {
            "month": "2020-04",
            "price": "19.56",
            "revenue": 1831850
        },
        "2020-05": {
            "month": "2020-05",
            "price": "24.10",
            "revenue": 2640579
        },
        "2020-06": {
            "month": "2020-06",
            "price": "24.15",
            "revenue": 2424749
        },
        "2020-07": {
            "month": "2020-07",
            "price": "24.00",
            "revenue": 2248381
        },
        "2020-08": {
            "month": "2020-08",
            "price": "24.90",
            "revenue": 2387022
        },
        "2020-09": {
            "month": "2020-09",
            "price": "24.67",
            "revenue": 2610245
        },
        "2020-10": {
            "month": "2020-10",
            "price": "24.82",
            "revenue": 2071838
        },
        "2020-11": {
            "month": "2020-11",
            "price": "24.45",
            "revenue": 2252674
        },
        "2020-12": {
            "month": "2020-12",
            "price": "26.63",
            "revenue": 1645646
        },
        "2021-01": {
            "month": "2021-01",
            "price": "25.60",
            "revenue": 1690753
        },
        "2021-02": {
            "month": "2021-02",
            "price": "24.66",
            "revenue": 1540944
        },
        "2021-03": {
            "month": "2021-03",
            "price": "22.65",
            "revenue": 1296458
        },
        "2021-04": {
            "month": "2021-04",
            "price": "24.09",
            "revenue": 1111284
        },
        "2021-05": {
            "month": "2021-05",
            "price": "22.07",
            "revenue": 2124861
        },
        "2021-06": {
            "month": "2021-06",
            "price": "26.33",
            "revenue": 1666583
        },
        "2021-07": {
            "month": "2021-07",
            "price": "25.57",
            "revenue": 1689752
        },
        "2021-08": {
            "month": "2021-08",
            "price": "23.83",
            "revenue": 1593466
        },
        "2021-09": {
            "month": "2021-09",
            "price": "23.25",
            "revenue": 1641751
        },
        "2021-10": {
            "month": "2021-10",
            "price": "21.40",
            "revenue": 1292473
        },
        "2021-11": {
            "month": "2021-11",
            "price": "22.32",
            "revenue": 1746124
        },
        "2021-12": {
            "month": "2021-12",
            "price": "21.74",
            "revenue": 1718977
        },
        "2022-01": {
            "month": "2022-01",
            "price": "21.16",
            "revenue": 2516814
        },
        "2022-02": {
            "month": "2022-02",
            "price": "21.16",
            "revenue": 1605205
        },
        "2022-03": {
            "month": "2022-03",
            "price": "21.53",
            "revenue": 1446647
        },
        "2022-04": {
            "month": "2022-04",
            "price": "21.17",
            "revenue": 838877
        },
        "2022-05": {
            "month": "2022-05",
            "price": "19.58",
            "revenue": 1905269
        },
        "2022-06": {
            "month": "2022-06",
            "price": "18.63",
            "revenue": 1476983
        },
        "2022-07": {
            "month": "2022-07",
            "price": "17.84",
            "revenue": 1572886
        },
        "2022-08": {
            "month": "2022-08",
            "price": "18.39",
            "revenue": 1254506
        },
        "2022-09": {
            "month": "2022-09",
            "price": "17.47",
            "revenue": 1473856
        },
        "2022-10": {
            "month": "2022-10",
            "price": "15.24",
            "revenue": 4074664
        },
        "2022-11": {
            "month": "2022-11",
            "price": "17.92",
            "revenue": 1893860
        },
        "2022-12": {
            "month": "2022-12",
            "price": "19.67",
            "revenue": 1934483
        },
        "2023-01": {
            "month": "2023-01",
            "price": "18.80",
            "revenue": 2335616
        },
        "2023-02": {
            "month": "2023-02",
            "price": "21.46",
            "revenue": 1543372
        },
        "2023-03": {
            "month": "2023-03",
            "price": "22.60",
            "revenue": 1823865
        },
        "2023-04": {
            "month": "2023-04",
            "price": "25.58",
            "revenue": 1579183
        },
        "2023-05": {
            "month": "2023-05",
            "price": "24.58",
            "revenue": 1703253
        },
        "2023-06": {
            "month": "2023-06",
            "price": "24.48",
            "revenue": 2310287
        },
        "2023-07": {
            "month": "2023-07",
            "price": "23.79",
            "revenue": 2250202
        },
        "2023-08": {
            "month": "2023-08",
            "price": "22.37",
            "revenue": 1702276
        },
        "2023-09": {
            "month": "2023-09",
            "price": "23.68",
            "revenue": 1600377
        },
        "2023-10": {
            "month": "2023-10",
            "price": "21.02",
            "revenue": 1608688
        },
        "2023-11": {
            "month": "2023-11",
            "price": "20.94",
            "revenue": 1613974
        }
    }
}
