{
    "summary": {
        "stock_name": "大甲",
        "stock_id": "2221",
        "category": "其他",
        "main_business": "潔淨級管、管件、微接頭元件及潔淨閥類。<br>化工級不鏽鋼(碳鋼)焊接管配件。",
        "website_url": "http://www.yhmco.com.tw/",
        "ceo": "鍾志清",
        "pe_ratio": 13,
        "report_year_from": 2001,
        "report_year_to": 2023,
        "age": 23,
        "eps_negative_percentage": 5,
        "eps_growth_avg": {
            "last_all": 9.01,
            "last_2y": 24.93,
            "last_4y": 1.84,
            "last_8y": 21.9,
            "last_12y": 19.36,
            "last_16y": 3.98,
            "last_20y": null,
            "at_2006_last_3y": null,
            "at_2007_last_3y": null,
            "at_2008_last_3y": null,
            "at_2009_last_3y": -24.62,
            "at_2010_last_3y": -62.71,
            "at_2011_last_3y": -32.5,
            "at_2012_last_3y": -21.78,
            "at_2013_last_3y": -15.12,
            "at_2014_last_3y": 13.66,
            "at_2015_last_3y": 13.66,
            "at_2016_last_3y": 35.95,
            "at_2017_last_3y": 56.31,
            "at_2018_last_3y": 46.97,
            "at_2019_last_3y": 15.33,
            "at_2020_last_3y": -0.37,
            "at_2021_last_3y": 24.26,
            "at_2022_last_3y": 20.66,
            "at_2023_last_3y": 8.94,
            "at_2024_last_3y": 8.94,
            "at_2006_last_all": null,
            "at_2007_last_all": 49.5,
            "at_2008_last_all": 0.5,
            "at_2009_last_all": -24.62,
            "at_2010_last_all": -24.62,
            "at_2011_last_all": 0.3,
            "at_2012_last_all": -10.64,
            "at_2013_last_all": -20.55,
            "at_2014_last_all": -5.48,
            "at_2015_last_all": 6.24,
            "at_2016_last_all": 7.99,
            "at_2017_last_all": 7.4,
            "at_2018_last_all": 12,
            "at_2019_last_all": 9.04,
            "at_2020_last_all": 5.6,
            "at_2021_last_all": 11.9,
            "at_2022_last_all": 14.17,
            "at_2023_last_all": 9.01,
            "at_2024_last_all": 9.01
        },
        "latest_eps": 2.74,
        "latest_price": 36.05,
        "latest_roe": 12.03,
        "latest_gross_margin": 19.69,
        "latest_equity": 1026172,
        "latest_revenue": 431789,
        "latest_gross_profit": 85006,
        "latest_net_income": 44624,
        "latest_debt_ratio": 40.29,
        "latest_current_ratio": 240.12,
        "latest_account_receivable_turnover_ratio": 1.59,
        "latest_inventory_turnover_ratio": 0.65,
        "latest_reinvestment_rate": 3.79,
        "latest_research_to_sale_ratio": 1.02
    },
    "eps_dividends": {
        "2001": {
            "cash": 0,
            "stock": 0,
            "eps": 0
        },
        "2002": {
            "cash": 0,
            "stock": 0,
            "eps": 0
        },
        "2003": {
            "cash": 0.25,
            "stock": 0.05,
            "eps": 0
        },
        "2004": {
            "cash": 0,
            "stock": 0,
            "eps": 0
        },
        "2005": {
            "cash": 1,
            "stock": 0,
            "eps": 1.35
        },
        "2006": {
            "cash": 1,
            "stock": 0,
            "eps": 2.56
        },
        "2007": {
            "cash": 1.5,
            "stock": 0,
            "eps": 2.8
        },
        "2008": {
            "cash": 1.5,
            "stock": 0,
            "eps": 0.07
        },
        "2009": {
            "cash": 0,
            "stock": 0,
            "eps": -5.26
        },
        "2010": {
            "cash": 0,
            "stock": 0,
            "eps": 0.6
        },
        "2011": {
            "cash": 0,
            "stock": 0,
            "eps": 2.02
        },
        "2012": {
            "cash": 1.3,
            "stock": 0,
            "eps": 0.7
        },
        "2013": {
            "cash": 0.31,
            "stock": 0,
            "eps": 0.14
        },
        "2014": {
            "cash": 0.31,
            "stock": 0,
            "eps": 0.72
        },
        "2015": {
            "cash": 0.31,
            "stock": 0,
            "eps": 1.64
        },
        "2016": {
            "cash": 1,
            "stock": 0,
            "eps": 2.03
        },
        "2017": {
            "cash": 1.3,
            "stock": 0,
            "eps": 2.06
        },
        "2018": {
            "cash": 1.5,
            "stock": 0,
            "eps": 3.35
        },
        "2019": {
            "cash": 2.1,
            "stock": 0,
            "eps": 2.46
        },
        "2020": {
            "cash": 1.5,
            "stock": 0,
            "eps": 1.5
        },
        "2021": {
            "cash": 1,
            "stock": 0,
            "eps": 4.27
        },
        "2022": {
            "cash": 3,
            "stock": 0,
            "eps": 6.33
        },
        "2023": {
            "cash": 4,
            "stock": 0,
            "eps": 1.68
        }
    },
    "dividends": {
        "2003-06-27": {
            "cash": 0.25,
            "stock": 0.05
        },
        "2005-06-30": {
            "cash": 1,
            "stock": 0
        },
        "2006-04-26": {
            "cash": 1,
            "stock": 0
        },
        "2007-05-18": {
            "cash": 1.5,
            "stock": 0
        },
        "2008-04-29": {
            "cash": 1.5,
            "stock": 0
        },
        "2012-04-27": {
            "cash": 1.3,
            "stock": 0
        },
        "2013-06-20": {
            "cash": 0.31,
            "stock": 0
        },
        "2014-10-03": {
            "cash": 0.31,
            "stock": 0
        },
        "2015-09-30": {
            "cash": 0.31,
            "stock": 0
        },
        "2016-09-14": {
            "cash": 1,
            "stock": 0
        },
        "2017-09-28": {
            "cash": 1.3,
            "stock": 0
        },
        "2018-09-26": {
            "cash": 1.5,
            "stock": 0
        },
        "2019-09-27": {
            "cash": 2.1,
            "stock": 0
        },
        "2020-08-31": {
            "cash": 1.5,
            "stock": 0
        },
        "2021-09-24": {
            "cash": 1,
            "stock": 0
        },
        "2022-07-29": {
            "cash": 3,
            "stock": 0
        },
        "2023-08-09": {
            "cash": 4,
            "stock": 0
        }
    },
    "prices": {
        "200101": "無",
        "200102": "無",
        "200103": "無",
        "200104": "無",
        "200105": "無",
        "200106": "無",
        "200107": "無",
        "200108": "無",
        "200109": "無",
        "200110": "無",
        "200111": "無",
        "200112": "無",
        "200201": "無",
        "200202": "無",
        "200203": "無",
        "200204": "無",
        "200205": "無",
        "200206": "無",
        "200207": "無",
        "200208": "無",
        "200209": "無",
        "200210": "無",
        "200211": "無",
        "200212": "無",
        "200301": "無",
        "200302": "無",
        "200303": "無",
        "200304": "無",
        "200305": "無",
        "200306": "無",
        "200307": "無",
        "200308": "無",
        "200309": "無",
        "200310": "無",
        "200311": "無",
        "200312": "無",
        "200401": "無",
        "200402": "無",
        "200403": "無",
        "200404": "無",
        "200405": "無",
        "200406": "無",
        "200407": "無",
        "200408": "無",
        "200409": "無",
        "200410": "無",
        "200411": "無",
        "200412": "無",
        "200501": "無",
        "200502": "無",
        "200503": "無",
        "200504": "無",
        "200505": "21.19",
        "200506": "20.00",
        "200507": "20.07",
        "200508": "19.04",
        "200509": "17.74",
        "200510": "16.64",
        "200511": "無",
        "200512": "15.82",
        "200601": "15.27",
        "200602": "15.18",
        "200603": "15.27",
        "200604": "15.62",
        "200605": "17.33",
        "200606": "17.49",
        "200607": "17.65",
        "200608": "17.70",
        "200609": "18.23",
        "200610": "18.53",
        "200611": "18.87",
        "200612": "23.55",
        "200701": "27.46",
        "200702": "27.57",
        "200703": "31.43",
        "200704": "31.59",
        "200705": "34.02",
        "200706": "46.34",
        "200707": "52.72",
        "200708": "41.75",
        "200709": "39.31",
        "200710": "34.64",
        "200711": "30.48",
        "200712": "26.89",
        "200801": "25.19",
        "200802": "24.16",
        "200803": "25.15",
        "200804": "25.14",
        "200805": "24.56",
        "200806": "21.37",
        "200807": "17.21",
        "200808": "16.22",
        "200809": "12.88",
        "200810": "10.15",
        "200811": "9.80",
        "200812": "9.00",
        "200901": "8.83",
        "200902": "8.51",
        "200903": "7.86",
        "200904": "10.04",
        "200905": "9.72",
        "200906": "9.62",
        "200907": "9.55",
        "200908": "10.72",
        "200909": "11.08",
        "200910": "12.09",
        "200911": "11.63",
        "200912": "11.92",
        "201001": "13.43",
        "201002": "12.50",
        "201003": "13.65",
        "201004": "15.91",
        "201005": "14.50",
        "201006": "13.87",
        "201007": "13.91",
        "201008": "15.43",
        "201009": "15.16",
        "201010": "14.84",
        "201011": "14.91",
        "201012": "16.14",
        "201101": "15.69",
        "201102": "15.86",
        "201103": "15.49",
        "201104": "16.16",
        "201105": "20.62",
        "201106": "22.99",
        "201107": "22.27",
        "201108": "30.72",
        "201109": "23.97",
        "201110": "21.85",
        "201111": "20.98",
        "201112": "17.55",
        "201201": "17.51",
        "201202": "22.16",
        "201203": "23.91",
        "201204": "21.68",
        "201205": "20.16",
        "201206": "17.74",
        "201207": "18.46",
        "201208": "18.78",
        "201209": "18.68",
        "201210": "16.59",
        "201211": "14.90",
        "201212": "14.18",
        "201301": "15.91",
        "201302": "15.99",
        "201303": "15.86",
        "201304": "15.24",
        "201305": "15.37",
        "201306": "14.55",
        "201307": "14.15",
        "201308": "14.31",
        "201309": "14.94",
        "201310": "14.78",
        "201311": "13.40",
        "201312": "13.53",
        "201401": "13.96",
        "201402": "13.92",
        "201403": "14.46",
        "201404": "14.04",
        "201405": "13.53",
        "201406": "13.65",
        "201407": "14.19",
        "201408": "22.95",
        "201409": "22.03",
        "201410": "18.68",
        "201411": "17.65",
        "201412": "18.93",
        "201501": "18.16",
        "201502": "17.02",
        "201503": "16.97",
        "201504": "18.14",
        "201505": "20.84",
        "201506": "17.73",
        "201507": "16.98",
        "201508": "14.87",
        "201509": "16.49",
        "201510": "18.61",
        "201511": "19.61",
        "201512": "17.98",
        "201601": "16.00",
        "201602": "17.42",
        "201603": "17.93",
        "201604": "18.10",
        "201605": "16.94",
        "201606": "16.70",
        "201607": "17.32",
        "201608": "17.85",
        "201609": "17.04",
        "201610": "17.03",
        "201611": "17.25",
        "201612": "19.74",
        "201701": "20.78",
        "201702": "22.05",
        "201703": "25.80",
        "201704": "25.69",
        "201705": "24.54",
        "201706": "23.56",
        "201707": "25.84",
        "201708": "25.62",
        "201709": "25.27",
        "201710": "29.50",
        "201711": "28.50",
        "201712": "27.26",
        "201801": "30.20",
        "201802": "28.61",
        "201803": "31.56",
        "201804": "30.24",
        "201805": "28.92",
        "201806": "33.78",
        "201807": "39.19",
        "201808": "35.43",
        "201809": "32.24",
        "201810": "30.68",
        "201811": "30.75",
        "201812": "30.59",
        "201901": "30.00",
        "201902": "32.70",
        "201903": "35.12",
        "201904": "35.21",
        "201905": "34.10",
        "201906": "33.51",
        "201907": "34.47",
        "201908": "33.85",
        "201909": "32.78",
        "201910": "31.61",
        "201911": "30.30",
        "201912": "30.19",
        "202001": "30.42",
        "202002": "29.47",
        "202003": "23.72",
        "202004": "22.52",
        "202005": "24.86",
        "202006": "26.05",
        "202007": "25.97",
        "202008": "24.15",
        "202009": "23.76",
        "202010": "23.49",
        "202011": "23.68",
        "202012": "25.10",
        "202101": "24.08",
        "202102": "23.75",
        "202103": "24.60",
        "202104": "26.30",
        "202105": "24.35",
        "202106": "25.69",
        "202107": "29.90",
        "202108": "37.63",
        "202109": "40.90",
        "202110": "34.56",
        "202111": "38.87",
        "202112": "41.10",
        "202201": "38.01",
        "202202": "36.68",
        "202203": "37.27",
        "202204": "40.84",
        "202205": "38.54",
        "202206": "36.87",
        "202207": "31.76",
        "202208": "36.63",
        "202209": "40.66",
        "202210": "37.00",
        "202211": "40.15",
        "202212": "39.20",
        "202301": "38.07",
        "202302": "38.98",
        "202303": "42.63",
        "202304": "43.53",
        "202305": "41.54",
        "202306": "41.82",
        "202307": "41.26",
        "202308": "34.62",
        "202309": "34.61",
        "202310": "34.16",
        "202311": "35.20",
        "202312": "36.33"
    },
    "quarters": {
        "20011": {
            "year_quarter": 20011,
            "year": 2001,
            "quarter": 1,
            "eps": null,
            "eps_growth_year": null,
            "eps_4q": null,
            "eps_4q_growth_year": null,
            "roe": null,
            "roe_4q": 0,
            "gross_profit": null,
            "gross_margin": null,
            "gross_margin_4q_avg": 0,
            "net_income": null,
            "net_income_4q": null,
            "revenue": null,
            "revenue_4q": null,
            "common_shares": null,
            "book_valuer_per_share": null,
            "book_valuer_per_share_4q_avg": 0,
            "equity": null,
            "current_ratio": null,
            "debt_ratio": null,
            "inventory_turnover_ratio": null,
            "account_receivable_turnover_ratio": null,
            "reinvestment_rate": null,
            "research_to_sale_ratio": null,
            "price_fair": 0,
            "eps_avg_yearly": 0,
            "eps_latest_yearly": 0,
            "eps_growth_yearly": 0
        },
        "20012": {
            "year_quarter": 20012,
            "year": 2001,
            "quarter": 2,
            "eps": null,
            "eps_growth_year": null,
            "eps_4q": null,
            "eps_4q_growth_year": null,
            "roe": null,
            "roe_4q": 0,
            "gross_profit": null,
            "gross_margin": null,
            "gross_margin_4q_avg": 0,
            "net_income": null,
            "net_income_4q": null,
            "revenue": null,
            "revenue_4q": null,
            "common_shares": null,
            "book_valuer_per_share": null,
            "book_valuer_per_share_4q_avg": 0,
            "equity": null,
            "current_ratio": null,
            "debt_ratio": null,
            "inventory_turnover_ratio": null,
            "account_receivable_turnover_ratio": null,
            "reinvestment_rate": null,
            "research_to_sale_ratio": null,
            "price_fair": 0,
            "eps_avg_yearly": 0,
            "eps_latest_yearly": 0,
            "eps_growth_yearly": 0
        },
        "20013": {
            "year_quarter": 20013,
            "year": 2001,
            "quarter": 3,
            "eps": null,
            "eps_growth_year": null,
            "eps_4q": null,
            "eps_4q_growth_year": null,
            "roe": null,
            "roe_4q": 0,
            "gross_profit": null,
            "gross_margin": null,
            "gross_margin_4q_avg": 0,
            "net_income": null,
            "net_income_4q": null,
            "revenue": null,
            "revenue_4q": null,
            "common_shares": null,
            "book_valuer_per_share": null,
            "book_valuer_per_share_4q_avg": 0,
            "equity": null,
            "current_ratio": null,
            "debt_ratio": null,
            "inventory_turnover_ratio": null,
            "account_receivable_turnover_ratio": null,
            "reinvestment_rate": null,
            "research_to_sale_ratio": null,
            "price_fair": 0,
            "eps_avg_yearly": 0,
            "eps_latest_yearly": 0,
            "eps_growth_yearly": 0
        },
        "20014": {
            "year_quarter": 20014,
            "year": 2001,
            "quarter": 4,
            "eps": null,
            "eps_growth_year": null,
            "eps_4q": null,
            "eps_4q_growth_year": null,
            "roe": null,
            "roe_4q": 0,
            "gross_profit": null,
            "gross_margin": null,
            "gross_margin_4q_avg": 0,
            "net_income": null,
            "net_income_4q": null,
            "revenue": null,
            "revenue_4q": null,
            "common_shares": 379500,
            "book_valuer_per_share": 12.02,
            "book_valuer_per_share_4q_avg": 3.01,
            "equity": 456211,
            "current_ratio": 511.24,
            "debt_ratio": 23.79,
            "inventory_turnover_ratio": null,
            "account_receivable_turnover_ratio": null,
            "reinvestment_rate": null,
            "research_to_sale_ratio": null,
            "price_fair": 0,
            "eps_avg_yearly": 0,
            "eps_latest_yearly": 0,
            "eps_growth_yearly": 0
        },
        "20021": {
            "year_quarter": 20021,
            "year": 2002,
            "quarter": 1,
            "eps": null,
            "eps_growth_year": null,
            "eps_4q": null,
            "eps_4q_growth_year": null,
            "roe": null,
            "roe_4q": 0,
            "gross_profit": null,
            "gross_margin": null,
            "gross_margin_4q_avg": 0,
            "net_income": null,
            "net_income_4q": null,
            "revenue": null,
            "revenue_4q": null,
            "common_shares": null,
            "book_valuer_per_share": null,
            "book_valuer_per_share_4q_avg": 3.01,
            "equity": null,
            "current_ratio": null,
            "debt_ratio": null,
            "inventory_turnover_ratio": null,
            "account_receivable_turnover_ratio": null,
            "reinvestment_rate": null,
            "research_to_sale_ratio": null,
            "price_fair": 0,
            "eps_avg_yearly": 0,
            "eps_latest_yearly": 0,
            "eps_growth_yearly": 0
        },
        "20022": {
            "year_quarter": 20022,
            "year": 2002,
            "quarter": 2,
            "eps": null,
            "eps_growth_year": null,
            "eps_4q": null,
            "eps_4q_growth_year": null,
            "roe": null,
            "roe_4q": 0,
            "gross_profit": null,
            "gross_margin": null,
            "gross_margin_4q_avg": 0,
            "net_income": null,
            "net_income_4q": null,
            "revenue": null,
            "revenue_4q": null,
            "common_shares": null,
            "book_valuer_per_share": null,
            "book_valuer_per_share_4q_avg": 3.01,
            "equity": null,
            "current_ratio": null,
            "debt_ratio": null,
            "inventory_turnover_ratio": null,
            "account_receivable_turnover_ratio": null,
            "reinvestment_rate": null,
            "research_to_sale_ratio": null,
            "price_fair": 0,
            "eps_avg_yearly": 0,
            "eps_latest_yearly": 0,
            "eps_growth_yearly": 0
        },
        "20023": {
            "year_quarter": 20023,
            "year": 2002,
            "quarter": 3,
            "eps": null,
            "eps_growth_year": null,
            "eps_4q": null,
            "eps_4q_growth_year": null,
            "roe": null,
            "roe_4q": 0,
            "gross_profit": null,
            "gross_margin": null,
            "gross_margin_4q_avg": 0,
            "net_income": null,
            "net_income_4q": null,
            "revenue": null,
            "revenue_4q": null,
            "common_shares": null,
            "book_valuer_per_share": null,
            "book_valuer_per_share_4q_avg": 3.01,
            "equity": null,
            "current_ratio": null,
            "debt_ratio": null,
            "inventory_turnover_ratio": null,
            "account_receivable_turnover_ratio": null,
            "reinvestment_rate": null,
            "research_to_sale_ratio": null,
            "price_fair": 0,
            "eps_avg_yearly": 0,
            "eps_latest_yearly": 0,
            "eps_growth_yearly": 0
        },
        "20024": {
            "year_quarter": 20024,
            "year": 2002,
            "quarter": 4,
            "eps": null,
            "eps_growth_year": null,
            "eps_4q": null,
            "eps_4q_growth_year": null,
            "roe": null,
            "roe_4q": 0,
            "gross_profit": null,
            "gross_margin": null,
            "gross_margin_4q_avg": 0,
            "net_income": null,
            "net_income_4q": null,
            "revenue": null,
            "revenue_4q": null,
            "common_shares": 379500,
            "book_valuer_per_share": 12.26,
            "book_valuer_per_share_4q_avg": 3.07,
            "equity": 465214,
            "current_ratio": 661.84,
            "debt_ratio": 24.14,
            "inventory_turnover_ratio": null,
            "account_receivable_turnover_ratio": null,
            "reinvestment_rate": null,
            "research_to_sale_ratio": null,
            "price_fair": 0,
            "eps_avg_yearly": 0,
            "eps_latest_yearly": 0,
            "eps_growth_yearly": 0
        },
        "20031": {
            "year_quarter": 20031,
            "year": 2003,
            "quarter": 1,
            "eps": null,
            "eps_growth_year": null,
            "eps_4q": null,
            "eps_4q_growth_year": null,
            "roe": null,
            "roe_4q": 0,
            "gross_profit": null,
            "gross_margin": null,
            "gross_margin_4q_avg": 0,
            "net_income": null,
            "net_income_4q": null,
            "revenue": null,
            "revenue_4q": null,
            "common_shares": null,
            "book_valuer_per_share": null,
            "book_valuer_per_share_4q_avg": 3.07,
            "equity": null,
            "current_ratio": null,
            "debt_ratio": null,
            "inventory_turnover_ratio": null,
            "account_receivable_turnover_ratio": null,
            "reinvestment_rate": null,
            "research_to_sale_ratio": null,
            "price_fair": 0,
            "eps_avg_yearly": 0,
            "eps_latest_yearly": 0,
            "eps_growth_yearly": 0
        },
        "20032": {
            "year_quarter": 20032,
            "year": 2003,
            "quarter": 2,
            "eps": null,
            "eps_growth_year": null,
            "eps_4q": null,
            "eps_4q_growth_year": null,
            "roe": null,
            "roe_4q": 0,
            "gross_profit": null,
            "gross_margin": null,
            "gross_margin_4q_avg": 0,
            "net_income": null,
            "net_income_4q": null,
            "revenue": null,
            "revenue_4q": null,
            "common_shares": null,
            "book_valuer_per_share": null,
            "book_valuer_per_share_4q_avg": 3.07,
            "equity": null,
            "current_ratio": null,
            "debt_ratio": null,
            "inventory_turnover_ratio": null,
            "account_receivable_turnover_ratio": null,
            "reinvestment_rate": null,
            "research_to_sale_ratio": null,
            "price_fair": 0,
            "eps_avg_yearly": 0,
            "eps_latest_yearly": 0,
            "eps_growth_yearly": 0
        },
        "20033": {
            "year_quarter": 20033,
            "year": 2003,
            "quarter": 3,
            "eps": null,
            "eps_growth_year": null,
            "eps_4q": null,
            "eps_4q_growth_year": null,
            "roe": null,
            "roe_4q": 0,
            "gross_profit": null,
            "gross_margin": null,
            "gross_margin_4q_avg": 0,
            "net_income": null,
            "net_income_4q": null,
            "revenue": null,
            "revenue_4q": null,
            "common_shares": null,
            "book_valuer_per_share": null,
            "book_valuer_per_share_4q_avg": 3.07,
            "equity": null,
            "current_ratio": null,
            "debt_ratio": null,
            "inventory_turnover_ratio": null,
            "account_receivable_turnover_ratio": null,
            "reinvestment_rate": null,
            "research_to_sale_ratio": null,
            "price_fair": 0,
            "eps_avg_yearly": 0,
            "eps_latest_yearly": 0,
            "eps_growth_yearly": 0
        },
        "20034": {
            "year_quarter": 20034,
            "year": 2003,
            "quarter": 4,
            "eps": null,
            "eps_growth_year": null,
            "eps_4q": null,
            "eps_4q_growth_year": null,
            "roe": null,
            "roe_4q": 0,
            "gross_profit": null,
            "gross_margin": null,
            "gross_margin_4q_avg": 0,
            "net_income": null,
            "net_income_4q": null,
            "revenue": null,
            "revenue_4q": null,
            "common_shares": 379520,
            "book_valuer_per_share": 12.81,
            "book_valuer_per_share_4q_avg": 3.2,
            "equity": 486332,
            "current_ratio": 390.53,
            "debt_ratio": 29.9,
            "inventory_turnover_ratio": null,
            "account_receivable_turnover_ratio": null,
            "reinvestment_rate": null,
            "research_to_sale_ratio": null,
            "price_fair": 0,
            "eps_avg_yearly": 0,
            "eps_latest_yearly": 0,
            "eps_growth_yearly": 0
        },
        "20041": {
            "year_quarter": 20041,
            "year": 2004,
            "quarter": 1,
            "eps": null,
            "eps_growth_year": null,
            "eps_4q": null,
            "eps_4q_growth_year": null,
            "roe": null,
            "roe_4q": 0,
            "gross_profit": null,
            "gross_margin": null,
            "gross_margin_4q_avg": 0,
            "net_income": null,
            "net_income_4q": null,
            "revenue": null,
            "revenue_4q": null,
            "common_shares": null,
            "book_valuer_per_share": null,
            "book_valuer_per_share_4q_avg": 3.2,
            "equity": null,
            "current_ratio": null,
            "debt_ratio": null,
            "inventory_turnover_ratio": null,
            "account_receivable_turnover_ratio": null,
            "reinvestment_rate": null,
            "research_to_sale_ratio": null,
            "price_fair": 0,
            "eps_avg_yearly": 0,
            "eps_latest_yearly": 0,
            "eps_growth_yearly": 0
        },
        "20042": {
            "year_quarter": 20042,
            "year": 2004,
            "quarter": 2,
            "eps": null,
            "eps_growth_year": null,
            "eps_4q": null,
            "eps_4q_growth_year": null,
            "roe": null,
            "roe_4q": 0,
            "gross_profit": null,
            "gross_margin": null,
            "gross_margin_4q_avg": 0,
            "net_income": null,
            "net_income_4q": null,
            "revenue": null,
            "revenue_4q": null,
            "common_shares": null,
            "book_valuer_per_share": null,
            "book_valuer_per_share_4q_avg": 3.2,
            "equity": null,
            "current_ratio": null,
            "debt_ratio": null,
            "inventory_turnover_ratio": null,
            "account_receivable_turnover_ratio": null,
            "reinvestment_rate": null,
            "research_to_sale_ratio": null,
            "price_fair": 0,
            "eps_avg_yearly": 0,
            "eps_latest_yearly": 0,
            "eps_growth_yearly": 0
        },
        "20043": {
            "year_quarter": 20043,
            "year": 2004,
            "quarter": 3,
            "eps": null,
            "eps_growth_year": null,
            "eps_4q": null,
            "eps_4q_growth_year": null,
            "roe": null,
            "roe_4q": 0,
            "gross_profit": null,
            "gross_margin": null,
            "gross_margin_4q_avg": 0,
            "net_income": null,
            "net_income_4q": null,
            "revenue": null,
            "revenue_4q": null,
            "common_shares": null,
            "book_valuer_per_share": null,
            "book_valuer_per_share_4q_avg": 3.2,
            "equity": null,
            "current_ratio": null,
            "debt_ratio": null,
            "inventory_turnover_ratio": null,
            "account_receivable_turnover_ratio": null,
            "reinvestment_rate": null,
            "research_to_sale_ratio": null,
            "price_fair": 0,
            "eps_avg_yearly": 0,
            "eps_latest_yearly": 0,
            "eps_growth_yearly": 0
        },
        "20044": {
            "year_quarter": 20044,
            "year": 2004,
            "quarter": 4,
            "eps": null,
            "eps_growth_year": null,
            "eps_4q": null,
            "eps_4q_growth_year": null,
            "roe": null,
            "roe_4q": 0,
            "gross_profit": null,
            "gross_margin": null,
            "gross_margin_4q_avg": 0,
            "net_income": null,
            "net_income_4q": null,
            "revenue": null,
            "revenue_4q": null,
            "common_shares": 379520,
            "book_valuer_per_share": 14.53,
            "book_valuer_per_share_4q_avg": 3.63,
            "equity": 551519,
            "current_ratio": 329.57,
            "debt_ratio": 34.63,
            "inventory_turnover_ratio": null,
            "account_receivable_turnover_ratio": null,
            "reinvestment_rate": null,
            "research_to_sale_ratio": null,
            "price_fair": 0,
            "eps_avg_yearly": 0,
            "eps_latest_yearly": 0,
            "eps_growth_yearly": 0
        },
        "20051": {
            "year_quarter": 20051,
            "year": 2005,
            "quarter": 1,
            "eps": null,
            "eps_growth_year": null,
            "eps_4q": null,
            "eps_4q_growth_year": null,
            "roe": null,
            "roe_4q": 0,
            "gross_profit": null,
            "gross_margin": null,
            "gross_margin_4q_avg": 0,
            "net_income": null,
            "net_income_4q": null,
            "revenue": null,
            "revenue_4q": null,
            "common_shares": null,
            "book_valuer_per_share": null,
            "book_valuer_per_share_4q_avg": 3.63,
            "equity": null,
            "current_ratio": null,
            "debt_ratio": null,
            "inventory_turnover_ratio": null,
            "account_receivable_turnover_ratio": null,
            "reinvestment_rate": null,
            "research_to_sale_ratio": null,
            "price_fair": 0,
            "eps_avg_yearly": 0,
            "eps_latest_yearly": 0,
            "eps_growth_yearly": 0
        },
        "20052": {
            "year_quarter": 20052,
            "year": 2005,
            "quarter": 2,
            "eps": null,
            "eps_growth_year": null,
            "eps_4q": null,
            "eps_4q_growth_year": null,
            "roe": null,
            "roe_4q": 0,
            "gross_profit": null,
            "gross_margin": null,
            "gross_margin_4q_avg": 0,
            "net_income": null,
            "net_income_4q": null,
            "revenue": null,
            "revenue_4q": null,
            "common_shares": null,
            "book_valuer_per_share": null,
            "book_valuer_per_share_4q_avg": 3.63,
            "equity": null,
            "current_ratio": null,
            "debt_ratio": null,
            "inventory_turnover_ratio": null,
            "account_receivable_turnover_ratio": null,
            "reinvestment_rate": null,
            "research_to_sale_ratio": null,
            "price_fair": 0,
            "eps_avg_yearly": 0,
            "eps_latest_yearly": 0,
            "eps_growth_yearly": 0
        },
        "20053": {
            "year_quarter": 20053,
            "year": 2005,
            "quarter": 3,
            "eps": 0.81,
            "eps_growth_year": null,
            "eps_4q": null,
            "eps_4q_growth_year": null,
            "roe": 5.43,
            "roe_4q": 5.43,
            "gross_profit": 46984,
            "gross_margin": 29.51,
            "gross_margin_4q_avg": 7.38,
            "net_income": 30993,
            "net_income_4q": null,
            "revenue": 159220,
            "revenue_4q": null,
            "common_shares": 383040,
            "book_valuer_per_share": 14.9,
            "book_valuer_per_share_4q_avg": 7.36,
            "equity": 570617,
            "current_ratio": 290.86,
            "debt_ratio": 33.55,
            "inventory_turnover_ratio": 0.39,
            "account_receivable_turnover_ratio": null,
            "reinvestment_rate": null,
            "research_to_sale_ratio": null,
            "price_fair": 0,
            "eps_avg_yearly": 0,
            "eps_latest_yearly": 0,
            "eps_growth_yearly": 0
        },
        "20054": {
            "year_quarter": 20054,
            "year": 2005,
            "quarter": 4,
            "eps": 0.54,
            "eps_growth_year": null,
            "eps_4q": null,
            "eps_4q_growth_year": null,
            "roe": 3.55,
            "roe_4q": 8.98,
            "gross_profit": 42310,
            "gross_margin": 26.73,
            "gross_margin_4q_avg": 14.06,
            "net_income": 20620,
            "net_income_4q": null,
            "revenue": 158292,
            "revenue_4q": null,
            "common_shares": 383040,
            "book_valuer_per_share": 15.41,
            "book_valuer_per_share_4q_avg": 7.58,
            "equity": 590363,
            "current_ratio": 304.32,
            "debt_ratio": 33.61,
            "inventory_turnover_ratio": 0.4,
            "account_receivable_turnover_ratio": null,
            "reinvestment_rate": null,
            "research_to_sale_ratio": null,
            "price_fair": 6.48,
            "eps_avg_yearly": 2.16,
            "eps_latest_yearly": 2.16,
            "eps_growth_yearly": -133.33
        },
        "20061": {
            "year_quarter": 20061,
            "year": 2006,
            "quarter": 1,
            "eps": 0.62,
            "eps_growth_year": null,
            "eps_4q": null,
            "eps_4q_growth_year": null,
            "roe": 3.91,
            "roe_4q": 12.89,
            "gross_profit": 50577,
            "gross_margin": 26.81,
            "gross_margin_4q_avg": 20.76,
            "net_income": 23669,
            "net_income_4q": null,
            "revenue": 188645,
            "revenue_4q": null,
            "common_shares": 383040,
            "book_valuer_per_share": 16.16,
            "book_valuer_per_share_4q_avg": 11.62,
            "equity": 618895,
            "current_ratio": 267.49,
            "debt_ratio": 33.89,
            "inventory_turnover_ratio": 0.48,
            "account_receivable_turnover_ratio": null,
            "reinvestment_rate": null,
            "research_to_sale_ratio": null,
            "price_fair": 6.96,
            "eps_avg_yearly": 2.32,
            "eps_latest_yearly": 2.48,
            "eps_growth_yearly": -37.04
        },
        "20062": {
            "year_quarter": 20062,
            "year": 2006,
            "quarter": 2,
            "eps": 0.56,
            "eps_growth_year": null,
            "eps_4q": 2.53,
            "eps_4q_growth_year": null,
            "roe": 3.55,
            "roe_4q": 16.439999999999998,
            "gross_profit": 69272,
            "gross_margin": 33.06,
            "gross_margin_4q_avg": 29.03,
            "net_income": 21438,
            "net_income_4q": null,
            "revenue": 209518,
            "revenue_4q": null,
            "common_shares": 383040,
            "book_valuer_per_share": 15.38,
            "book_valuer_per_share_4q_avg": 15.46,
            "equity": 589097,
            "current_ratio": 198.45,
            "debt_ratio": 40.33,
            "inventory_turnover_ratio": 0.48,
            "account_receivable_turnover_ratio": null,
            "reinvestment_rate": null,
            "research_to_sale_ratio": null,
            "price_fair": 6.88,
            "eps_avg_yearly": 2.29,
            "eps_latest_yearly": 2.24,
            "eps_growth_yearly": -37.59
        },
        "20063": {
            "year_quarter": 20063,
            "year": 2006,
            "quarter": 3,
            "eps": 0.62,
            "eps_growth_year": -23.46,
            "eps_4q": 2.34,
            "eps_4q_growth_year": null,
            "roe": 3.93,
            "roe_4q": 14.940000000000001,
            "gross_profit": 56436,
            "gross_margin": 30.52,
            "gross_margin_4q_avg": 29.28,
            "net_income": 23648,
            "net_income_4q": null,
            "revenue": 184886,
            "revenue_4q": null,
            "common_shares": 383040,
            "book_valuer_per_share": 16.07,
            "book_valuer_per_share_4q_avg": 15.76,
            "equity": 615550,
            "current_ratio": 185.61,
            "debt_ratio": 39.73,
            "inventory_turnover_ratio": 0.42,
            "account_receivable_turnover_ratio": null,
            "reinvestment_rate": null,
            "research_to_sale_ratio": null,
            "price_fair": 7.02,
            "eps_avg_yearly": 2.34,
            "eps_latest_yearly": 2.48,
            "eps_growth_yearly": -17.48
        },
        "20064": {
            "year_quarter": 20064,
            "year": 2006,
            "quarter": 4,
            "eps": 0.76,
            "eps_growth_year": 40.74,
            "eps_4q": 2.56,
            "eps_4q_growth_year": null,
            "roe": 4.59,
            "roe_4q": 15.98,
            "gross_profit": 51728,
            "gross_margin": 29.32,
            "gross_margin_4q_avg": 29.93,
            "net_income": 28975,
            "net_income_4q": null,
            "revenue": 176419,
            "revenue_4q": null,
            "common_shares": 383040,
            "book_valuer_per_share": 16.86,
            "book_valuer_per_share_4q_avg": 16.12,
            "equity": 645846,
            "current_ratio": 191.06,
            "debt_ratio": 44.23,
            "inventory_turnover_ratio": 0.35,
            "account_receivable_turnover_ratio": null,
            "reinvestment_rate": null,
            "research_to_sale_ratio": null,
            "price_fair": 34.92,
            "eps_avg_yearly": 2.48,
            "eps_latest_yearly": 3.04,
            "eps_growth_yearly": 4.08
        },
        "20071": {
            "year_quarter": 20071,
            "year": 2007,
            "quarter": 1,
            "eps": 0.93,
            "eps_growth_year": 50,
            "eps_4q": 2.87,
            "eps_4q_growth_year": null,
            "roe": 5.32,
            "roe_4q": 17.39,
            "gross_profit": 72263,
            "gross_margin": 28.46,
            "gross_margin_4q_avg": 30.34,
            "net_income": 35548,
            "net_income_4q": null,
            "revenue": 253933,
            "revenue_4q": null,
            "common_shares": 383040,
            "book_valuer_per_share": 18.01,
            "book_valuer_per_share_4q_avg": 16.58,
            "equity": 690045,
            "current_ratio": 163.15,
            "debt_ratio": 42.71,
            "inventory_turnover_ratio": 0.48,
            "account_receivable_turnover_ratio": null,
            "reinvestment_rate": null,
            "research_to_sale_ratio": null,
            "price_fair": 76.06,
            "eps_avg_yearly": 2.69,
            "eps_latest_yearly": 3.72,
            "eps_growth_yearly": 18.31
        },
        "20072": {
            "year_quarter": 20072,
            "year": 2007,
            "quarter": 2,
            "eps": 0.66,
            "eps_growth_year": 17.86,
            "eps_4q": 2.95,
            "eps_4q_growth_year": 16.69,
            "roe": 3.77,
            "roe_4q": 17.61,
            "gross_profit": 67805,
            "gross_margin": 31.91,
            "gross_margin_4q_avg": 30.05,
            "net_income": 25433,
            "net_income_4q": null,
            "revenue": 212503,
            "revenue_4q": null,
            "common_shares": 383040,
            "book_valuer_per_share": 17.16,
            "book_valuer_per_share_4q_avg": 17.03,
            "equity": 657425,
            "current_ratio": 150.49,
            "debt_ratio": 49.02,
            "inventory_turnover_ratio": 0.38,
            "account_receivable_turnover_ratio": null,
            "reinvestment_rate": null,
            "research_to_sale_ratio": null,
            "price_fair": 8.04,
            "eps_avg_yearly": 2.68,
            "eps_latest_yearly": 2.64,
            "eps_growth_yearly": -0.89
        },
        "20073": {
            "year_quarter": 20073,
            "year": 2007,
            "quarter": 3,
            "eps": 0.87,
            "eps_growth_year": 40.32,
            "eps_4q": 3.16,
            "eps_4q_growth_year": 34.9,
            "roe": 4.77,
            "roe_4q": 18.45,
            "gross_profit": 59574,
            "gross_margin": 28.71,
            "gross_margin_4q_avg": 29.6,
            "net_income": 34161,
            "net_income_4q": null,
            "revenue": 207525,
            "revenue_4q": null,
            "common_shares": 424250,
            "book_valuer_per_share": 18.27,
            "book_valuer_per_share_4q_avg": 17.58,
            "equity": 775193,
            "current_ratio": 240.56,
            "debt_ratio": 36.63,
            "inventory_turnover_ratio": 0.37,
            "account_receivable_turnover_ratio": null,
            "reinvestment_rate": null,
            "research_to_sale_ratio": null,
            "price_fair": 69.85,
            "eps_avg_yearly": 2.78,
            "eps_latest_yearly": 3.48,
            "eps_growth_yearly": 15.13
        },
        "20074": {
            "year_quarter": 20074,
            "year": 2007,
            "quarter": 4,
            "eps": 0.34,
            "eps_growth_year": -55.26,
            "eps_4q": 2.74,
            "eps_4q_growth_year": 6.73,
            "roe": 1.73,
            "roe_4q": 15.59,
            "gross_profit": 51823,
            "gross_margin": 29.29,
            "gross_margin_4q_avg": 29.59,
            "net_income": 13502,
            "net_income_4q": null,
            "revenue": 176901,
            "revenue_4q": null,
            "common_shares": 424250,
            "book_valuer_per_share": 18.63,
            "book_valuer_per_share_4q_avg": 18.02,
            "equity": 790192,
            "current_ratio": 228.38,
            "debt_ratio": 38.51,
            "inventory_turnover_ratio": 0.27,
            "account_receivable_turnover_ratio": null,
            "reinvestment_rate": null,
            "research_to_sale_ratio": null,
            "price_fair": 7.87,
            "eps_avg_yearly": 2.62,
            "eps_latest_yearly": 1.36,
            "eps_growth_yearly": -13.63
        },
        "20081": {
            "year_quarter": 20081,
            "year": 2008,
            "quarter": 1,
            "eps": 0.34,
            "eps_growth_year": -63.44,
            "eps_4q": 2.04,
            "eps_4q_growth_year": -28.97,
            "roe": 1.85,
            "roe_4q": 12.12,
            "gross_profit": 49362,
            "gross_margin": 21.47,
            "gross_margin_4q_avg": 27.85,
            "net_income": 14646,
            "net_income_4q": null,
            "revenue": 229889,
            "revenue_4q": null,
            "common_shares": 424250,
            "book_valuer_per_share": 18.73,
            "book_valuer_per_share_4q_avg": 18.2,
            "equity": 794638,
            "current_ratio": 186.65,
            "debt_ratio": 43.39,
            "inventory_turnover_ratio": 0.35,
            "account_receivable_turnover_ratio": null,
            "reinvestment_rate": null,
            "research_to_sale_ratio": null,
            "price_fair": 7.49,
            "eps_avg_yearly": 2.5,
            "eps_latest_yearly": 1.36,
            "eps_growth_yearly": -12.27
        },
        "20082": {
            "year_quarter": 20082,
            "year": 2008,
            "quarter": 2,
            "eps": 0.06,
            "eps_growth_year": -90.91,
            "eps_4q": 1.55,
            "eps_4q_growth_year": -47.5,
            "roe": 0.32,
            "roe_4q": 8.67,
            "gross_profit": 31827,
            "gross_margin": 16,
            "gross_margin_4q_avg": 23.87,
            "net_income": 2509,
            "net_income_4q": null,
            "revenue": 198863,
            "revenue_4q": null,
            "common_shares": 424250,
            "book_valuer_per_share": 17.19,
            "book_valuer_per_share_4q_avg": 18.21,
            "equity": 766207,
            "current_ratio": 171.07,
            "debt_ratio": 46.23,
            "inventory_turnover_ratio": 0.3,
            "account_receivable_turnover_ratio": null,
            "reinvestment_rate": null,
            "research_to_sale_ratio": null,
            "price_fair": 6.87,
            "eps_avg_yearly": 2.29,
            "eps_latest_yearly": 0.24,
            "eps_growth_yearly": -41.1
        },
        "20083": {
            "year_quarter": 20083,
            "year": 2008,
            "quarter": 3,
            "eps": 0.02,
            "eps_growth_year": -97.7,
            "eps_4q": 2.99,
            "eps_4q_growth_year": -5.28,
            "roe": -0.03,
            "roe_4q": 3.87,
            "gross_profit": 35970,
            "gross_margin": 19.27,
            "gross_margin_4q_avg": 21.51,
            "net_income": -211,
            "net_income_4q": null,
            "revenue": 186637,
            "revenue_4q": null,
            "common_shares": 424250,
            "book_valuer_per_share": 17.46,
            "book_valuer_per_share_4q_avg": 18,
            "equity": 778832,
            "current_ratio": 155.62,
            "debt_ratio": 48.96,
            "inventory_turnover_ratio": 0.26,
            "account_receivable_turnover_ratio": null,
            "reinvestment_rate": null,
            "research_to_sale_ratio": null,
            "price_fair": 6.32,
            "eps_avg_yearly": 2.11,
            "eps_latest_yearly": 0.08,
            "eps_growth_yearly": -59.9
        },
        "20084": {
            "year_quarter": 20084,
            "year": 2008,
            "quarter": 4,
            "eps": -0.35,
            "eps_growth_year": -202.94,
            "eps_4q": 0.24,
            "eps_4q_growth_year": -91.32,
            "roe": -2.32,
            "roe_4q": -0.17999999999999972,
            "gross_profit": 15518,
            "gross_margin": 7.85,
            "gross_margin_4q_avg": 16.15,
            "net_income": -17873,
            "net_income_4q": null,
            "revenue": 197660,
            "revenue_4q": null,
            "common_shares": 424250,
            "book_valuer_per_share": 17.19,
            "book_valuer_per_share_4q_avg": 17.64,
            "equity": 764987,
            "current_ratio": 141.4,
            "debt_ratio": 51.72,
            "inventory_turnover_ratio": 0.31,
            "account_receivable_turnover_ratio": 2.56,
            "reinvestment_rate": null,
            "research_to_sale_ratio": null,
            "price_fair": 6.32,
            "eps_avg_yearly": 2.11,
            "eps_latest_yearly": 0.08,
            "eps_growth_yearly": -59.9
        },
        "20091": {
            "year_quarter": 20091,
            "year": 2009,
            "quarter": 1,
            "eps": -0.54,
            "eps_growth_year": -258.82,
            "eps_4q": -0.81,
            "eps_4q_growth_year": -139.92,
            "roe": -3.32,
            "roe_4q": -5.35,
            "gross_profit": 9790,
            "gross_margin": 7.39,
            "gross_margin_4q_avg": 12.63,
            "net_income": -25026,
            "net_income_4q": null,
            "revenue": 132554,
            "revenue_4q": null,
            "common_shares": 424250,
            "book_valuer_per_share": 16.73,
            "book_valuer_per_share_4q_avg": 17.14,
            "equity": 744562,
            "current_ratio": 154.27,
            "debt_ratio": 52.19,
            "inventory_turnover_ratio": 0.21,
            "account_receivable_turnover_ratio": 0.88,
            "reinvestment_rate": null,
            "research_to_sale_ratio": null,
            "price_fair": 6.32,
            "eps_avg_yearly": 2.11,
            "eps_latest_yearly": 0.08,
            "eps_growth_yearly": -59.9
        },
        "20092": {
            "year_quarter": 20092,
            "year": 2009,
            "quarter": 2,
            "eps": -0.53,
            "eps_growth_year": -983.33,
            "eps_4q": -1.4,
            "eps_4q_growth_year": -190.22,
            "roe": -3.31,
            "roe_4q": -8.979999999999999,
            "gross_profit": -3449,
            "gross_margin": -3.52,
            "gross_margin_4q_avg": 7.75,
            "net_income": -24138,
            "net_income_4q": null,
            "revenue": 97949,
            "revenue_4q": null,
            "common_shares": 424250,
            "book_valuer_per_share": 16.1,
            "book_valuer_per_share_4q_avg": 16.87,
            "equity": 715132,
            "current_ratio": 154.53,
            "debt_ratio": 50.23,
            "inventory_turnover_ratio": 0.18,
            "account_receivable_turnover_ratio": 0.94,
            "reinvestment_rate": 280.78,
            "research_to_sale_ratio": null,
            "price_fair": 6.32,
            "eps_avg_yearly": 2.11,
            "eps_latest_yearly": 0.08,
            "eps_growth_yearly": -59.9
        },
        "20093": {
            "year_quarter": 20093,
            "year": 2009,
            "quarter": 3,
            "eps": -1.51,
            "eps_growth_year": -7650,
            "eps_4q": -2.93,
            "eps_4q_growth_year": -198.01,
            "roe": -10.16,
            "roe_4q": -19.11,
            "gross_profit": -29476,
            "gross_margin": -26.9,
            "gross_margin_4q_avg": -3.8,
            "net_income": -69085,
            "net_income_4q": null,
            "revenue": 109586,
            "revenue_4q": null,
            "common_shares": 424250,
            "book_valuer_per_share": 14.57,
            "book_valuer_per_share_4q_avg": 16.15,
            "equity": 644578,
            "current_ratio": 130.56,
            "debt_ratio": 54,
            "inventory_turnover_ratio": 0.27,
            "account_receivable_turnover_ratio": 1.65,
            "reinvestment_rate": 328.74,
            "research_to_sale_ratio": null,
            "price_fair": 6.32,
            "eps_avg_yearly": 2.11,
            "eps_latest_yearly": 0.08,
            "eps_growth_yearly": -59.9
        },
        "20094": {
            "year_quarter": 20094,
            "year": 2009,
            "quarter": 4,
            "eps": -2.68,
            "eps_growth_year": null,
            "eps_4q": -5.27,
            "eps_4q_growth_year": -2317.98,
            "roe": -21.26,
            "roe_4q": -38.050000000000004,
            "gross_profit": -69070,
            "gross_margin": -63.1,
            "gross_margin_4q_avg": -21.53,
            "net_income": -123994,
            "net_income_4q": null,
            "revenue": 109460,
            "revenue_4q": null,
            "common_shares": 424250,
            "book_valuer_per_share": 11.92,
            "book_valuer_per_share_4q_avg": 14.83,
            "equity": 522042,
            "current_ratio": 122,
            "debt_ratio": 58.71,
            "inventory_turnover_ratio": 0.39,
            "account_receivable_turnover_ratio": 2.7,
            "reinvestment_rate": null,
            "research_to_sale_ratio": null,
            "price_fair": 6.31,
            "eps_avg_yearly": 2.1,
            "eps_latest_yearly": 0.08,
            "eps_growth_yearly": -53.22
        },
        "20101": {
            "year_quarter": 20101,
            "year": 2010,
            "quarter": 1,
            "eps": -0.12,
            "eps_growth_year": null,
            "eps_4q": -4.84,
            "eps_4q_growth_year": null,
            "roe": -1.24,
            "roe_4q": -35.97,
            "gross_profit": 26359,
            "gross_margin": 15.59,
            "gross_margin_4q_avg": -19.48,
            "net_income": -6421,
            "net_income_4q": null,
            "revenue": 169077,
            "revenue_4q": null,
            "common_shares": 424250,
            "book_valuer_per_share": 11.78,
            "book_valuer_per_share_4q_avg": 13.59,
            "equity": 515057,
            "current_ratio": 116.51,
            "debt_ratio": 59.7,
            "inventory_turnover_ratio": 0.34,
            "account_receivable_turnover_ratio": 1.95,
            "reinvestment_rate": null,
            "research_to_sale_ratio": 1.68,
            "price_fair": 6.19,
            "eps_avg_yearly": 2.06,
            "eps_latest_yearly": 0.08,
            "eps_growth_yearly": -64.47
        },
        "20102": {
            "year_quarter": 20102,
            "year": 2010,
            "quarter": 2,
            "eps": 0.06,
            "eps_growth_year": null,
            "eps_4q": -4.26,
            "eps_4q_growth_year": null,
            "roe": 0.38,
            "roe_4q": -32.28,
            "gross_profit": 33396,
            "gross_margin": 19.17,
            "gross_margin_4q_avg": -13.81,
            "net_income": 1983,
            "net_income_4q": null,
            "revenue": 174190,
            "revenue_4q": null,
            "common_shares": 424250,
            "book_valuer_per_share": 11.85,
            "book_valuer_per_share_4q_avg": 12.53,
            "equity": 517606,
            "current_ratio": 107.17,
            "debt_ratio": 60.89,
            "inventory_turnover_ratio": 0.33,
            "account_receivable_turnover_ratio": 1.6,
            "reinvestment_rate": null,
            "research_to_sale_ratio": 1.73,
            "price_fair": 6.13,
            "eps_avg_yearly": 2.04,
            "eps_latest_yearly": 0.08,
            "eps_growth_yearly": -67.33
        },
        "20103": {
            "year_quarter": 20103,
            "year": 2010,
            "quarter": 3,
            "eps": 0.49,
            "eps_growth_year": null,
            "eps_4q": -2.26,
            "eps_4q_growth_year": null,
            "roe": 4.09,
            "roe_4q": -18.03,
            "gross_profit": 54555,
            "gross_margin": 22.19,
            "gross_margin_4q_avg": -1.54,
            "net_income": 21556,
            "net_income_4q": null,
            "revenue": 245823,
            "revenue_4q": null,
            "common_shares": 424250,
            "book_valuer_per_share": 12.3,
            "book_valuer_per_share_4q_avg": 11.96,
            "equity": 537265,
            "current_ratio": 108.95,
            "debt_ratio": 59.64,
            "inventory_turnover_ratio": 0.44,
            "account_receivable_turnover_ratio": 1.68,
            "reinvestment_rate": null,
            "research_to_sale_ratio": 1.2,
            "price_fair": 69.53,
            "eps_avg_yearly": 1.99,
            "eps_latest_yearly": 1.96,
            "eps_growth_yearly": 246.43
        },
        "20104": {
            "year_quarter": 20104,
            "year": 2010,
            "quarter": 4,
            "eps": 0.17,
            "eps_growth_year": null,
            "eps_4q": 0.6,
            "eps_4q_growth_year": null,
            "roe": 1.27,
            "roe_4q": 4.499999999999999,
            "gross_profit": 48790,
            "gross_margin": 20.49,
            "gross_margin_4q_avg": 19.36,
            "net_income": 6759,
            "net_income_4q": null,
            "revenue": 238109,
            "revenue_4q": null,
            "common_shares": 424250,
            "book_valuer_per_share": 12.17,
            "book_valuer_per_share_4q_avg": 12.03,
            "equity": 530261,
            "current_ratio": 109.96,
            "debt_ratio": 59.44,
            "inventory_turnover_ratio": 0.45,
            "account_receivable_turnover_ratio": 1.45,
            "reinvestment_rate": null,
            "research_to_sale_ratio": 1.21,
            "price_fair": 60.36,
            "eps_avg_yearly": 1.72,
            "eps_latest_yearly": 0.68,
            "eps_growth_yearly": 207.37
        },
        "20111": {
            "year_quarter": 20111,
            "year": 2011,
            "quarter": 1,
            "eps": 0.53,
            "eps_growth_year": null,
            "eps_4q": 1.25,
            "eps_4q_growth_year": null,
            "roe": 3.84,
            "roe_4q": 9.58,
            "gross_profit": 51587,
            "gross_margin": 21.03,
            "gross_margin_4q_avg": 20.72,
            "net_income": 20813,
            "net_income_4q": null,
            "revenue": 245306,
            "revenue_4q": null,
            "common_shares": 424250,
            "book_valuer_per_share": 12.72,
            "book_valuer_per_share_4q_avg": 12.26,
            "equity": 552540,
            "current_ratio": 110.65,
            "debt_ratio": 58.77,
            "inventory_turnover_ratio": 0.47,
            "account_receivable_turnover_ratio": 1.46,
            "reinvestment_rate": null,
            "research_to_sale_ratio": 1.15,
            "price_fair": 54.13,
            "eps_avg_yearly": 1.55,
            "eps_latest_yearly": 2.12,
            "eps_growth_yearly": 291.54
        },
        "20112": {
            "year_quarter": 20112,
            "year": 2011,
            "quarter": 2,
            "eps": 0.58,
            "eps_growth_year": 880.78,
            "eps_4q": 1.77,
            "eps_4q_growth_year": null,
            "roe": 4.5,
            "roe_4q": 13.7,
            "gross_profit": 44577,
            "gross_margin": 21.22,
            "gross_margin_4q_avg": 21.23,
            "net_income": 24672,
            "net_income_4q": null,
            "revenue": 210048,
            "revenue_4q": null,
            "common_shares": 424250,
            "book_valuer_per_share": 12.81,
            "book_valuer_per_share_4q_avg": 12.5,
            "equity": 543453,
            "current_ratio": 243.23,
            "debt_ratio": 53.31,
            "inventory_turnover_ratio": 0.44,
            "account_receivable_turnover_ratio": 1.21,
            "reinvestment_rate": null,
            "research_to_sale_ratio": 1.33,
            "price_fair": 52.89,
            "eps_avg_yearly": 1.51,
            "eps_latest_yearly": 2.32,
            "eps_growth_yearly": 308.64
        },
        "20113": {
            "year_quarter": 20113,
            "year": 2011,
            "quarter": 3,
            "eps": 0.62,
            "eps_growth_year": 25.91,
            "eps_4q": 1.9,
            "eps_4q_growth_year": null,
            "roe": 4.68,
            "roe_4q": 14.29,
            "gross_profit": 53817,
            "gross_margin": 28.08,
            "gross_margin_4q_avg": 22.71,
            "net_income": 26097,
            "net_income_4q": null,
            "revenue": 191632,
            "revenue_4q": null,
            "common_shares": 424250,
            "book_valuer_per_share": 13.5,
            "book_valuer_per_share_4q_avg": 12.8,
            "equity": 572577,
            "current_ratio": 239.42,
            "debt_ratio": 51.85,
            "inventory_turnover_ratio": 0.37,
            "account_receivable_turnover_ratio": 1.2,
            "reinvestment_rate": null,
            "research_to_sale_ratio": 1.5,
            "price_fair": 49,
            "eps_avg_yearly": 1.4,
            "eps_latest_yearly": 2.48,
            "eps_growth_yearly": 297.56
        },
        "20114": {
            "year_quarter": 20114,
            "year": 2011,
            "quarter": 4,
            "eps": 0.29,
            "eps_growth_year": 67.36,
            "eps_4q": 2.02,
            "eps_4q_growth_year": 236.37,
            "roe": 2.11,
            "roe_4q": 15.129999999999999,
            "gross_profit": 37735,
            "gross_margin": 21.53,
            "gross_margin_4q_avg": 22.97,
            "net_income": 12217,
            "net_income_4q": null,
            "revenue": 175257,
            "revenue_4q": null,
            "common_shares": 424250,
            "book_valuer_per_share": 13.82,
            "book_valuer_per_share_4q_avg": 13.21,
            "equity": 586123,
            "current_ratio": 256.34,
            "debt_ratio": 48.83,
            "inventory_turnover_ratio": 0.34,
            "account_receivable_turnover_ratio": 1.35,
            "reinvestment_rate": null,
            "research_to_sale_ratio": 1.83,
            "price_fair": 48.22,
            "eps_avg_yearly": 1.38,
            "eps_latest_yearly": 1.16,
            "eps_growth_yearly": 300.98
        },
        "20121": {
            "year_quarter": 20121,
            "year": 2012,
            "quarter": 1,
            "eps": 0.2,
            "eps_growth_year": -62.26,
            "eps_4q": 1.69,
            "eps_4q_growth_year": 35.22,
            "roe": 1.44,
            "roe_4q": 12.73,
            "gross_profit": 41697,
            "gross_margin": 24.7,
            "gross_margin_4q_avg": 23.88,
            "net_income": 8485,
            "net_income_4q": null,
            "revenue": 168838,
            "revenue_4q": null,
            "common_shares": 424250,
            "book_valuer_per_share": 14.01,
            "book_valuer_per_share_4q_avg": 13.54,
            "equity": 594230,
            "current_ratio": 267.5,
            "debt_ratio": 46.32,
            "inventory_turnover_ratio": 0.32,
            "account_receivable_turnover_ratio": 1.56,
            "reinvestment_rate": null,
            "research_to_sale_ratio": 1.88,
            "price_fair": 46.04,
            "eps_avg_yearly": 1.32,
            "eps_latest_yearly": 0.8,
            "eps_growth_yearly": 287.19
        },
        "20122": {
            "year_quarter": 20122,
            "year": 2012,
            "quarter": 2,
            "eps": 0.21,
            "eps_growth_year": -63.38,
            "eps_4q": 1.32,
            "eps_4q_growth_year": -25.71,
            "roe": 1.59,
            "roe_4q": 9.82,
            "gross_profit": 40929,
            "gross_margin": 23.43,
            "gross_margin_4q_avg": 24.44,
            "net_income": 9084,
            "net_income_4q": null,
            "revenue": 174693,
            "revenue_4q": null,
            "common_shares": 424250,
            "book_valuer_per_share": 12.93,
            "book_valuer_per_share_4q_avg": 13.57,
            "equity": 548393,
            "current_ratio": 198,
            "debt_ratio": 52.65,
            "inventory_turnover_ratio": 0.32,
            "account_receivable_turnover_ratio": 1.45,
            "reinvestment_rate": null,
            "research_to_sale_ratio": 1.77,
            "price_fair": 48.38,
            "eps_avg_yearly": 1.38,
            "eps_latest_yearly": 0.84,
            "eps_growth_yearly": 326.01
        },
        "20123": {
            "year_quarter": 20123,
            "year": 2012,
            "quarter": 3,
            "eps": 0.34,
            "eps_growth_year": -45.49,
            "eps_4q": 1.04,
            "eps_4q_growth_year": -45.39,
            "roe": 2.56,
            "roe_4q": 7.699999999999999,
            "gross_profit": 52798,
            "gross_margin": 26.42,
            "gross_margin_4q_avg": 24.02,
            "net_income": 14225,
            "net_income_4q": null,
            "revenue": 199847,
            "revenue_4q": null,
            "common_shares": 424250,
            "book_valuer_per_share": 13.24,
            "book_valuer_per_share_4q_avg": 13.5,
            "equity": 561526,
            "current_ratio": 195.5,
            "debt_ratio": 51.75,
            "inventory_turnover_ratio": 0.34,
            "account_receivable_turnover_ratio": 1.56,
            "reinvestment_rate": null,
            "research_to_sale_ratio": 1.58,
            "price_fair": 53.36,
            "eps_avg_yearly": 1.52,
            "eps_latest_yearly": 1.36,
            "eps_growth_yearly": 383.16
        },
        "20124": {
            "year_quarter": 20124,
            "year": 2012,
            "quarter": 4,
            "eps": -0.05,
            "eps_growth_year": -116.68,
            "eps_4q": 0.7,
            "eps_4q_growth_year": -65.2,
            "roe": -0.47,
            "roe_4q": 5.119999999999999,
            "gross_profit": 30144,
            "gross_margin": 18.25,
            "gross_margin_4q_avg": 23.2,
            "net_income": -2680,
            "net_income_4q": null,
            "revenue": 165148,
            "revenue_4q": null,
            "common_shares": 424250,
            "book_valuer_per_share": 13.19,
            "book_valuer_per_share_4q_avg": 13.34,
            "equity": 570978,
            "current_ratio": 223.87,
            "debt_ratio": 48.98,
            "inventory_turnover_ratio": 0.32,
            "account_receivable_turnover_ratio": 1.52,
            "reinvestment_rate": null,
            "research_to_sale_ratio": 1.69,
            "price_fair": 53.36,
            "eps_avg_yearly": 1.52,
            "eps_latest_yearly": 1.36,
            "eps_growth_yearly": 383.16
        },
        "20131": {
            "year_quarter": 20131,
            "year": 2013,
            "quarter": 1,
            "eps": 0.11,
            "eps_growth_year": -45,
            "eps_4q": 0.61,
            "eps_4q_growth_year": -63.86,
            "roe": 0.73,
            "roe_4q": 4.41,
            "gross_profit": 37365,
            "gross_margin": 21.61,
            "gross_margin_4q_avg": 22.43,
            "net_income": 4117,
            "net_income_4q": null,
            "revenue": 172924,
            "revenue_4q": null,
            "common_shares": 424250,
            "book_valuer_per_share": 13.04,
            "book_valuer_per_share_4q_avg": 13.1,
            "equity": 563931,
            "current_ratio": 225.5,
            "debt_ratio": 50.72,
            "inventory_turnover_ratio": 0.31,
            "account_receivable_turnover_ratio": 1.67,
            "reinvestment_rate": null,
            "research_to_sale_ratio": 1.67,
            "price_fair": 53.36,
            "eps_avg_yearly": 1.52,
            "eps_latest_yearly": 1.36,
            "eps_growth_yearly": 383.16
        },
        "20132": {
            "year_quarter": 20132,
            "year": 2013,
            "quarter": 2,
            "eps": 0.2,
            "eps_growth_year": -6.59,
            "eps_4q": 0.6,
            "eps_4q_growth_year": -54.44,
            "roe": 1.54,
            "roe_4q": 4.36,
            "gross_profit": 41071,
            "gross_margin": 20.04,
            "gross_margin_4q_avg": 21.58,
            "net_income": 8683,
            "net_income_4q": null,
            "revenue": 204994,
            "revenue_4q": null,
            "common_shares": 424250,
            "book_valuer_per_share": 12.97,
            "book_valuer_per_share_4q_avg": 13.11,
            "equity": 560935,
            "current_ratio": 200.22,
            "debt_ratio": 51.79,
            "inventory_turnover_ratio": 0.37,
            "account_receivable_turnover_ratio": 1.57,
            "reinvestment_rate": null,
            "research_to_sale_ratio": 1.41,
            "price_fair": 50.82,
            "eps_avg_yearly": 1.45,
            "eps_latest_yearly": 0.8,
            "eps_growth_yearly": 377.57
        },
        "20133": {
            "year_quarter": 20133,
            "year": 2013,
            "quarter": 3,
            "eps": -0.09,
            "eps_growth_year": -126.84,
            "eps_4q": 0.18,
            "eps_4q_growth_year": -82.72,
            "roe": -0.76,
            "roe_4q": 1.04,
            "gross_profit": 20442,
            "gross_margin": 15.37,
            "gross_margin_4q_avg": 18.82,
            "net_income": -4231,
            "net_income_4q": null,
            "revenue": 133042,
            "revenue_4q": null,
            "common_shares": 424250,
            "book_valuer_per_share": 12.9,
            "book_valuer_per_share_4q_avg": 13.03,
            "equity": 557359,
            "current_ratio": 256.99,
            "debt_ratio": 48.82,
            "inventory_turnover_ratio": 0.25,
            "account_receivable_turnover_ratio": 1.13,
            "reinvestment_rate": -490.31,
            "research_to_sale_ratio": 2.35,
            "price_fair": 50.82,
            "eps_avg_yearly": 1.45,
            "eps_latest_yearly": 0.8,
            "eps_growth_yearly": 377.57
        },
        "20134": {
            "year_quarter": 20134,
            "year": 2013,
            "quarter": 4,
            "eps": -0.08,
            "eps_growth_year": null,
            "eps_4q": 0.15,
            "eps_4q_growth_year": -78.38,
            "roe": -0.67,
            "roe_4q": 0.8399999999999999,
            "gross_profit": 19833,
            "gross_margin": 21.8,
            "gross_margin_4q_avg": 19.71,
            "net_income": -3754,
            "net_income_4q": null,
            "revenue": 90986,
            "revenue_4q": null,
            "common_shares": 424250,
            "book_valuer_per_share": 12.92,
            "book_valuer_per_share_4q_avg": 12.96,
            "equity": 557736,
            "current_ratio": 350.15,
            "debt_ratio": 49.4,
            "inventory_turnover_ratio": 0.15,
            "account_receivable_turnover_ratio": 1.21,
            "reinvestment_rate": -190.25,
            "research_to_sale_ratio": 2.18,
            "price_fair": 50.82,
            "eps_avg_yearly": 1.45,
            "eps_latest_yearly": 0.8,
            "eps_growth_yearly": 377.57
        },
        "20141": {
            "year_quarter": 20141,
            "year": 2014,
            "quarter": 1,
            "eps": 0.08,
            "eps_growth_year": -27.27,
            "eps_4q": 0.12,
            "eps_4q_growth_year": -79.99,
            "roe": 0.52,
            "roe_4q": 0.63,
            "gross_profit": 23180,
            "gross_margin": 16.34,
            "gross_margin_4q_avg": 18.39,
            "net_income": 2901,
            "net_income_4q": null,
            "revenue": 141853,
            "revenue_4q": null,
            "common_shares": 424250,
            "book_valuer_per_share": 12.98,
            "book_valuer_per_share_4q_avg": 12.94,
            "equity": 559699,
            "current_ratio": 326.33,
            "debt_ratio": 49.55,
            "inventory_turnover_ratio": 0.25,
            "account_receivable_turnover_ratio": 1.77,
            "reinvestment_rate": -166.56,
            "research_to_sale_ratio": 1.91,
            "price_fair": 50.82,
            "eps_avg_yearly": 1.45,
            "eps_latest_yearly": 0.8,
            "eps_growth_yearly": 377.57
        },
        "20142": {
            "year_quarter": 20142,
            "year": 2014,
            "quarter": 2,
            "eps": 0.33,
            "eps_growth_year": 65,
            "eps_4q": 0.24,
            "eps_4q_growth_year": -59.18,
            "roe": 2.41,
            "roe_4q": 1.5000000000000002,
            "gross_profit": 41214,
            "gross_margin": 21.77,
            "gross_margin_4q_avg": 18.82,
            "net_income": 13527,
            "net_income_4q": null,
            "revenue": 189343,
            "revenue_4q": null,
            "common_shares": 424250,
            "book_valuer_per_share": 13.01,
            "book_valuer_per_share_4q_avg": 12.95,
            "equity": 560982,
            "current_ratio": 280.87,
            "debt_ratio": 51.08,
            "inventory_turnover_ratio": 0.32,
            "account_receivable_turnover_ratio": 1.85,
            "reinvestment_rate": -154.86,
            "research_to_sale_ratio": 1.65,
            "price_fair": 50.4,
            "eps_avg_yearly": 1.44,
            "eps_latest_yearly": 1.32,
            "eps_growth_yearly": 456.88
        },
        "20143": {
            "year_quarter": 20143,
            "year": 2014,
            "quarter": 3,
            "eps": 0.14,
            "eps_growth_year": null,
            "eps_4q": 0.47,
            "eps_4q_growth_year": 160.35,
            "roe": 0.95,
            "roe_4q": 3.2100000000000004,
            "gross_profit": 30446,
            "gross_margin": 17.47,
            "gross_margin_4q_avg": 19.35,
            "net_income": 5370,
            "net_income_4q": null,
            "revenue": 174315,
            "revenue_4q": null,
            "common_shares": 424250,
            "book_valuer_per_share": 13.16,
            "book_valuer_per_share_4q_avg": 13.02,
            "equity": 566629,
            "current_ratio": 276.34,
            "debt_ratio": 50.41,
            "inventory_turnover_ratio": 0.32,
            "account_receivable_turnover_ratio": 1.64,
            "reinvestment_rate": -166.79,
            "research_to_sale_ratio": 1.86,
            "price_fair": 45.95,
            "eps_avg_yearly": 1.31,
            "eps_latest_yearly": 0.56,
            "eps_growth_yearly": 175.34
        },
        "20144": {
            "year_quarter": 20144,
            "year": 2014,
            "quarter": 4,
            "eps": 0.17,
            "eps_growth_year": null,
            "eps_4q": 0.71,
            "eps_4q_growth_year": 371.53,
            "roe": 1.39,
            "roe_4q": 5.27,
            "gross_profit": 29501,
            "gross_margin": 13.64,
            "gross_margin_4q_avg": 17.31,
            "net_income": 7917,
            "net_income_4q": null,
            "revenue": 216302,
            "revenue_4q": null,
            "common_shares": 424250,
            "book_valuer_per_share": 13.27,
            "book_valuer_per_share_4q_avg": 13.11,
            "equity": 572058,
            "current_ratio": 294.22,
            "debt_ratio": 48.57,
            "inventory_turnover_ratio": 0.43,
            "account_receivable_turnover_ratio": 1.88,
            "reinvestment_rate": -142.44,
            "research_to_sale_ratio": 1.48,
            "price_fair": 45.95,
            "eps_avg_yearly": 1.31,
            "eps_latest_yearly": 0.68,
            "eps_growth_yearly": 206.88
        },
        "20151": {
            "year_quarter": 20151,
            "year": 2015,
            "quarter": 1,
            "eps": 0.09,
            "eps_growth_year": 12.5,
            "eps_4q": 0.73,
            "eps_4q_growth_year": 497.14,
            "roe": 0.75,
            "roe_4q": 5.5,
            "gross_profit": 28632,
            "gross_margin": 17.25,
            "gross_margin_4q_avg": 17.53,
            "net_income": 4311,
            "net_income_4q": null,
            "revenue": 165968,
            "revenue_4q": null,
            "common_shares": 424250,
            "book_valuer_per_share": 13.41,
            "book_valuer_per_share_4q_avg": 13.21,
            "equity": 578359,
            "current_ratio": 263.83,
            "debt_ratio": 49.59,
            "inventory_turnover_ratio": 0.33,
            "account_receivable_turnover_ratio": 1.45,
            "reinvestment_rate": -140.21,
            "research_to_sale_ratio": 1.7,
            "price_fair": 40.35,
            "eps_avg_yearly": 1.15,
            "eps_latest_yearly": 0.36,
            "eps_growth_yearly": 112.76
        },
        "20152": {
            "year_quarter": 20152,
            "year": 2015,
            "quarter": 2,
            "eps": 0.38,
            "eps_growth_year": 15.15,
            "eps_4q": 0.78,
            "eps_4q_growth_year": 219.83,
            "roe": 2.87,
            "roe_4q": 5.96,
            "gross_profit": 44706,
            "gross_margin": 22.42,
            "gross_margin_4q_avg": 17.7,
            "net_income": 16635,
            "net_income_4q": null,
            "revenue": 199442,
            "revenue_4q": null,
            "common_shares": 424250,
            "book_valuer_per_share": 13.5,
            "book_valuer_per_share_4q_avg": 13.34,
            "equity": 582712,
            "current_ratio": 261.99,
            "debt_ratio": 49.16,
            "inventory_turnover_ratio": 0.37,
            "account_receivable_turnover_ratio": 1.75,
            "reinvestment_rate": 4.93,
            "research_to_sale_ratio": 1.21,
            "price_fair": 37.8,
            "eps_avg_yearly": 1.08,
            "eps_latest_yearly": 1.52,
            "eps_growth_yearly": 226.5
        },
        "20153": {
            "year_quarter": 20153,
            "year": 2015,
            "quarter": 3,
            "eps": 0.37,
            "eps_growth_year": 164.29,
            "eps_4q": 1.02,
            "eps_4q_growth_year": 119.42,
            "roe": 2.99,
            "roe_4q": 8,
            "gross_profit": 45884,
            "gross_margin": 23.66,
            "gross_margin_4q_avg": 19.24,
            "net_income": 17609,
            "net_income_4q": null,
            "revenue": 193920,
            "revenue_4q": null,
            "common_shares": 424250,
            "book_valuer_per_share": 13.85,
            "book_valuer_per_share_4q_avg": 13.51,
            "equity": 594331,
            "current_ratio": 250.28,
            "debt_ratio": 49.26,
            "inventory_turnover_ratio": 0.34,
            "account_receivable_turnover_ratio": 1.47,
            "reinvestment_rate": -7.1,
            "research_to_sale_ratio": 1.41,
            "price_fair": 34.62,
            "eps_avg_yearly": 0.99,
            "eps_latest_yearly": 1.48,
            "eps_growth_yearly": 223.04
        },
        "20154": {
            "year_quarter": 20154,
            "year": 2015,
            "quarter": 4,
            "eps": 0.8,
            "eps_growth_year": 361.43,
            "eps_4q": 1.65,
            "eps_4q_growth_year": 130.27,
            "roe": 5.34,
            "roe_4q": 11.95,
            "gross_profit": 76454,
            "gross_margin": 26.25,
            "gross_margin_4q_avg": 22.4,
            "net_income": 32631,
            "net_income_4q": null,
            "revenue": 291205,
            "revenue_4q": null,
            "common_shares": 424250,
            "book_valuer_per_share": 14.67,
            "book_valuer_per_share_4q_avg": 13.86,
            "equity": 627861,
            "current_ratio": 272.44,
            "debt_ratio": 46.64,
            "inventory_turnover_ratio": 0.49,
            "account_receivable_turnover_ratio": 1.88,
            "reinvestment_rate": -7.85,
            "research_to_sale_ratio": 0.84,
            "price_fair": 41.11,
            "eps_avg_yearly": 1.17,
            "eps_latest_yearly": 3.2,
            "eps_growth_yearly": 284.65
        },
        "20161": {
            "year_quarter": 20161,
            "year": 2016,
            "quarter": 1,
            "eps": 0.24,
            "eps_growth_year": 166.67,
            "eps_4q": 1.8,
            "eps_4q_growth_year": 147.31,
            "roe": 1.88,
            "roe_4q": 13.080000000000002,
            "gross_profit": 35389,
            "gross_margin": 19.38,
            "gross_margin_4q_avg": 22.93,
            "net_income": 11883,
            "net_income_4q": null,
            "revenue": 182581,
            "revenue_4q": null,
            "common_shares": 424250,
            "book_valuer_per_share": 14.89,
            "book_valuer_per_share_4q_avg": 14.23,
            "equity": 636041,
            "current_ratio": 291.05,
            "debt_ratio": 44.85,
            "inventory_turnover_ratio": 0.37,
            "account_receivable_turnover_ratio": 1.08,
            "reinvestment_rate": -3.74,
            "research_to_sale_ratio": 1.29,
            "price_fair": 41.62,
            "eps_avg_yearly": 1.19,
            "eps_latest_yearly": 0.96,
            "eps_growth_yearly": 270.48
        },
        "20162": {
            "year_quarter": 20162,
            "year": 2016,
            "quarter": 2,
            "eps": 0.17,
            "eps_growth_year": -55.26,
            "eps_4q": 1.58,
            "eps_4q_growth_year": 102.18,
            "roe": 1.28,
            "roe_4q": 11.49,
            "gross_profit": 30529,
            "gross_margin": 16.76,
            "gross_margin_4q_avg": 21.51,
            "net_income": 7912,
            "net_income_4q": null,
            "revenue": 182170,
            "revenue_4q": null,
            "common_shares": 424250,
            "book_valuer_per_share": 14.09,
            "book_valuer_per_share_4q_avg": 14.38,
            "equity": 603323,
            "current_ratio": 259.32,
            "debt_ratio": 46.88,
            "inventory_turnover_ratio": 0.39,
            "account_receivable_turnover_ratio": 1.21,
            "reinvestment_rate": -17.92,
            "research_to_sale_ratio": 1.55,
            "price_fair": 41.11,
            "eps_avg_yearly": 1.17,
            "eps_latest_yearly": 0.68,
            "eps_growth_yearly": 258.06
        },
        "20163": {
            "year_quarter": 20163,
            "year": 2016,
            "quarter": 3,
            "eps": 0.5,
            "eps_growth_year": 35.14,
            "eps_4q": 1.71,
            "eps_4q_growth_year": 66.76,
            "roe": 3.26,
            "roe_4q": 11.76,
            "gross_profit": 52620,
            "gross_margin": 23.93,
            "gross_margin_4q_avg": 21.58,
            "net_income": 19982,
            "net_income_4q": null,
            "revenue": 219847,
            "revenue_4q": null,
            "common_shares": 424250,
            "book_valuer_per_share": 14.58,
            "book_valuer_per_share_4q_avg": 14.56,
            "equity": 623857,
            "current_ratio": 231.21,
            "debt_ratio": 48.62,
            "inventory_turnover_ratio": 0.41,
            "account_receivable_turnover_ratio": 1.44,
            "reinvestment_rate": -31.24,
            "research_to_sale_ratio": 1.12,
            "price_fair": 43.15,
            "eps_avg_yearly": 1.23,
            "eps_latest_yearly": 2,
            "eps_growth_yearly": 306.13
        },
        "20164": {
            "year_quarter": 20164,
            "year": 2016,
            "quarter": 4,
            "eps": 1.12,
            "eps_growth_year": 40.32,
            "eps_4q": 2.02,
            "eps_4q_growth_year": 22.67,
            "roe": 7.41,
            "roe_4q": 13.829999999999998,
            "gross_profit": 87921,
            "gross_margin": 27.22,
            "gross_margin_4q_avg": 21.82,
            "net_income": 48301,
            "net_income_4q": null,
            "revenue": 323014,
            "revenue_4q": null,
            "common_shares": 424250,
            "book_valuer_per_share": 15.62,
            "book_valuer_per_share_4q_avg": 14.8,
            "equity": 679540,
            "current_ratio": 236.94,
            "debt_ratio": 47.14,
            "inventory_turnover_ratio": 0.57,
            "account_receivable_turnover_ratio": 1.44,
            "reinvestment_rate": -28.58,
            "research_to_sale_ratio": 0.78,
            "price_fair": 52.62,
            "eps_avg_yearly": 1.5,
            "eps_latest_yearly": 4.48,
            "eps_growth_yearly": 321.96
        },
        "20171": {
            "year_quarter": 20171,
            "year": 2017,
            "quarter": 1,
            "eps": 0.33,
            "eps_growth_year": 37.5,
            "eps_4q": 2.11,
            "eps_4q_growth_year": 16.96,
            "roe": 2.15,
            "roe_4q": 14.1,
            "gross_profit": 52740,
            "gross_margin": 21.82,
            "gross_margin_4q_avg": 22.43,
            "net_income": 14785,
            "net_income_4q": null,
            "revenue": 241681,
            "revenue_4q": null,
            "common_shares": 424250,
            "book_valuer_per_share": 15.97,
            "book_valuer_per_share_4q_avg": 15.07,
            "equity": 696125,
            "current_ratio": 260.35,
            "debt_ratio": 43.42,
            "inventory_turnover_ratio": 0.49,
            "account_receivable_turnover_ratio": 1.02,
            "reinvestment_rate": 2.46,
            "research_to_sale_ratio": 1.16,
            "price_fair": 52.12,
            "eps_avg_yearly": 1.49,
            "eps_latest_yearly": 1.32,
            "eps_growth_yearly": 275.49
        },
        "20172": {
            "year_quarter": 20172,
            "year": 2017,
            "quarter": 2,
            "eps": 0.47,
            "eps_growth_year": 176.47,
            "eps_4q": 2.4,
            "eps_4q_growth_year": 51.61,
            "roe": 3.03,
            "roe_4q": 15.85,
            "gross_profit": 47735,
            "gross_margin": 23.96,
            "gross_margin_4q_avg": 24.23,
            "net_income": 20581,
            "net_income_4q": null,
            "revenue": 199266,
            "revenue_4q": null,
            "common_shares": 424250,
            "book_valuer_per_share": 15.11,
            "book_valuer_per_share_4q_avg": 15.32,
            "equity": 661286,
            "current_ratio": 242.88,
            "debt_ratio": 44.55,
            "inventory_turnover_ratio": 0.4,
            "account_receivable_turnover_ratio": 1.07,
            "reinvestment_rate": -4.03,
            "research_to_sale_ratio": 1.3,
            "price_fair": 55.03,
            "eps_avg_yearly": 1.57,
            "eps_latest_yearly": 1.88,
            "eps_growth_yearly": 263.37
        },
        "20173": {
            "year_quarter": 20173,
            "year": 2017,
            "quarter": 3,
            "eps": 0.57,
            "eps_growth_year": 14,
            "eps_4q": 2.48,
            "eps_4q_growth_year": 45.16,
            "roe": 3.61,
            "roe_4q": 16.2,
            "gross_profit": 57699,
            "gross_margin": 27.26,
            "gross_margin_4q_avg": 25.07,
            "net_income": 24350,
            "net_income_4q": null,
            "revenue": 211699,
            "revenue_4q": null,
            "common_shares": 424250,
            "book_valuer_per_share": 15.71,
            "book_valuer_per_share_4q_avg": 15.6,
            "equity": 686535,
            "current_ratio": 257.77,
            "debt_ratio": 42.32,
            "inventory_turnover_ratio": 0.38,
            "account_receivable_turnover_ratio": 1.28,
            "reinvestment_rate": 8.27,
            "research_to_sale_ratio": 0.84,
            "price_fair": 56.8,
            "eps_avg_yearly": 1.62,
            "eps_latest_yearly": 2.28,
            "eps_growth_yearly": 250.63
        },
        "20174": {
            "year_quarter": 20174,
            "year": 2017,
            "quarter": 4,
            "eps": 0.69,
            "eps_growth_year": -38.22,
            "eps_4q": 2.06,
            "eps_4q_growth_year": 1.89,
            "roe": 4.39,
            "roe_4q": 13.18,
            "gross_profit": 71852,
            "gross_margin": 25.26,
            "gross_margin_4q_avg": 24.58,
            "net_income": 30837,
            "net_income_4q": null,
            "revenue": 284440,
            "revenue_4q": null,
            "common_shares": 424250,
            "book_valuer_per_share": 16.43,
            "book_valuer_per_share_4q_avg": 15.81,
            "equity": 718586,
            "current_ratio": 223.87,
            "debt_ratio": 42.29,
            "inventory_turnover_ratio": 0.53,
            "account_receivable_turnover_ratio": 1.44,
            "reinvestment_rate": 7.82,
            "research_to_sale_ratio": 0.87,
            "price_fair": 59.45,
            "eps_avg_yearly": 1.7,
            "eps_latest_yearly": 2.76,
            "eps_growth_yearly": 239.54
        },
        "20181": {
            "year_quarter": 20181,
            "year": 2018,
            "quarter": 1,
            "eps": 0.66,
            "eps_growth_year": 100,
            "eps_4q": 2.39,
            "eps_4q_growth_year": 13.18,
            "roe": 4.19,
            "roe_4q": 15.219999999999999,
            "gross_profit": 65253,
            "gross_margin": 24.84,
            "gross_margin_4q_avg": 25.33,
            "net_income": 30782,
            "net_income_4q": null,
            "revenue": 262646,
            "revenue_4q": null,
            "common_shares": 424250,
            "book_valuer_per_share": 17.09,
            "book_valuer_per_share_4q_avg": 16.09,
            "equity": 749283,
            "current_ratio": 266.94,
            "debt_ratio": 42.1,
            "inventory_turnover_ratio": 0.51,
            "account_receivable_turnover_ratio": 1.02,
            "reinvestment_rate": 6,
            "research_to_sale_ratio": 0.94,
            "price_fair": 61.51,
            "eps_avg_yearly": 1.76,
            "eps_latest_yearly": 2.64,
            "eps_growth_yearly": 223.48
        },
        "20182": {
            "year_quarter": 20182,
            "year": 2018,
            "quarter": 2,
            "eps": 0.94,
            "eps_growth_year": 100,
            "eps_4q": 2.86,
            "eps_4q_growth_year": 18.89,
            "roe": 5.63,
            "roe_4q": 17.82,
            "gross_profit": 75983,
            "gross_margin": 27.54,
            "gross_margin_4q_avg": 26.23,
            "net_income": 41587,
            "net_income_4q": null,
            "revenue": 275909,
            "revenue_4q": null,
            "common_shares": 424250,
            "book_valuer_per_share": 16.52,
            "book_valuer_per_share_4q_avg": 16.44,
            "equity": 727244,
            "current_ratio": 214.44,
            "debt_ratio": 47.36,
            "inventory_turnover_ratio": 0.47,
            "account_receivable_turnover_ratio": 1.04,
            "reinvestment_rate": 6.25,
            "research_to_sale_ratio": 0.98,
            "price_fair": 66.85,
            "eps_avg_yearly": 1.91,
            "eps_latest_yearly": 3.76,
            "eps_growth_yearly": 155.96
        },
        "20183": {
            "year_quarter": 20183,
            "year": 2018,
            "quarter": 3,
            "eps": 1.08,
            "eps_growth_year": 89.47,
            "eps_4q": 3.36,
            "eps_4q_growth_year": 35.69,
            "roe": 6.48,
            "roe_4q": 20.69,
            "gross_profit": 93840,
            "gross_margin": 30.77,
            "gross_margin_4q_avg": 27.1,
            "net_income": 48599,
            "net_income_4q": null,
            "revenue": 304995,
            "revenue_4q": null,
            "common_shares": 424250,
            "book_valuer_per_share": 17.6,
            "book_valuer_per_share_4q_avg": 16.91,
            "equity": 773515,
            "current_ratio": 233.27,
            "debt_ratio": 44.18,
            "inventory_turnover_ratio": 0.46,
            "account_receivable_turnover_ratio": 1.08,
            "reinvestment_rate": 4.67,
            "research_to_sale_ratio": 0.85,
            "price_fair": 75.08,
            "eps_avg_yearly": 2.15,
            "eps_latest_yearly": 4.32,
            "eps_growth_yearly": 174.08
        },
        "20184": {
            "year_quarter": 20184,
            "year": 2018,
            "quarter": 4,
            "eps": 0.67,
            "eps_growth_year": -2.2,
            "eps_4q": 3.35,
            "eps_4q_growth_year": 62.72,
            "roe": 3.68,
            "roe_4q": 19.98,
            "gross_profit": 73392,
            "gross_margin": 26.1,
            "gross_margin_4q_avg": 27.31,
            "net_income": 28981,
            "net_income_4q": null,
            "revenue": 281234,
            "revenue_4q": null,
            "common_shares": 424250,
            "book_valuer_per_share": 18.26,
            "book_valuer_per_share_4q_avg": 17.37,
            "equity": 801784,
            "current_ratio": 240.73,
            "debt_ratio": 44.33,
            "inventory_turnover_ratio": 0.44,
            "account_receivable_turnover_ratio": 0.84,
            "reinvestment_rate": -0.75,
            "research_to_sale_ratio": 0.9,
            "price_fair": 79.45,
            "eps_avg_yearly": 2.27,
            "eps_latest_yearly": 2.68,
            "eps_growth_yearly": 159.23
        },
        "20191": {
            "year_quarter": 20191,
            "year": 2019,
            "quarter": 1,
            "eps": 0.79,
            "eps_growth_year": 19.7,
            "eps_4q": 3.48,
            "eps_4q_growth_year": 45.76,
            "roe": 4.46,
            "roe_4q": 20.25,
            "gross_profit": 75430,
            "gross_margin": 24.59,
            "gross_margin_4q_avg": 27.25,
            "net_income": 36556,
            "net_income_4q": null,
            "revenue": 306768,
            "revenue_4q": null,
            "common_shares": 423250,
            "book_valuer_per_share": 19.04,
            "book_valuer_per_share_4q_avg": 17.86,
            "equity": 837962,
            "current_ratio": 279.23,
            "debt_ratio": 44.61,
            "inventory_turnover_ratio": 0.49,
            "account_receivable_turnover_ratio": 0.92,
            "reinvestment_rate": -4.96,
            "research_to_sale_ratio": 0.79,
            "price_fair": 85.58,
            "eps_avg_yearly": 2.45,
            "eps_latest_yearly": 3.16,
            "eps_growth_yearly": 175.47
        },
        "20192": {
            "year_quarter": 20192,
            "year": 2019,
            "quarter": 2,
            "eps": 0.72,
            "eps_growth_year": -23.4,
            "eps_4q": 3.27,
            "eps_4q_growth_year": 14.37,
            "roe": 4.13,
            "roe_4q": 18.75,
            "gross_profit": 66895,
            "gross_margin": 23.91,
            "gross_margin_4q_avg": 26.34,
            "net_income": 33396,
            "net_income_4q": null,
            "revenue": 279807,
            "revenue_4q": null,
            "common_shares": 423250,
            "book_valuer_per_share": 17.63,
            "book_valuer_per_share_4q_avg": 18.13,
            "equity": 781115,
            "current_ratio": 248.92,
            "debt_ratio": 46.14,
            "inventory_turnover_ratio": 0.45,
            "account_receivable_turnover_ratio": 1.02,
            "reinvestment_rate": -4.88,
            "research_to_sale_ratio": 0.81,
            "price_fair": 88.55,
            "eps_avg_yearly": 2.53,
            "eps_latest_yearly": 2.88,
            "eps_growth_yearly": 92.7
        },
        "20193": {
            "year_quarter": 20193,
            "year": 2019,
            "quarter": 3,
            "eps": 0.61,
            "eps_growth_year": -43.52,
            "eps_4q": 2.79,
            "eps_4q_growth_year": -16.9,
            "roe": 3.59,
            "roe_4q": 15.86,
            "gross_profit": 64976,
            "gross_margin": 21.14,
            "gross_margin_4q_avg": 23.94,
            "net_income": 28428,
            "net_income_4q": null,
            "revenue": 307410,
            "revenue_4q": null,
            "common_shares": 423250,
            "book_valuer_per_share": 18.18,
            "book_valuer_per_share_4q_avg": 18.28,
            "equity": 804221,
            "current_ratio": 312.18,
            "debt_ratio": 39.85,
            "inventory_turnover_ratio": 0.56,
            "account_receivable_turnover_ratio": 1.33,
            "reinvestment_rate": -4.3,
            "research_to_sale_ratio": 0.7,
            "price_fair": 90.65,
            "eps_avg_yearly": 2.59,
            "eps_latest_yearly": 2.44,
            "eps_growth_yearly": 89.54
        },
        "20194": {
            "year_quarter": 20194,
            "year": 2019,
            "quarter": 4,
            "eps": 0.34,
            "eps_growth_year": -49.3,
            "eps_4q": 2.46,
            "eps_4q_growth_year": -26.46,
            "roe": 2.06,
            "roe_4q": 14.240000000000002,
            "gross_profit": 58301,
            "gross_margin": 18.02,
            "gross_margin_4q_avg": 21.92,
            "net_income": 16761,
            "net_income_4q": null,
            "revenue": 323607,
            "revenue_4q": null,
            "common_shares": 423250,
            "book_valuer_per_share": 18.5,
            "book_valuer_per_share_4q_avg": 18.34,
            "equity": 820270,
            "current_ratio": 249.03,
            "debt_ratio": 43.84,
            "inventory_turnover_ratio": 0.65,
            "account_receivable_turnover_ratio": 1.33,
            "reinvestment_rate": 2.51,
            "research_to_sale_ratio": 0.74,
            "price_fair": 86.63,
            "eps_avg_yearly": 2.48,
            "eps_latest_yearly": 1.36,
            "eps_growth_yearly": 49.42
        },
        "20201": {
            "year_quarter": 20201,
            "year": 2020,
            "quarter": 1,
            "eps": 0.36,
            "eps_growth_year": -54.43,
            "eps_4q": 2.03,
            "eps_4q_growth_year": -41.74,
            "roe": 2.2,
            "roe_4q": 11.98,
            "gross_profit": 49719,
            "gross_margin": 18.34,
            "gross_margin_4q_avg": 20.35,
            "net_income": 18238,
            "net_income_4q": null,
            "revenue": 271133,
            "revenue_4q": null,
            "common_shares": 423250,
            "book_valuer_per_share": 18.84,
            "book_valuer_per_share_4q_avg": 18.29,
            "equity": 837595,
            "current_ratio": 233.78,
            "debt_ratio": 44.71,
            "inventory_turnover_ratio": 0.54,
            "account_receivable_turnover_ratio": 0.89,
            "reinvestment_rate": 3.5,
            "research_to_sale_ratio": 0.64,
            "price_fair": 87.68,
            "eps_avg_yearly": 2.51,
            "eps_latest_yearly": 1.44,
            "eps_growth_yearly": 68.39
        },
        "20202": {
            "year_quarter": 20202,
            "year": 2020,
            "quarter": 2,
            "eps": 0.4,
            "eps_growth_year": -44.44,
            "eps_4q": 1.7,
            "eps_4q_growth_year": -47.84,
            "roe": 2.31,
            "roe_4q": 10.16,
            "gross_profit": 55115,
            "gross_margin": 20.81,
            "gross_margin_4q_avg": 19.58,
            "net_income": 18817,
            "net_income_4q": null,
            "revenue": 264791,
            "revenue_4q": null,
            "common_shares": 423250,
            "book_valuer_per_share": 17.72,
            "book_valuer_per_share_4q_avg": 18.31,
            "equity": 792192,
            "current_ratio": 220.54,
            "debt_ratio": 45.52,
            "inventory_turnover_ratio": 0.51,
            "account_receivable_turnover_ratio": 0.88,
            "reinvestment_rate": 4.81,
            "research_to_sale_ratio": 1.18,
            "price_fair": 89.69,
            "eps_avg_yearly": 2.56,
            "eps_latest_yearly": 1.6,
            "eps_growth_yearly": 78.46
        },
        "20203": {
            "year_quarter": 20203,
            "year": 2020,
            "quarter": 3,
            "eps": 0.37,
            "eps_growth_year": -39.34,
            "eps_4q": 1.47,
            "eps_4q_growth_year": -47.5,
            "roe": 2.39,
            "roe_4q": 8.96,
            "gross_profit": 53782,
            "gross_margin": 18.83,
            "gross_margin_4q_avg": 19,
            "net_income": 19098,
            "net_income_4q": null,
            "revenue": 285585,
            "revenue_4q": null,
            "common_shares": 423250,
            "book_valuer_per_share": 18.11,
            "book_valuer_per_share_4q_avg": 18.29,
            "equity": 807569,
            "current_ratio": 226.98,
            "debt_ratio": 43.79,
            "inventory_turnover_ratio": 0.57,
            "account_receivable_turnover_ratio": 1.04,
            "reinvestment_rate": 5.46,
            "research_to_sale_ratio": 1.07,
            "price_fair": 88.55,
            "eps_avg_yearly": 2.53,
            "eps_latest_yearly": 1.48,
            "eps_growth_yearly": 28.06
        },
        "20204": {
            "year_quarter": 20204,
            "year": 2020,
            "quarter": 4,
            "eps": 0.37,
            "eps_growth_year": 8.89,
            "eps_4q": 1.5,
            "eps_4q_growth_year": -39.17,
            "roe": 1.92,
            "roe_4q": 8.82,
            "gross_profit": 50597,
            "gross_margin": 23.95,
            "gross_margin_4q_avg": 20.48,
            "net_income": 15723,
            "net_income_4q": null,
            "revenue": 211269,
            "revenue_4q": null,
            "common_shares": 423250,
            "book_valuer_per_share": 18.56,
            "book_valuer_per_share_4q_avg": 18.31,
            "equity": 826330,
            "current_ratio": 247.54,
            "debt_ratio": 40.61,
            "inventory_turnover_ratio": 0.4,
            "account_receivable_turnover_ratio": 0.79,
            "reinvestment_rate": 4.61,
            "research_to_sale_ratio": 1.28,
            "price_fair": 7.03,
            "eps_avg_yearly": 2.34,
            "eps_latest_yearly": 1.48,
            "eps_growth_yearly": -2.94
        },
        "20211": {
            "year_quarter": 20211,
            "year": 2021,
            "quarter": 1,
            "eps": 0.4,
            "eps_growth_year": 11.11,
            "eps_4q": 1.54,
            "eps_4q_growth_year": -23.83,
            "roe": 2.35,
            "roe_4q": 8.97,
            "gross_profit": 53598,
            "gross_margin": 20.78,
            "gross_margin_4q_avg": 21.09,
            "net_income": 19623,
            "net_income_4q": null,
            "revenue": 257934,
            "revenue_4q": null,
            "common_shares": 423250,
            "book_valuer_per_share": 18.95,
            "book_valuer_per_share_4q_avg": 18.34,
            "equity": 845376,
            "current_ratio": 194.62,
            "debt_ratio": 44.68,
            "inventory_turnover_ratio": 0.48,
            "account_receivable_turnover_ratio": 1.08,
            "reinvestment_rate": 0.99,
            "research_to_sale_ratio": 1.08,
            "price_fair": 63.05,
            "eps_avg_yearly": 2.36,
            "eps_latest_yearly": 1.6,
            "eps_growth_yearly": 16.72
        },
        "20212": {
            "year_quarter": 20212,
            "year": 2021,
            "quarter": 2,
            "eps": 0.96,
            "eps_growth_year": 140,
            "eps_4q": 2.1,
            "eps_4q_growth_year": 23.36,
            "roe": 5.08,
            "roe_4q": 11.74,
            "gross_profit": 95118,
            "gross_margin": 23.97,
            "gross_margin_4q_avg": 21.88,
            "net_income": 44002,
            "net_income_4q": null,
            "revenue": 396880,
            "revenue_4q": null,
            "common_shares": 423250,
            "book_valuer_per_share": 19.89,
            "book_valuer_per_share_4q_avg": 18.88,
            "equity": 886628,
            "current_ratio": 232.73,
            "debt_ratio": 41.01,
            "inventory_turnover_ratio": 0.66,
            "account_receivable_turnover_ratio": 1.41,
            "reinvestment_rate": 1.01,
            "research_to_sale_ratio": 0.74,
            "price_fair": 86.89,
            "eps_avg_yearly": 2.48,
            "eps_latest_yearly": 3.84,
            "eps_growth_yearly": 41.11
        },
        "20213": {
            "year_quarter": 20213,
            "year": 2021,
            "quarter": 3,
            "eps": 1.51,
            "eps_growth_year": 308.11,
            "eps_4q": 3.24,
            "eps_4q_growth_year": 120.85,
            "roe": 7.43,
            "roe_4q": 16.78,
            "gross_profit": 136643,
            "gross_margin": 26.31,
            "gross_margin_4q_avg": 23.75,
            "net_income": 66779,
            "net_income_4q": null,
            "revenue": 519339,
            "revenue_4q": null,
            "common_shares": 423250,
            "book_valuer_per_share": 20.4,
            "book_valuer_per_share_4q_avg": 19.45,
            "equity": 911101,
            "current_ratio": 214.09,
            "debt_ratio": 47.02,
            "inventory_turnover_ratio": 0.82,
            "account_receivable_turnover_ratio": 1.25,
            "reinvestment_rate": 0.44,
            "research_to_sale_ratio": 1.1,
            "price_fair": 95.11,
            "eps_avg_yearly": 2.72,
            "eps_latest_yearly": 6.04,
            "eps_growth_yearly": 50.12
        },
        "20214": {
            "year_quarter": 20214,
            "year": 2021,
            "quarter": 4,
            "eps": 1.4,
            "eps_growth_year": 276.73,
            "eps_4q": 4.27,
            "eps_4q_growth_year": 185.19,
            "roe": 6.95,
            "roe_4q": 21.810000000000002,
            "gross_profit": 147822,
            "gross_margin": 28.54,
            "gross_margin_4q_avg": 24.9,
            "net_income": 65558,
            "net_income_4q": null,
            "revenue": 518006,
            "revenue_4q": null,
            "common_shares": 423250,
            "book_valuer_per_share": 21.75,
            "book_valuer_per_share_4q_avg": 20.25,
            "equity": 974208,
            "current_ratio": 223.78,
            "debt_ratio": 44.79,
            "inventory_turnover_ratio": 0.77,
            "account_receivable_turnover_ratio": 1.19,
            "reinvestment_rate": -0.16,
            "research_to_sale_ratio": 0.94,
            "price_fair": 101.33,
            "eps_avg_yearly": 2.9,
            "eps_latest_yearly": 5.6,
            "eps_growth_yearly": 43.03
        },
        "20221": {
            "year_quarter": 20221,
            "year": 2022,
            "quarter": 1,
            "eps": 1.34,
            "eps_growth_year": 235,
            "eps_4q": 5.21,
            "eps_4q_growth_year": 237.7,
            "roe": 6.22,
            "roe_4q": 25.68,
            "gross_profit": 112191,
            "gross_margin": 26.35,
            "gross_margin_4q_avg": 26.29,
            "net_income": 62643,
            "net_income_4q": null,
            "revenue": 425844,
            "revenue_4q": null,
            "common_shares": 423250,
            "book_valuer_per_share": 23.15,
            "book_valuer_per_share_4q_avg": 21.3,
            "equity": 1039339,
            "current_ratio": 248.34,
            "debt_ratio": 40.82,
            "inventory_turnover_ratio": 0.64,
            "account_receivable_turnover_ratio": 1.08,
            "reinvestment_rate": 1.28,
            "research_to_sale_ratio": 0.94,
            "price_fair": 107.28,
            "eps_avg_yearly": 3.07,
            "eps_latest_yearly": 5.36,
            "eps_growth_yearly": 43.05
        },
        "20222": {
            "year_quarter": 20222,
            "year": 2022,
            "quarter": 2,
            "eps": 1.68,
            "eps_growth_year": 75,
            "eps_4q": 5.94,
            "eps_4q_growth_year": 182.77,
            "roe": 7.62,
            "roe_4q": 28.22,
            "gross_profit": 131669,
            "gross_margin": 30.26,
            "gross_margin_4q_avg": 27.87,
            "net_income": 76969,
            "net_income_4q": null,
            "revenue": 435118,
            "revenue_4q": null,
            "common_shares": 423250,
            "book_valuer_per_share": 21.81,
            "book_valuer_per_share_4q_avg": 21.78,
            "equity": 981390,
            "current_ratio": 220.5,
            "debt_ratio": 43.53,
            "inventory_turnover_ratio": 0.6,
            "account_receivable_turnover_ratio": 1.02,
            "reinvestment_rate": 1.05,
            "research_to_sale_ratio": 0.98,
            "price_fair": 113.75,
            "eps_avg_yearly": 3.25,
            "eps_latest_yearly": 6.72,
            "eps_growth_yearly": 38.78
        },
        "20223": {
            "year_quarter": 20223,
            "year": 2022,
            "quarter": 3,
            "eps": 2.26,
            "eps_growth_year": 49.67,
            "eps_4q": 6.69,
            "eps_4q_growth_year": 106.54,
            "roe": 9.73,
            "roe_4q": 30.52,
            "gross_profit": 163341,
            "gross_margin": 31.31,
            "gross_margin_4q_avg": 29.12,
            "net_income": 100433,
            "net_income_4q": null,
            "revenue": 521693,
            "revenue_4q": null,
            "common_shares": 423250,
            "book_valuer_per_share": 24.09,
            "book_valuer_per_share_4q_avg": 22.7,
            "equity": 1082312,
            "current_ratio": 257,
            "debt_ratio": 39.64,
            "inventory_turnover_ratio": 0.71,
            "account_receivable_turnover_ratio": 1.17,
            "reinvestment_rate": 3.78,
            "research_to_sale_ratio": 0.82,
            "price_fair": 124.08,
            "eps_avg_yearly": 3.55,
            "eps_latest_yearly": 9.04,
            "eps_growth_yearly": 43.69
        },
        "20224": {
            "year_quarter": 20224,
            "year": 2022,
            "quarter": 4,
            "eps": 1.05,
            "eps_growth_year": -25.04,
            "eps_4q": 6.34,
            "eps_4q_growth_year": 48.46,
            "roe": 4.17,
            "roe_4q": 27.74,
            "gross_profit": 99375,
            "gross_margin": 27.45,
            "gross_margin_4q_avg": 28.84,
            "net_income": 46176,
            "net_income_4q": null,
            "revenue": 362062,
            "revenue_4q": null,
            "common_shares": 423250,
            "book_valuer_per_share": 25.26,
            "book_valuer_per_share_4q_avg": 23.58,
            "equity": 1133422,
            "current_ratio": 311.51,
            "debt_ratio": 36.08,
            "inventory_turnover_ratio": 0.53,
            "account_receivable_turnover_ratio": 0.84,
            "reinvestment_rate": 1.87,
            "research_to_sale_ratio": 1.26,
            "price_fair": 127.4,
            "eps_avg_yearly": 3.64,
            "eps_latest_yearly": 4.2,
            "eps_growth_yearly": 39.8
        },
        "20231": {
            "year_quarter": 20231,
            "year": 2023,
            "quarter": 1,
            "eps": 0.54,
            "eps_growth_year": -59.7,
            "eps_4q": 5.54,
            "eps_4q_growth_year": 6.35,
            "roe": 2.32,
            "roe_4q": 23.84,
            "gross_profit": 66850,
            "gross_margin": 20.82,
            "gross_margin_4q_avg": 27.46,
            "net_income": 26625,
            "net_income_4q": null,
            "revenue": 321127,
            "revenue_4q": null,
            "common_shares": 423250,
            "book_valuer_per_share": 25.81,
            "book_valuer_per_share_4q_avg": 24.24,
            "equity": 1160513,
            "current_ratio": 318.22,
            "debt_ratio": 34.62,
            "inventory_turnover_ratio": 0.51,
            "account_receivable_turnover_ratio": 0.88,
            "reinvestment_rate": 2.01,
            "research_to_sale_ratio": 1.18,
            "price_fair": 118.69,
            "eps_avg_yearly": 3.58,
            "eps_latest_yearly": 2.16,
            "eps_growth_yearly": 23.18
        },
        "20232": {
            "year_quarter": 20232,
            "year": 2023,
            "quarter": 2,
            "eps": 0.2,
            "eps_growth_year": -88.1,
            "eps_4q": 4.06,
            "eps_4q_growth_year": -31.65,
            "roe": 0.87,
            "roe_4q": 17.09,
            "gross_profit": 49653,
            "gross_margin": 16.18,
            "gross_margin_4q_avg": 23.94,
            "net_income": 9373,
            "net_income_4q": null,
            "revenue": 306919,
            "revenue_4q": null,
            "common_shares": 423250,
            "book_valuer_per_share": 21.95,
            "book_valuer_per_share_4q_avg": 24.28,
            "equity": 983116,
            "current_ratio": 217.37,
            "debt_ratio": 43.85,
            "inventory_turnover_ratio": 0.49,
            "account_receivable_turnover_ratio": 1.07,
            "reinvestment_rate": 3.35,
            "research_to_sale_ratio": 1.28,
            "price_fair": 67.75,
            "eps_avg_yearly": 3.45,
            "eps_latest_yearly": 0.8,
            "eps_growth_yearly": 9.65
        },
        "20233": {
            "year_quarter": 20233,
            "year": 2023,
            "quarter": 3,
            "eps": 0.94,
            "eps_growth_year": -58.41,
            "eps_4q": 2.74,
            "eps_4q_growth_year": -59.11,
            "roe": 4.44,
            "roe_4q": 11.8,
            "gross_profit": 85006,
            "gross_margin": 19.69,
            "gross_margin_4q_avg": 21.04,
            "net_income": 44624,
            "net_income_4q": null,
            "revenue": 431789,
            "revenue_4q": null,
            "common_shares": 423250,
            "book_valuer_per_share": 22.94,
            "book_valuer_per_share_4q_avg": 23.99,
            "equity": 1026172,
            "current_ratio": 240.12,
            "debt_ratio": 40.29,
            "inventory_turnover_ratio": 0.65,
            "account_receivable_turnover_ratio": 1.59,
            "reinvestment_rate": 3.79,
            "research_to_sale_ratio": 1.02,
            "price_fair": 123.55,
            "eps_avg_yearly": 3.53,
            "eps_latest_yearly": 3.76,
            "eps_growth_yearly": 105.97
        }
    },
    "months": {
        "2005-05": {
            "month": "2005-05",
            "price": "21.19",
            "revenue": 59296
        },
        "2005-06": {
            "month": "2005-06",
            "price": "20.00",
            "revenue": 46519
        },
        "2005-07": {
            "month": "2005-07",
            "price": "20.07",
            "revenue": 45249
        },
        "2005-08": {
            "month": "2005-08",
            "price": "19.04",
            "revenue": 63015
        },
        "2005-09": {
            "month": "2005-09",
            "price": "17.74",
            "revenue": 60332
        },
        "2005-10": {
            "month": "2005-10",
            "price": "16.64",
            "revenue": 60936
        },
        "2005-12": {
            "month": "2005-12",
            "price": "15.82",
            "revenue": 51810
        },
        "2006-01": {
            "month": "2006-01",
            "price": "15.27",
            "revenue": 72919
        },
        "2006-02": {
            "month": "2006-02",
            "price": "15.18",
            "revenue": 48342
        },
        "2006-03": {
            "month": "2006-03",
            "price": "15.27",
            "revenue": 61895
        },
        "2006-04": {
            "month": "2006-04",
            "price": "15.62",
            "revenue": 65636
        },
        "2006-05": {
            "month": "2006-05",
            "price": "17.33",
            "revenue": 70176
        },
        "2006-06": {
            "month": "2006-06",
            "price": "17.49",
            "revenue": 76138
        },
        "2006-07": {
            "month": "2006-07",
            "price": "17.65",
            "revenue": 52058
        },
        "2006-08": {
            "month": "2006-08",
            "price": "17.70",
            "revenue": 72474
        },
        "2006-09": {
            "month": "2006-09",
            "price": "18.23",
            "revenue": 55727
        },
        "2006-10": {
            "month": "2006-10",
            "price": "18.53",
            "revenue": 60062
        },
        "2006-11": {
            "month": "2006-11",
            "price": "18.87",
            "revenue": 56957
        },
        "2006-12": {
            "month": "2006-12",
            "price": "23.55",
            "revenue": 59400
        },
        "2007-01": {
            "month": "2007-01",
            "price": "27.46",
            "revenue": 111812
        },
        "2007-02": {
            "month": "2007-02",
            "price": "27.57",
            "revenue": 73796
        },
        "2007-03": {
            "month": "2007-03",
            "price": "31.43",
            "revenue": 68324
        },
        "2007-04": {
            "month": "2007-04",
            "price": "31.59",
            "revenue": 80013
        },
        "2007-05": {
            "month": "2007-05",
            "price": "34.02",
            "revenue": 75391
        },
        "2007-06": {
            "month": "2007-06",
            "price": "46.34",
            "revenue": 57100
        },
        "2007-07": {
            "month": "2007-07",
            "price": "52.72",
            "revenue": 76685
        },
        "2007-08": {
            "month": "2007-08",
            "price": "41.75",
            "revenue": 81169
        },
        "2007-09": {
            "month": "2007-09",
            "price": "39.31",
            "revenue": 49671
        },
        "2007-10": {
            "month": "2007-10",
            "price": "34.64",
            "revenue": 72402
        },
        "2007-11": {
            "month": "2007-11",
            "price": "30.48",
            "revenue": 49129
        },
        "2007-12": {
            "month": "2007-12",
            "price": "26.89",
            "revenue": 55370
        },
        "2008-01": {
            "month": "2008-01",
            "price": "25.19",
            "revenue": 52928
        },
        "2008-02": {
            "month": "2008-02",
            "price": "24.16",
            "revenue": 62863
        },
        "2008-03": {
            "month": "2008-03",
            "price": "25.15",
            "revenue": 57101
        },
        "2008-04": {
            "month": "2008-04",
            "price": "25.14",
            "revenue": 73227
        },
        "2008-05": {
            "month": "2008-05",
            "price": "24.56",
            "revenue": 54925
        },
        "2008-06": {
            "month": "2008-06",
            "price": "21.37",
            "revenue": 47221
        },
        "2008-07": {
            "month": "2008-07",
            "price": "17.21",
            "revenue": 48521
        },
        "2008-08": {
            "month": "2008-08",
            "price": "16.22",
            "revenue": 47091
        },
        "2008-09": {
            "month": "2008-09",
            "price": "12.88",
            "revenue": 50267
        },
        "2008-10": {
            "month": "2008-10",
            "price": "10.15",
            "revenue": 76297
        },
        "2008-11": {
            "month": "2008-11",
            "price": "9.80",
            "revenue": 54599
        },
        "2008-12": {
            "month": "2008-12",
            "price": "9.00",
            "revenue": 32360
        },
        "2009-01": {
            "month": "2009-01",
            "price": "8.83",
            "revenue": 38730
        },
        "2009-02": {
            "month": "2009-02",
            "price": "8.51",
            "revenue": 33977
        },
        "2009-03": {
            "month": "2009-03",
            "price": "7.86",
            "revenue": 26857
        },
        "2009-04": {
            "month": "2009-04",
            "price": "10.04",
            "revenue": 41608
        },
        "2009-05": {
            "month": "2009-05",
            "price": "9.72",
            "revenue": 26675
        },
        "2009-06": {
            "month": "2009-06",
            "price": "9.62",
            "revenue": 23302
        },
        "2009-07": {
            "month": "2009-07",
            "price": "9.55",
            "revenue": 28472
        },
        "2009-08": {
            "month": "2009-08",
            "price": "10.72",
            "revenue": 30062
        },
        "2009-09": {
            "month": "2009-09",
            "price": "11.08",
            "revenue": 24849
        },
        "2009-10": {
            "month": "2009-10",
            "price": "12.09",
            "revenue": 35304
        },
        "2009-11": {
            "month": "2009-11",
            "price": "11.63",
            "revenue": 26216
        },
        "2009-12": {
            "month": "2009-12",
            "price": "11.92",
            "revenue": 31228
        },
        "2010-01": {
            "month": "2010-01",
            "price": "13.43",
            "revenue": 34190
        },
        "2010-02": {
            "month": "2010-02",
            "price": "12.50",
            "revenue": 30908
        },
        "2010-03": {
            "month": "2010-03",
            "price": "13.65",
            "revenue": 46368
        },
        "2010-04": {
            "month": "2010-04",
            "price": "15.91",
            "revenue": 38867
        },
        "2010-05": {
            "month": "2010-05",
            "price": "14.50",
            "revenue": 58767
        },
        "2010-06": {
            "month": "2010-06",
            "price": "13.87",
            "revenue": 60518
        },
        "2010-07": {
            "month": "2010-07",
            "price": "13.91",
            "revenue": 63562
        },
        "2010-08": {
            "month": "2010-08",
            "price": "15.43",
            "revenue": 64847
        },
        "2010-09": {
            "month": "2010-09",
            "price": "15.16",
            "revenue": 70286
        },
        "2010-10": {
            "month": "2010-10",
            "price": "14.84",
            "revenue": 66426
        },
        "2010-11": {
            "month": "2010-11",
            "price": "14.91",
            "revenue": 56901
        },
        "2010-12": {
            "month": "2010-12",
            "price": "16.14",
            "revenue": 57074
        },
        "2011-01": {
            "month": "2011-01",
            "price": "15.69",
            "revenue": 77504
        },
        "2011-02": {
            "month": "2011-02",
            "price": "15.86",
            "revenue": 54779
        },
        "2011-03": {
            "month": "2011-03",
            "price": "15.49",
            "revenue": 75488
        },
        "2011-04": {
            "month": "2011-04",
            "price": "16.16",
            "revenue": 61756
        },
        "2011-05": {
            "month": "2011-05",
            "price": "20.62",
            "revenue": 70102
        },
        "2011-06": {
            "month": "2011-06",
            "price": "22.99",
            "revenue": 59922
        },
        "2011-07": {
            "month": "2011-07",
            "price": "22.27",
            "revenue": 68216
        },
        "2011-08": {
            "month": "2011-08",
            "price": "30.72",
            "revenue": 42737
        },
        "2011-09": {
            "month": "2011-09",
            "price": "23.97",
            "revenue": 68126
        },
        "2011-10": {
            "month": "2011-10",
            "price": "21.85",
            "revenue": 58794
        },
        "2011-11": {
            "month": "2011-11",
            "price": "20.98",
            "revenue": 63995
        },
        "2011-12": {
            "month": "2011-12",
            "price": "17.55",
            "revenue": 41537
        },
        "2012-01": {
            "month": "2012-01",
            "price": "17.51",
            "revenue": 52539
        },
        "2012-02": {
            "month": "2012-02",
            "price": "22.16",
            "revenue": 55885
        },
        "2012-03": {
            "month": "2012-03",
            "price": "23.91",
            "revenue": 58642
        },
        "2012-04": {
            "month": "2012-04",
            "price": "21.68",
            "revenue": 53797
        },
        "2012-05": {
            "month": "2012-05",
            "price": "20.16",
            "revenue": 48853
        },
        "2012-06": {
            "month": "2012-06",
            "price": "17.74",
            "revenue": 87459
        },
        "2012-07": {
            "month": "2012-07",
            "price": "18.46",
            "revenue": 60673
        },
        "2012-08": {
            "month": "2012-08",
            "price": "18.78",
            "revenue": 54334
        },
        "2012-09": {
            "month": "2012-09",
            "price": "18.68",
            "revenue": 47535
        },
        "2012-10": {
            "month": "2012-10",
            "price": "16.59",
            "revenue": 58866
        },
        "2012-11": {
            "month": "2012-11",
            "price": "14.90",
            "revenue": 36312
        },
        "2012-12": {
            "month": "2012-12",
            "price": "14.18",
            "revenue": 37211
        },
        "2013-01": {
            "month": "2013-01",
            "price": "15.91",
            "revenue": 56800
        },
        "2013-02": {
            "month": "2013-02",
            "price": "15.99",
            "revenue": 49930
        },
        "2013-03": {
            "month": "2013-03",
            "price": "15.86",
            "revenue": 67087
        },
        "2013-04": {
            "month": "2013-04",
            "price": "15.24",
            "revenue": 94083
        },
        "2013-05": {
            "month": "2013-05",
            "price": "15.37",
            "revenue": 69293
        },
        "2013-06": {
            "month": "2013-06",
            "price": "14.55",
            "revenue": 41634
        },
        "2013-07": {
            "month": "2013-07",
            "price": "14.15",
            "revenue": 53615
        },
        "2013-08": {
            "month": "2013-08",
            "price": "14.31",
            "revenue": 46747
        },
        "2013-09": {
            "month": "2013-09",
            "price": "14.94",
            "revenue": 32681
        },
        "2013-10": {
            "month": "2013-10",
            "price": "14.78",
            "revenue": 36566
        },
        "2013-11": {
            "month": "2013-11",
            "price": "13.40",
            "revenue": 35638
        },
        "2013-12": {
            "month": "2013-12",
            "price": "13.53",
            "revenue": 18552
        },
        "2014-01": {
            "month": "2014-01",
            "price": "13.96",
            "revenue": 42831
        },
        "2014-02": {
            "month": "2014-02",
            "price": "13.92",
            "revenue": 59117
        },
        "2014-03": {
            "month": "2014-03",
            "price": "14.46",
            "revenue": 39905
        },
        "2014-04": {
            "month": "2014-04",
            "price": "14.04",
            "revenue": 45303
        },
        "2014-05": {
            "month": "2014-05",
            "price": "13.53",
            "revenue": 68338
        },
        "2014-06": {
            "month": "2014-06",
            "price": "13.65",
            "revenue": 75702
        },
        "2014-07": {
            "month": "2014-07",
            "price": "14.19",
            "revenue": 61045
        },
        "2014-08": {
            "month": "2014-08",
            "price": "22.95",
            "revenue": 61424
        },
        "2014-09": {
            "month": "2014-09",
            "price": "22.03",
            "revenue": 51845
        },
        "2014-10": {
            "month": "2014-10",
            "price": "18.68",
            "revenue": 68673
        },
        "2014-11": {
            "month": "2014-11",
            "price": "17.65",
            "revenue": 79892
        },
        "2014-12": {
            "month": "2014-12",
            "price": "18.93",
            "revenue": 67738
        },
        "2015-01": {
            "month": "2015-01",
            "price": "18.16",
            "revenue": 60651
        },
        "2015-02": {
            "month": "2015-02",
            "price": "17.02",
            "revenue": 51916
        },
        "2015-03": {
            "month": "2015-03",
            "price": "16.97",
            "revenue": 53401
        },
        "2015-04": {
            "month": "2015-04",
            "price": "18.14",
            "revenue": 89878
        },
        "2015-05": {
            "month": "2015-05",
            "price": "20.84",
            "revenue": 57620
        },
        "2015-06": {
            "month": "2015-06",
            "price": "17.73",
            "revenue": 51944
        },
        "2015-07": {
            "month": "2015-07",
            "price": "16.98",
            "revenue": 42120
        },
        "2015-08": {
            "month": "2015-08",
            "price": "14.87",
            "revenue": 66935
        },
        "2015-09": {
            "month": "2015-09",
            "price": "16.49",
            "revenue": 84864
        },
        "2015-10": {
            "month": "2015-10",
            "price": "18.61",
            "revenue": 145270
        },
        "2015-11": {
            "month": "2015-11",
            "price": "19.61",
            "revenue": 88075
        },
        "2015-12": {
            "month": "2015-12",
            "price": "17.98",
            "revenue": 57860
        },
        "2016-01": {
            "month": "2016-01",
            "price": "16.00",
            "revenue": 76760
        },
        "2016-02": {
            "month": "2016-02",
            "price": "17.42",
            "revenue": 44013
        },
        "2016-03": {
            "month": "2016-03",
            "price": "17.93",
            "revenue": 61809
        },
        "2016-04": {
            "month": "2016-04",
            "price": "18.10",
            "revenue": 57121
        },
        "2016-05": {
            "month": "2016-05",
            "price": "16.94",
            "revenue": 60522
        },
        "2016-06": {
            "month": "2016-06",
            "price": "16.70",
            "revenue": 64527
        },
        "2016-07": {
            "month": "2016-07",
            "price": "17.32",
            "revenue": 51492
        },
        "2016-08": {
            "month": "2016-08",
            "price": "17.85",
            "revenue": 88306
        },
        "2016-09": {
            "month": "2016-09",
            "price": "17.04",
            "revenue": 80049
        },
        "2016-10": {
            "month": "2016-10",
            "price": "17.03",
            "revenue": 91202
        },
        "2016-11": {
            "month": "2016-11",
            "price": "17.25",
            "revenue": 130325
        },
        "2016-12": {
            "month": "2016-12",
            "price": "19.74",
            "revenue": 101488
        },
        "2017-01": {
            "month": "2017-01",
            "price": "20.78",
            "revenue": 90039
        },
        "2017-02": {
            "month": "2017-02",
            "price": "22.05",
            "revenue": 75158
        },
        "2017-03": {
            "month": "2017-03",
            "price": "25.80",
            "revenue": 76485
        },
        "2017-04": {
            "month": "2017-04",
            "price": "25.69",
            "revenue": 71999
        },
        "2017-05": {
            "month": "2017-05",
            "price": "24.54",
            "revenue": 65550
        },
        "2017-06": {
            "month": "2017-06",
            "price": "23.56",
            "revenue": 61716
        },
        "2017-07": {
            "month": "2017-07",
            "price": "25.84",
            "revenue": 57740
        },
        "2017-08": {
            "month": "2017-08",
            "price": "25.62",
            "revenue": 76363
        },
        "2017-09": {
            "month": "2017-09",
            "price": "25.27",
            "revenue": 77597
        },
        "2017-10": {
            "month": "2017-10",
            "price": "29.50",
            "revenue": 83344
        },
        "2017-11": {
            "month": "2017-11",
            "price": "28.50",
            "revenue": 97959
        },
        "2017-12": {
            "month": "2017-12",
            "price": "27.26",
            "revenue": 103137
        },
        "2018-01": {
            "month": "2018-01",
            "price": "30.20",
            "revenue": 81739
        },
        "2018-02": {
            "month": "2018-02",
            "price": "28.61",
            "revenue": 93196
        },
        "2018-03": {
            "month": "2018-03",
            "price": "31.56",
            "revenue": 87712
        },
        "2018-04": {
            "month": "2018-04",
            "price": "30.24",
            "revenue": 84548
        },
        "2018-05": {
            "month": "2018-05",
            "price": "28.92",
            "revenue": 102527
        },
        "2018-06": {
            "month": "2018-06",
            "price": "33.78",
            "revenue": 88833
        },
        "2018-07": {
            "month": "2018-07",
            "price": "39.19",
            "revenue": 102936
        },
        "2018-08": {
            "month": "2018-08",
            "price": "35.43",
            "revenue": 108474
        },
        "2018-09": {
            "month": "2018-09",
            "price": "32.24",
            "revenue": 93584
        },
        "2018-10": {
            "month": "2018-10",
            "price": "30.68",
            "revenue": 96064
        },
        "2018-11": {
            "month": "2018-11",
            "price": "30.75",
            "revenue": 95426
        },
        "2018-12": {
            "month": "2018-12",
            "price": "30.59",
            "revenue": 89744
        },
        "2019-01": {
            "month": "2019-01",
            "price": "30.00",
            "revenue": 125916
        },
        "2019-02": {
            "month": "2019-02",
            "price": "32.70",
            "revenue": 87619
        },
        "2019-03": {
            "month": "2019-03",
            "price": "35.12",
            "revenue": 93232
        },
        "2019-04": {
            "month": "2019-04",
            "price": "35.21",
            "revenue": 86573
        },
        "2019-05": {
            "month": "2019-05",
            "price": "34.10",
            "revenue": 99927
        },
        "2019-06": {
            "month": "2019-06",
            "price": "33.51",
            "revenue": 93307
        },
        "2019-07": {
            "month": "2019-07",
            "price": "34.47",
            "revenue": 112151
        },
        "2019-08": {
            "month": "2019-08",
            "price": "33.85",
            "revenue": 116713
        },
        "2019-09": {
            "month": "2019-09",
            "price": "32.78",
            "revenue": 78546
        },
        "2019-10": {
            "month": "2019-10",
            "price": "31.61",
            "revenue": 92127
        },
        "2019-11": {
            "month": "2019-11",
            "price": "30.30",
            "revenue": 96020
        },
        "2019-12": {
            "month": "2019-12",
            "price": "30.19",
            "revenue": 135460
        },
        "2020-01": {
            "month": "2020-01",
            "price": "30.42",
            "revenue": 103590
        },
        "2020-02": {
            "month": "2020-02",
            "price": "29.47",
            "revenue": 67405
        },
        "2020-03": {
            "month": "2020-03",
            "price": "23.72",
            "revenue": 100214
        },
        "2020-04": {
            "month": "2020-04",
            "price": "22.52",
            "revenue": 102760
        },
        "2020-05": {
            "month": "2020-05",
            "price": "24.86",
            "revenue": 75306
        },
        "2020-06": {
            "month": "2020-06",
            "price": "26.05",
            "revenue": 86648
        },
        "2020-07": {
            "month": "2020-07",
            "price": "25.97",
            "revenue": 91457
        },
        "2020-08": {
            "month": "2020-08",
            "price": "24.15",
            "revenue": 102184
        },
        "2020-09": {
            "month": "2020-09",
            "price": "23.76",
            "revenue": 91944
        },
        "2020-10": {
            "month": "2020-10",
            "price": "23.49",
            "revenue": 92746
        },
        "2020-11": {
            "month": "2020-11",
            "price": "23.68",
            "revenue": 86909
        },
        "2020-12": {
            "month": "2020-12",
            "price": "25.10",
            "revenue": 31614
        },
        "2021-01": {
            "month": "2021-01",
            "price": "24.08",
            "revenue": 102727
        },
        "2021-02": {
            "month": "2021-02",
            "price": "23.75",
            "revenue": 56025
        },
        "2021-03": {
            "month": "2021-03",
            "price": "24.60",
            "revenue": 99182
        },
        "2021-04": {
            "month": "2021-04",
            "price": "26.30",
            "revenue": 124096
        },
        "2021-05": {
            "month": "2021-05",
            "price": "24.35",
            "revenue": 120105
        },
        "2021-06": {
            "month": "2021-06",
            "price": "25.69",
            "revenue": 152679
        },
        "2021-07": {
            "month": "2021-07",
            "price": "29.90",
            "revenue": 182651
        },
        "2021-08": {
            "month": "2021-08",
            "price": "37.63",
            "revenue": 186035
        },
        "2021-09": {
            "month": "2021-09",
            "price": "40.90",
            "revenue": 150653
        },
        "2021-10": {
            "month": "2021-10",
            "price": "34.56",
            "revenue": 222965
        },
        "2021-11": {
            "month": "2021-11",
            "price": "38.87",
            "revenue": 172451
        },
        "2021-12": {
            "month": "2021-12",
            "price": "41.10",
            "revenue": 155127
        },
        "2022-01": {
            "month": "2022-01",
            "price": "38.01",
            "revenue": 149907
        },
        "2022-02": {
            "month": "2022-02",
            "price": "36.68",
            "revenue": 108083
        },
        "2022-03": {
            "month": "2022-03",
            "price": "37.27",
            "revenue": 135318
        },
        "2022-04": {
            "month": "2022-04",
            "price": "40.84",
            "revenue": 141885
        },
        "2022-05": {
            "month": "2022-05",
            "price": "38.54",
            "revenue": 136665
        },
        "2022-06": {
            "month": "2022-06",
            "price": "36.87",
            "revenue": 156568
        },
        "2022-07": {
            "month": "2022-07",
            "price": "31.76",
            "revenue": 173807
        },
        "2022-08": {
            "month": "2022-08",
            "price": "36.63",
            "revenue": 188319
        },
        "2022-09": {
            "month": "2022-09",
            "price": "40.66",
            "revenue": 159566
        },
        "2022-10": {
            "month": "2022-10",
            "price": "37.00",
            "revenue": 160877
        },
        "2022-11": {
            "month": "2022-11",
            "price": "40.15",
            "revenue": 103124
        },
        "2022-12": {
            "month": "2022-12",
            "price": "39.20",
            "revenue": 98061
        },
        "2023-01": {
            "month": "2023-01",
            "price": "38.07",
            "revenue": 98335
        },
        "2023-02": {
            "month": "2023-02",
            "price": "38.98",
            "revenue": 106946
        },
        "2023-03": {
            "month": "2023-03",
            "price": "42.63",
            "revenue": 115846
        },
        "2023-04": {
            "month": "2023-04",
            "price": "43.53",
            "revenue": 90718
        },
        "2023-05": {
            "month": "2023-05",
            "price": "41.54",
            "revenue": 103677
        },
        "2023-06": {
            "month": "2023-06",
            "price": "41.82",
            "revenue": 112523
        },
        "2023-07": {
            "month": "2023-07",
            "price": "41.26",
            "revenue": 119216
        },
        "2023-08": {
            "month": "2023-08",
            "price": "34.62",
            "revenue": 149622
        },
        "2023-09": {
            "month": "2023-09",
            "price": "34.61",
            "revenue": 162961
        },
        "2023-10": {
            "month": "2023-10",
            "price": "34.16",
            "revenue": 147527
        },
        "2023-11": {
            "month": "2023-11",
            "price": "35.20",
            "revenue": 127943
        },
        "2023-12": {
            "month": "2023-12",
            "price": "36.33",
            "revenue": 143610
        }
    }
}
