{
    "summary": {
        "stock_name": "裕日車",
        "stock_id": "2227",
        "category": "汽車",
        "main_business": "汽車銷售與研發",
        "website_url": "http://www.nissan.com.tw",
        "ceo": "(代理)鐘文川",
        "pe_ratio": 43,
        "report_year_from": 2003,
        "report_year_to": 2023,
        "age": 21,
        "eps_negative_percentage": 0,
        "eps_growth_avg": {
            "last_all": -0.81,
            "last_2y": -45.6,
            "last_4y": -24.65,
            "last_8y": -12.91,
            "last_12y": -1.33,
            "last_16y": 1.59,
            "last_20y": null,
            "at_2006_last_3y": null,
            "at_2007_last_3y": null,
            "at_2008_last_3y": -31.79,
            "at_2009_last_3y": -24.55,
            "at_2010_last_3y": 11.08,
            "at_2011_last_3y": 24.05,
            "at_2012_last_3y": 47.66,
            "at_2013_last_3y": 52.37,
            "at_2014_last_3y": 24.72,
            "at_2015_last_3y": 7.5,
            "at_2016_last_3y": 3.08,
            "at_2017_last_3y": 1.96,
            "at_2018_last_3y": 1.76,
            "at_2019_last_3y": 16.72,
            "at_2020_last_3y": 11.42,
            "at_2021_last_3y": -12.89,
            "at_2022_last_3y": -15.15,
            "at_2023_last_3y": -36.73,
            "at_2024_last_3y": -36.73,
            "at_2006_last_all": -21.16,
            "at_2007_last_all": -20.49,
            "at_2008_last_all": -31.79,
            "at_2009_last_all": -19.6,
            "at_2010_last_all": 0.33,
            "at_2011_last_all": 4.96,
            "at_2012_last_all": 7.93,
            "at_2013_last_all": 12.39,
            "at_2014_last_all": 10.09,
            "at_2015_last_all": 5.88,
            "at_2016_last_all": 6.32,
            "at_2017_last_all": 9.18,
            "at_2018_last_all": 7.71,
            "at_2019_last_all": 8.77,
            "at_2020_last_all": 7.59,
            "at_2021_last_all": 3.99,
            "at_2022_last_all": 2.63,
            "at_2023_last_all": -0.81,
            "at_2024_last_all": -0.81
        },
        "latest_eps": 4.48,
        "latest_price": 190.5,
        "latest_roe": 7.23,
        "latest_gross_margin": 12.64,
        "latest_equity": 18199762,
        "latest_revenue": 6436491,
        "latest_gross_profit": 813613,
        "latest_net_income": 384019,
        "latest_debt_ratio": 24.01,
        "latest_current_ratio": 276.91,
        "latest_account_receivable_turnover_ratio": 9.52,
        "latest_inventory_turnover_ratio": 56228.78,
        "latest_reinvestment_rate": 11.16,
        "latest_research_to_sale_ratio": 1.93
    },
    "eps_dividends": {
        "2001": {
            "cash": 0,
            "stock": 0,
            "eps": 0
        },
        "2002": {
            "cash": 0,
            "stock": 0,
            "eps": 0
        },
        "2003": {
            "cash": 0,
            "stock": 0,
            "eps": 0
        },
        "2004": {
            "cash": 0,
            "stock": 0,
            "eps": 10.52
        },
        "2005": {
            "cash": 6.3,
            "stock": 0,
            "eps": 10.54
        },
        "2006": {
            "cash": 7.3,
            "stock": 0,
            "eps": 6.06
        },
        "2007": {
            "cash": 3.1,
            "stock": 0,
            "eps": 4.9
        },
        "2008": {
            "cash": 1.7,
            "stock": 0,
            "eps": 1.68
        },
        "2009": {
            "cash": 0,
            "stock": 0,
            "eps": 2.17
        },
        "2010": {
            "cash": 0,
            "stock": 0,
            "eps": 9.62
        },
        "2011": {
            "cash": 15.799999999999999,
            "stock": 0,
            "eps": 12.77
        },
        "2012": {
            "cash": 0,
            "stock": 0,
            "eps": 16.44
        },
        "2013": {
            "cash": 13.3,
            "stock": 0,
            "eps": 24.33
        },
        "2014": {
            "cash": 19.47,
            "stock": 0,
            "eps": 21.75
        },
        "2015": {
            "cash": 30,
            "stock": 0,
            "eps": 13.89
        },
        "2016": {
            "cash": 12.5,
            "stock": 0,
            "eps": 15.43
        },
        "2017": {
            "cash": 22,
            "stock": 0,
            "eps": 22.14
        },
        "2018": {
            "cash": 21,
            "stock": 0,
            "eps": 19.62
        },
        "2019": {
            "cash": 17.67,
            "stock": 0,
            "eps": 24.27
        },
        "2020": {
            "cash": 21.27,
            "stock": 0,
            "eps": 21.81
        },
        "2021": {
            "cash": 18.53,
            "stock": 0,
            "eps": 10.09
        },
        "2022": {
            "cash": 9.06,
            "stock": 0,
            "eps": 8.03
        },
        "2023": {
            "cash": 14.44,
            "stock": 0,
            "eps": 3
        }
    },
    "dividends": {
        "2005-04-18": {
            "cash": 6.3,
            "stock": 0
        },
        "2006-04-27": {
            "cash": 7.3,
            "stock": 0
        },
        "2007-04-18": {
            "cash": 3.1,
            "stock": 0
        },
        "2008-03-27": {
            "cash": 1.7,
            "stock": 0
        },
        "2011-01-01": {
            "cash": 10.2,
            "stock": 0
        },
        "2011-03-22": {
            "cash": 5.6,
            "stock": 0
        },
        "2013-04-26": {
            "cash": 13.3,
            "stock": 0
        },
        "2014-06-23": {
            "cash": 19.47,
            "stock": 0
        },
        "2015-09-29": {
            "cash": 30,
            "stock": 0
        },
        "2016-09-30": {
            "cash": 12.5,
            "stock": 0
        },
        "2017-09-20": {
            "cash": 22,
            "stock": 0
        },
        "2018-09-20": {
            "cash": 21,
            "stock": 0
        },
        "2019-09-20": {
            "cash": 17.67,
            "stock": 0
        },
        "2020-09-23": {
            "cash": 21.27,
            "stock": 0
        },
        "2021-09-03": {
            "cash": 18.53,
            "stock": 0
        },
        "2022-09-23": {
            "cash": 9.06,
            "stock": 0
        },
        "2023-05-09": {
            "cash": 7.22,
            "stock": 0
        },
        "2023-09-26": {
            "cash": 7.22,
            "stock": 0
        }
    },
    "prices": {
        "200101": "無",
        "200102": "無",
        "200103": "無",
        "200104": "無",
        "200105": "無",
        "200106": "無",
        "200107": "無",
        "200108": "無",
        "200109": "無",
        "200110": "無",
        "200111": "無",
        "200112": "無",
        "200201": "無",
        "200202": "無",
        "200203": "無",
        "200204": "無",
        "200205": "無",
        "200206": "無",
        "200207": "無",
        "200208": "無",
        "200209": "無",
        "200210": "無",
        "200211": "無",
        "200212": "無",
        "200301": "無",
        "200302": "無",
        "200303": "無",
        "200304": "無",
        "200305": "無",
        "200306": "無",
        "200307": "無",
        "200308": "無",
        "200309": "無",
        "200310": "無",
        "200311": "無",
        "200312": "無",
        "200401": "無",
        "200402": "無",
        "200403": "無",
        "200404": "無",
        "200405": "無",
        "200406": "無",
        "200407": "無",
        "200408": "無",
        "200409": "無",
        "200410": "無",
        "200411": "無",
        "200412": "98.06",
        "200501": "104.21",
        "200502": "108.35",
        "200503": "113.85",
        "200504": "111.28",
        "200505": "107.40",
        "200506": "107.45",
        "200507": "109.22",
        "200508": "129.00",
        "200509": "122.29",
        "200510": "119.65",
        "200511": "119.82",
        "200512": "121.09",
        "200601": "120.86",
        "200602": "119.62",
        "200603": "115.91",
        "200604": "113.29",
        "200605": "115.76",
        "200606": "114.98",
        "200607": "110.86",
        "200608": "108.17",
        "200609": "104.95",
        "200610": "104.15",
        "200611": "100.90",
        "200612": "91.91",
        "200701": "96.14",
        "200702": "95.21",
        "200703": "89.33",
        "200704": "87.26",
        "200705": "81.90",
        "200706": "81.14",
        "200707": "79.71",
        "200708": "57.95",
        "200709": "53.67",
        "200710": "53.04",
        "200711": "54.14",
        "200712": "52.33",
        "200801": "52.55",
        "200802": "49.93",
        "200803": "52.91",
        "200804": "52.67",
        "200805": "49.22",
        "200806": "42.08",
        "200807": "36.38",
        "200808": "34.82",
        "200809": "28.63",
        "200810": "22.70",
        "200811": "22.20",
        "200812": "22.58",
        "200901": "21.87",
        "200902": "22.00",
        "200903": "25.30",
        "200904": "29.89",
        "200905": "50.30",
        "200906": "54.99",
        "200907": "68.05",
        "200908": "73.43",
        "200909": "77.01",
        "200910": "70.88",
        "200911": "70.87",
        "200912": "72.23",
        "201001": "69.40",
        "201002": "60.23",
        "201003": "68.89",
        "201004": "96.52",
        "201005": "86.61",
        "201006": "85.93",
        "201007": "83.90",
        "201008": "90.46",
        "201009": "113.71",
        "201010": "148.93",
        "201011": "140.45",
        "201012": "144.37",
        "201101": "127.58",
        "201102": "120.68",
        "201103": "117.54",
        "201104": "116.82",
        "201105": "123.93",
        "201106": "124.40",
        "201107": "140.86",
        "201108": "139.00",
        "201109": "115.95",
        "201110": "99.83",
        "201111": "120.66",
        "201112": "124.14",
        "201201": "139.57",
        "201202": "205.22",
        "201203": "228.39",
        "201204": "194.92",
        "201205": "202.25",
        "201206": "233.00",
        "201207": "240.80",
        "201208": "260.75",
        "201209": "255.08",
        "201210": "242.82",
        "201211": "210.91",
        "201212": "230.26",
        "201301": "241.52",
        "201302": "261.12",
        "201303": "268.24",
        "201304": "293.92",
        "201305": "280.07",
        "201306": "272.08",
        "201307": "278.96",
        "201308": "279.19",
        "201309": "337.82",
        "201310": "368.80",
        "201311": "387.86",
        "201312": "412.05",
        "201401": "413.58",
        "201402": "376.15",
        "201403": "394.33",
        "201404": "387.00",
        "201405": "359.88",
        "201406": "374.40",
        "201407": "384.64",
        "201408": "325.52",
        "201409": "325.60",
        "201410": "300.27",
        "201411": "303.08",
        "201412": "326.17",
        "201501": "301.62",
        "201502": "289.96",
        "201503": "296.11",
        "201504": "300.65",
        "201505": "326.65",
        "201506": "318.95",
        "201507": "306.36",
        "201508": "278.62",
        "201509": "244.62",
        "201510": "276.17",
        "201511": "274.64",
        "201512": "283.78",
        "201601": "246.02",
        "201602": "234.46",
        "201603": "230.13",
        "201604": "201.84",
        "201605": "201.79",
        "201606": "202.79",
        "201607": "205.08",
        "201608": "212.89",
        "201609": "204.63",
        "201610": "203.02",
        "201611": "196.70",
        "201612": "196.80",
        "201701": "197.41",
        "201702": "206.06",
        "201703": "206.07",
        "201704": "218.31",
        "201705": "261.25",
        "201706": "296.37",
        "201707": "282.45",
        "201708": "274.09",
        "201709": "253.57",
        "201710": "242.61",
        "201711": "251.30",
        "201712": "262.93",
        "201801": "267.98",
        "201802": "255.96",
        "201803": "255.85",
        "201804": "262.14",
        "201805": "254.64",
        "201806": "252.32",
        "201807": "257.48",
        "201808": "256.78",
        "201809": "239.08",
        "201810": "224.93",
        "201811": "221.68",
        "201812": "227.40",
        "201901": "228.76",
        "201902": "232.88",
        "201903": "246.72",
        "201904": "255.10",
        "201905": "260.98",
        "201906": "275.18",
        "201907": "274.13",
        "201908": "262.31",
        "201909": "248.08",
        "201910": "250.14",
        "201911": "271.17",
        "201912": "283.05",
        "202001": "283.83",
        "202002": "262.18",
        "202003": "227.25",
        "202004": "235.70",
        "202005": "262.35",
        "202006": "270.62",
        "202007": "272.89",
        "202008": "258.69",
        "202009": "246.98",
        "202010": "247.79",
        "202011": "255.57",
        "202012": "260.20",
        "202101": "252.35",
        "202102": "252.35",
        "202103": "265.45",
        "202104": "280.84",
        "202105": "267.64",
        "202106": "269.88",
        "202107": "273.36",
        "202108": "255.25",
        "202109": "255.42",
        "202110": "253.85",
        "202111": "252.00",
        "202112": "247.86",
        "202201": "246.50",
        "202202": "248.73",
        "202203": "247.59",
        "202204": "247.47",
        "202205": "237.19",
        "202206": "232.67",
        "202207": "223.67",
        "202208": "212.67",
        "202209": "200.79",
        "202210": "185.12",
        "202211": "188.57",
        "202212": "196.86",
        "202301": "194.35",
        "202302": "201.31",
        "202303": "197.98",
        "202304": "195.50",
        "202305": "195.45",
        "202306": "201.82",
        "202307": "197.62",
        "202308": "190.93",
        "202309": "186.95",
        "202310": "185.92",
        "202311": "186.70",
        "202312": "188.19"
    },
    "quarters": {
        "20011": {
            "year_quarter": 20011,
            "year": 2001,
            "quarter": 1,
            "eps": null,
            "eps_growth_year": null,
            "eps_4q": null,
            "eps_4q_growth_year": null,
            "roe": null,
            "roe_4q": 0,
            "gross_profit": null,
            "gross_margin": null,
            "gross_margin_4q_avg": 0,
            "net_income": null,
            "net_income_4q": null,
            "revenue": null,
            "revenue_4q": null,
            "common_shares": null,
            "book_valuer_per_share": null,
            "book_valuer_per_share_4q_avg": 0,
            "equity": null,
            "current_ratio": null,
            "debt_ratio": null,
            "inventory_turnover_ratio": null,
            "account_receivable_turnover_ratio": null,
            "reinvestment_rate": null,
            "research_to_sale_ratio": null,
            "price_fair": 0,
            "eps_avg_yearly": 0,
            "eps_latest_yearly": 0,
            "eps_growth_yearly": 0
        },
        "20012": {
            "year_quarter": 20012,
            "year": 2001,
            "quarter": 2,
            "eps": null,
            "eps_growth_year": null,
            "eps_4q": null,
            "eps_4q_growth_year": null,
            "roe": null,
            "roe_4q": 0,
            "gross_profit": null,
            "gross_margin": null,
            "gross_margin_4q_avg": 0,
            "net_income": null,
            "net_income_4q": null,
            "revenue": null,
            "revenue_4q": null,
            "common_shares": null,
            "book_valuer_per_share": null,
            "book_valuer_per_share_4q_avg": 0,
            "equity": null,
            "current_ratio": null,
            "debt_ratio": null,
            "inventory_turnover_ratio": null,
            "account_receivable_turnover_ratio": null,
            "reinvestment_rate": null,
            "research_to_sale_ratio": null,
            "price_fair": 0,
            "eps_avg_yearly": 0,
            "eps_latest_yearly": 0,
            "eps_growth_yearly": 0
        },
        "20013": {
            "year_quarter": 20013,
            "year": 2001,
            "quarter": 3,
            "eps": null,
            "eps_growth_year": null,
            "eps_4q": null,
            "eps_4q_growth_year": null,
            "roe": null,
            "roe_4q": 0,
            "gross_profit": null,
            "gross_margin": null,
            "gross_margin_4q_avg": 0,
            "net_income": null,
            "net_income_4q": null,
            "revenue": null,
            "revenue_4q": null,
            "common_shares": null,
            "book_valuer_per_share": null,
            "book_valuer_per_share_4q_avg": 0,
            "equity": null,
            "current_ratio": null,
            "debt_ratio": null,
            "inventory_turnover_ratio": null,
            "account_receivable_turnover_ratio": null,
            "reinvestment_rate": null,
            "research_to_sale_ratio": null,
            "price_fair": 0,
            "eps_avg_yearly": 0,
            "eps_latest_yearly": 0,
            "eps_growth_yearly": 0
        },
        "20014": {
            "year_quarter": 20014,
            "year": 2001,
            "quarter": 4,
            "eps": null,
            "eps_growth_year": null,
            "eps_4q": null,
            "eps_4q_growth_year": null,
            "roe": null,
            "roe_4q": 0,
            "gross_profit": null,
            "gross_margin": null,
            "gross_margin_4q_avg": 0,
            "net_income": null,
            "net_income_4q": null,
            "revenue": null,
            "revenue_4q": null,
            "common_shares": null,
            "book_valuer_per_share": null,
            "book_valuer_per_share_4q_avg": 0,
            "equity": null,
            "current_ratio": null,
            "debt_ratio": null,
            "inventory_turnover_ratio": null,
            "account_receivable_turnover_ratio": null,
            "reinvestment_rate": null,
            "research_to_sale_ratio": null,
            "price_fair": 0,
            "eps_avg_yearly": 0,
            "eps_latest_yearly": 0,
            "eps_growth_yearly": 0
        },
        "20021": {
            "year_quarter": 20021,
            "year": 2002,
            "quarter": 1,
            "eps": null,
            "eps_growth_year": null,
            "eps_4q": null,
            "eps_4q_growth_year": null,
            "roe": null,
            "roe_4q": 0,
            "gross_profit": null,
            "gross_margin": null,
            "gross_margin_4q_avg": 0,
            "net_income": null,
            "net_income_4q": null,
            "revenue": null,
            "revenue_4q": null,
            "common_shares": null,
            "book_valuer_per_share": null,
            "book_valuer_per_share_4q_avg": 0,
            "equity": null,
            "current_ratio": null,
            "debt_ratio": null,
            "inventory_turnover_ratio": null,
            "account_receivable_turnover_ratio": null,
            "reinvestment_rate": null,
            "research_to_sale_ratio": null,
            "price_fair": 0,
            "eps_avg_yearly": 0,
            "eps_latest_yearly": 0,
            "eps_growth_yearly": 0
        },
        "20022": {
            "year_quarter": 20022,
            "year": 2002,
            "quarter": 2,
            "eps": null,
            "eps_growth_year": null,
            "eps_4q": null,
            "eps_4q_growth_year": null,
            "roe": null,
            "roe_4q": 0,
            "gross_profit": null,
            "gross_margin": null,
            "gross_margin_4q_avg": 0,
            "net_income": null,
            "net_income_4q": null,
            "revenue": null,
            "revenue_4q": null,
            "common_shares": null,
            "book_valuer_per_share": null,
            "book_valuer_per_share_4q_avg": 0,
            "equity": null,
            "current_ratio": null,
            "debt_ratio": null,
            "inventory_turnover_ratio": null,
            "account_receivable_turnover_ratio": null,
            "reinvestment_rate": null,
            "research_to_sale_ratio": null,
            "price_fair": 0,
            "eps_avg_yearly": 0,
            "eps_latest_yearly": 0,
            "eps_growth_yearly": 0
        },
        "20023": {
            "year_quarter": 20023,
            "year": 2002,
            "quarter": 3,
            "eps": null,
            "eps_growth_year": null,
            "eps_4q": null,
            "eps_4q_growth_year": null,
            "roe": null,
            "roe_4q": 0,
            "gross_profit": null,
            "gross_margin": null,
            "gross_margin_4q_avg": 0,
            "net_income": null,
            "net_income_4q": null,
            "revenue": null,
            "revenue_4q": null,
            "common_shares": null,
            "book_valuer_per_share": null,
            "book_valuer_per_share_4q_avg": 0,
            "equity": null,
            "current_ratio": null,
            "debt_ratio": null,
            "inventory_turnover_ratio": null,
            "account_receivable_turnover_ratio": null,
            "reinvestment_rate": null,
            "research_to_sale_ratio": null,
            "price_fair": 0,
            "eps_avg_yearly": 0,
            "eps_latest_yearly": 0,
            "eps_growth_yearly": 0
        },
        "20024": {
            "year_quarter": 20024,
            "year": 2002,
            "quarter": 4,
            "eps": null,
            "eps_growth_year": null,
            "eps_4q": null,
            "eps_4q_growth_year": null,
            "roe": null,
            "roe_4q": 0,
            "gross_profit": null,
            "gross_margin": null,
            "gross_margin_4q_avg": 0,
            "net_income": null,
            "net_income_4q": null,
            "revenue": null,
            "revenue_4q": null,
            "common_shares": 3000000,
            "book_valuer_per_share": 39.91,
            "book_valuer_per_share_4q_avg": 9.98,
            "equity": 11972616,
            "current_ratio": 334.65,
            "debt_ratio": 25,
            "inventory_turnover_ratio": null,
            "account_receivable_turnover_ratio": null,
            "reinvestment_rate": null,
            "research_to_sale_ratio": null,
            "price_fair": 0,
            "eps_avg_yearly": 0,
            "eps_latest_yearly": 0,
            "eps_growth_yearly": 0
        },
        "20031": {
            "year_quarter": 20031,
            "year": 2003,
            "quarter": 1,
            "eps": null,
            "eps_growth_year": null,
            "eps_4q": null,
            "eps_4q_growth_year": null,
            "roe": null,
            "roe_4q": 0,
            "gross_profit": null,
            "gross_margin": null,
            "gross_margin_4q_avg": 0,
            "net_income": null,
            "net_income_4q": null,
            "revenue": null,
            "revenue_4q": null,
            "common_shares": null,
            "book_valuer_per_share": null,
            "book_valuer_per_share_4q_avg": 9.98,
            "equity": null,
            "current_ratio": null,
            "debt_ratio": null,
            "inventory_turnover_ratio": null,
            "account_receivable_turnover_ratio": null,
            "reinvestment_rate": null,
            "research_to_sale_ratio": null,
            "price_fair": 0,
            "eps_avg_yearly": 0,
            "eps_latest_yearly": 0,
            "eps_growth_yearly": 0
        },
        "20032": {
            "year_quarter": 20032,
            "year": 2003,
            "quarter": 2,
            "eps": null,
            "eps_growth_year": null,
            "eps_4q": null,
            "eps_4q_growth_year": null,
            "roe": null,
            "roe_4q": 0,
            "gross_profit": null,
            "gross_margin": null,
            "gross_margin_4q_avg": 0,
            "net_income": null,
            "net_income_4q": null,
            "revenue": null,
            "revenue_4q": null,
            "common_shares": null,
            "book_valuer_per_share": null,
            "book_valuer_per_share_4q_avg": 9.98,
            "equity": null,
            "current_ratio": null,
            "debt_ratio": null,
            "inventory_turnover_ratio": null,
            "account_receivable_turnover_ratio": null,
            "reinvestment_rate": null,
            "research_to_sale_ratio": null,
            "price_fair": 0,
            "eps_avg_yearly": 0,
            "eps_latest_yearly": 0,
            "eps_growth_yearly": 0
        },
        "20033": {
            "year_quarter": 20033,
            "year": 2003,
            "quarter": 3,
            "eps": null,
            "eps_growth_year": null,
            "eps_4q": null,
            "eps_4q_growth_year": null,
            "roe": null,
            "roe_4q": 0,
            "gross_profit": null,
            "gross_margin": null,
            "gross_margin_4q_avg": 0,
            "net_income": null,
            "net_income_4q": null,
            "revenue": null,
            "revenue_4q": null,
            "common_shares": null,
            "book_valuer_per_share": null,
            "book_valuer_per_share_4q_avg": 9.98,
            "equity": null,
            "current_ratio": null,
            "debt_ratio": null,
            "inventory_turnover_ratio": null,
            "account_receivable_turnover_ratio": null,
            "reinvestment_rate": null,
            "research_to_sale_ratio": null,
            "price_fair": 0,
            "eps_avg_yearly": 0,
            "eps_latest_yearly": 0,
            "eps_growth_yearly": 0
        },
        "20034": {
            "year_quarter": 20034,
            "year": 2003,
            "quarter": 4,
            "eps": null,
            "eps_growth_year": null,
            "eps_4q": null,
            "eps_4q_growth_year": null,
            "roe": null,
            "roe_4q": 0,
            "gross_profit": null,
            "gross_margin": null,
            "gross_margin_4q_avg": 0,
            "net_income": null,
            "net_income_4q": null,
            "revenue": null,
            "revenue_4q": null,
            "common_shares": 3000000,
            "book_valuer_per_share": 30.82,
            "book_valuer_per_share_4q_avg": 7.71,
            "equity": 9244700,
            "current_ratio": 228.8,
            "debt_ratio": 30.17,
            "inventory_turnover_ratio": null,
            "account_receivable_turnover_ratio": null,
            "reinvestment_rate": null,
            "research_to_sale_ratio": null,
            "price_fair": 0,
            "eps_avg_yearly": 0,
            "eps_latest_yearly": 0,
            "eps_growth_yearly": 0
        },
        "20041": {
            "year_quarter": 20041,
            "year": 2004,
            "quarter": 1,
            "eps": 4.27,
            "eps_growth_year": null,
            "eps_4q": null,
            "eps_4q_growth_year": null,
            "roe": 13.03,
            "roe_4q": 13.03,
            "gross_profit": 2526137,
            "gross_margin": 16.01,
            "gross_margin_4q_avg": 4,
            "net_income": 1279685,
            "net_income_4q": null,
            "revenue": 15776802,
            "revenue_4q": null,
            "common_shares": 3000000,
            "book_valuer_per_share": 34.64,
            "book_valuer_per_share_4q_avg": 16.37,
            "equity": 10391994,
            "current_ratio": 222.95,
            "debt_ratio": 31.26,
            "inventory_turnover_ratio": 1039.72,
            "account_receivable_turnover_ratio": null,
            "reinvestment_rate": null,
            "research_to_sale_ratio": null,
            "price_fair": 0,
            "eps_avg_yearly": 0,
            "eps_latest_yearly": 0,
            "eps_growth_yearly": 0
        },
        "20042": {
            "year_quarter": 20042,
            "year": 2004,
            "quarter": 2,
            "eps": 1.98,
            "eps_growth_year": null,
            "eps_4q": null,
            "eps_4q_growth_year": null,
            "roe": 5.57,
            "roe_4q": 18.6,
            "gross_profit": 2477893,
            "gross_margin": 16.85,
            "gross_margin_4q_avg": 8.22,
            "net_income": 595344,
            "net_income_4q": null,
            "revenue": 14701538,
            "revenue_4q": null,
            "common_shares": 3000000,
            "book_valuer_per_share": 36.59,
            "book_valuer_per_share_4q_avg": 25.51,
            "equity": 10978304,
            "current_ratio": 226.3,
            "debt_ratio": 33.76,
            "inventory_turnover_ratio": 1757.28,
            "account_receivable_turnover_ratio": null,
            "reinvestment_rate": null,
            "research_to_sale_ratio": null,
            "price_fair": 23.76,
            "eps_avg_yearly": 7.92,
            "eps_latest_yearly": 7.92,
            "eps_growth_yearly": -214.52
        },
        "20043": {
            "year_quarter": 20043,
            "year": 2004,
            "quarter": 3,
            "eps": 2.48,
            "eps_growth_year": null,
            "eps_4q": null,
            "eps_4q_growth_year": null,
            "roe": 6.53,
            "roe_4q": 25.130000000000003,
            "gross_profit": 1862636,
            "gross_margin": 20.11,
            "gross_margin_4q_avg": 13.24,
            "net_income": 742593,
            "net_income_4q": null,
            "revenue": 9260248,
            "revenue_4q": null,
            "common_shares": 3000000,
            "book_valuer_per_share": 39.21,
            "book_valuer_per_share_4q_avg": 35.32,
            "equity": 11763449,
            "current_ratio": 238.01,
            "debt_ratio": 32.83,
            "inventory_turnover_ratio": 1233.76,
            "account_receivable_turnover_ratio": null,
            "reinvestment_rate": null,
            "research_to_sale_ratio": null,
            "price_fair": 26.76,
            "eps_avg_yearly": 8.92,
            "eps_latest_yearly": 9.92,
            "eps_growth_yearly": -56.75
        },
        "20044": {
            "year_quarter": 20044,
            "year": 2004,
            "quarter": 4,
            "eps": 1.79,
            "eps_growth_year": null,
            "eps_4q": 10.53,
            "eps_4q_growth_year": null,
            "roe": 4.53,
            "roe_4q": 29.660000000000004,
            "gross_profit": 1682905,
            "gross_margin": 17.18,
            "gross_margin_4q_avg": 17.54,
            "net_income": 536054,
            "net_income_4q": null,
            "revenue": 9797367,
            "revenue_4q": null,
            "common_shares": 3000000,
            "book_valuer_per_share": 39.75,
            "book_valuer_per_share_4q_avg": 37.55,
            "equity": 11924873,
            "current_ratio": 243.05,
            "debt_ratio": 30.62,
            "inventory_turnover_ratio": 1679.32,
            "account_receivable_turnover_ratio": null,
            "reinvestment_rate": null,
            "research_to_sale_ratio": null,
            "price_fair": 25,
            "eps_avg_yearly": 8.33,
            "eps_latest_yearly": 7.16,
            "eps_growth_yearly": -74.93
        },
        "20051": {
            "year_quarter": 20051,
            "year": 2005,
            "quarter": 1,
            "eps": 3.42,
            "eps_growth_year": -19.91,
            "eps_4q": 9.67,
            "eps_4q_growth_year": null,
            "roe": 8.25,
            "roe_4q": 24.880000000000003,
            "gross_profit": 2582689,
            "gross_margin": 15.29,
            "gross_margin_4q_avg": 17.36,
            "net_income": 1025200,
            "net_income_4q": null,
            "revenue": 16887035,
            "revenue_4q": null,
            "common_shares": 3000000,
            "book_valuer_per_share": 43.06,
            "book_valuer_per_share_4q_avg": 39.65,
            "equity": 12917048,
            "current_ratio": 320.1,
            "debt_ratio": 25.71,
            "inventory_turnover_ratio": 4067.2,
            "account_receivable_turnover_ratio": null,
            "reinvestment_rate": null,
            "research_to_sale_ratio": null,
            "price_fair": 338.45,
            "eps_avg_yearly": 9.67,
            "eps_latest_yearly": 13.68,
            "eps_growth_yearly": 34.86
        },
        "20052": {
            "year_quarter": 20052,
            "year": 2005,
            "quarter": 2,
            "eps": 2.59,
            "eps_growth_year": 30.81,
            "eps_4q": 10.28,
            "eps_4q_growth_year": null,
            "roe": 6.31,
            "roe_4q": 25.62,
            "gross_profit": 2266528,
            "gross_margin": 17.84,
            "gross_margin_4q_avg": 17.61,
            "net_income": 776266,
            "net_income_4q": null,
            "revenue": 12701370,
            "revenue_4q": null,
            "common_shares": 3000000,
            "book_valuer_per_share": 39.02,
            "book_valuer_per_share_4q_avg": 40.26,
            "equity": 11706208,
            "current_ratio": 206.02,
            "debt_ratio": 35.45,
            "inventory_turnover_ratio": 4337.01,
            "account_receivable_turnover_ratio": null,
            "reinvestment_rate": null,
            "research_to_sale_ratio": null,
            "price_fair": 181.19,
            "eps_avg_yearly": 9.81,
            "eps_latest_yearly": 10.36,
            "eps_growth_yearly": 8.47
        },
        "20053": {
            "year_quarter": 20053,
            "year": 2005,
            "quarter": 3,
            "eps": 2.76,
            "eps_growth_year": 11.29,
            "eps_4q": 10.54,
            "eps_4q_growth_year": null,
            "roe": 6.7,
            "roe_4q": 25.79,
            "gross_profit": 2193844,
            "gross_margin": 19.3,
            "gross_margin_4q_avg": 17.4,
            "net_income": 829333,
            "net_income_4q": null,
            "revenue": 11368495,
            "revenue_4q": null,
            "common_shares": 3000000,
            "book_valuer_per_share": 43.44,
            "book_valuer_per_share_4q_avg": 41.32,
            "equity": 13033458,
            "current_ratio": 253.88,
            "debt_ratio": 28.42,
            "inventory_turnover_ratio": 4158.01,
            "account_receivable_turnover_ratio": null,
            "reinvestment_rate": null,
            "research_to_sale_ratio": null,
            "price_fair": 214.66,
            "eps_avg_yearly": 10.01,
            "eps_latest_yearly": 11.04,
            "eps_growth_yearly": 11.44
        },
        "20054": {
            "year_quarter": 20054,
            "year": 2005,
            "quarter": 4,
            "eps": 1.77,
            "eps_growth_year": -1.12,
            "eps_4q": 10.54,
            "eps_4q_growth_year": 0.13,
            "roe": 4,
            "roe_4q": 25.259999999999998,
            "gross_profit": 1758986,
            "gross_margin": 22.14,
            "gross_margin_4q_avg": 18.64,
            "net_income": 530690,
            "net_income_4q": null,
            "revenue": 7945589,
            "revenue_4q": null,
            "common_shares": 3000000,
            "book_valuer_per_share": 45.01,
            "book_valuer_per_share_4q_avg": 42.63,
            "equity": 13502178,
            "current_ratio": 262.93,
            "debt_ratio": 26.23,
            "inventory_turnover_ratio": 6165.03,
            "account_receivable_turnover_ratio": null,
            "reinvestment_rate": null,
            "research_to_sale_ratio": null,
            "price_fair": 28.78,
            "eps_avg_yearly": 9.59,
            "eps_latest_yearly": 7.08,
            "eps_growth_yearly": -10.69
        },
        "20061": {
            "year_quarter": 20061,
            "year": 2006,
            "quarter": 1,
            "eps": 3.52,
            "eps_growth_year": 2.92,
            "eps_4q": 10.65,
            "eps_4q_growth_year": 10.1,
            "roe": 7.53,
            "roe_4q": 24.54,
            "gross_profit": 2611955,
            "gross_margin": 19.75,
            "gross_margin_4q_avg": 19.76,
            "net_income": 1054875,
            "net_income_4q": null,
            "revenue": 13222185,
            "revenue_4q": null,
            "common_shares": 3000000,
            "book_valuer_per_share": 48.4,
            "book_valuer_per_share_4q_avg": 43.97,
            "equity": 14518777,
            "current_ratio": 305.87,
            "debt_ratio": 24.01,
            "inventory_turnover_ratio": null,
            "account_receivable_turnover_ratio": null,
            "reinvestment_rate": null,
            "research_to_sale_ratio": null,
            "price_fair": 355.43,
            "eps_avg_yearly": 10.16,
            "eps_latest_yearly": 14.08,
            "eps_growth_yearly": 40.08
        },
        "20062": {
            "year_quarter": 20062,
            "year": 2006,
            "quarter": 2,
            "eps": 1.89,
            "eps_growth_year": -27.03,
            "eps_4q": 9.94,
            "eps_4q_growth_year": -3.32,
            "roe": 4.15,
            "roe_4q": 22.38,
            "gross_profit": 1300059,
            "gross_margin": 18.1,
            "gross_margin_4q_avg": 19.82,
            "net_income": 567260,
            "net_income_4q": null,
            "revenue": 7184163,
            "revenue_4q": null,
            "common_shares": 3000000,
            "book_valuer_per_share": 42.66,
            "book_valuer_per_share_4q_avg": 44.88,
            "equity": 12797648,
            "current_ratio": 179.47,
            "debt_ratio": 34.06,
            "inventory_turnover_ratio": 68024.32,
            "account_receivable_turnover_ratio": null,
            "reinvestment_rate": null,
            "research_to_sale_ratio": null,
            "price_fair": 247.1,
            "eps_avg_yearly": 9.87,
            "eps_latest_yearly": 7.56,
            "eps_growth_yearly": 15.04
        },
        "20063": {
            "year_quarter": 20063,
            "year": 2006,
            "quarter": 3,
            "eps": 0.24,
            "eps_growth_year": -91.3,
            "eps_4q": 7.34,
            "eps_4q_growth_year": -30.35,
            "roe": 0.56,
            "roe_4q": 16.240000000000002,
            "gross_profit": 550886,
            "gross_margin": 9.2,
            "gross_margin_4q_avg": 17.3,
            "net_income": 72762,
            "net_income_4q": null,
            "revenue": 5988600,
            "revenue_4q": null,
            "common_shares": 3000000,
            "book_valuer_per_share": 43.78,
            "book_valuer_per_share_4q_avg": 44.96,
            "equity": 13134179,
            "current_ratio": 209.51,
            "debt_ratio": 26.83,
            "inventory_turnover_ratio": 54650.39,
            "account_receivable_turnover_ratio": null,
            "reinvestment_rate": null,
            "research_to_sale_ratio": null,
            "price_fair": 26.93,
            "eps_avg_yearly": 8.98,
            "eps_latest_yearly": 0.96,
            "eps_growth_yearly": -21.38
        },
        "20064": {
            "year_quarter": 20064,
            "year": 2006,
            "quarter": 4,
            "eps": 0.41,
            "eps_growth_year": -76.84,
            "eps_4q": 6.02,
            "eps_4q_growth_year": -42.89,
            "roe": 0.94,
            "roe_4q": 13.18,
            "gross_profit": 823409,
            "gross_margin": 22.17,
            "gross_margin_4q_avg": 17.31,
            "net_income": 123829,
            "net_income_4q": null,
            "revenue": 3713631,
            "revenue_4q": null,
            "common_shares": 3000000,
            "book_valuer_per_share": 44.11,
            "book_valuer_per_share_4q_avg": 44.74,
            "equity": 13233166,
            "current_ratio": 225.38,
            "debt_ratio": 21.97,
            "inventory_turnover_ratio": 1049.08,
            "account_receivable_turnover_ratio": null,
            "reinvestment_rate": null,
            "research_to_sale_ratio": null,
            "price_fair": 135.61,
            "eps_avg_yearly": 8.31,
            "eps_latest_yearly": 1.64,
            "eps_growth_yearly": 6.32
        },
        "20071": {
            "year_quarter": 20071,
            "year": 2007,
            "quarter": 1,
            "eps": 1.6,
            "eps_growth_year": -54.55,
            "eps_4q": 4.15,
            "eps_4q_growth_year": -61.01,
            "roe": 3.53,
            "roe_4q": 9.18,
            "gross_profit": 1350510,
            "gross_margin": 15.51,
            "gross_margin_4q_avg": 16.25,
            "net_income": 478873,
            "net_income_4q": null,
            "revenue": 8708159,
            "revenue_4q": null,
            "common_shares": 3000000,
            "book_valuer_per_share": 46.41,
            "book_valuer_per_share_4q_avg": 44.24,
            "equity": 13923313,
            "current_ratio": 341.86,
            "debt_ratio": 16.23,
            "inventory_turnover_ratio": 2683.31,
            "account_receivable_turnover_ratio": null,
            "reinvestment_rate": null,
            "research_to_sale_ratio": null,
            "price_fair": 285.25,
            "eps_avg_yearly": 8.15,
            "eps_latest_yearly": 6.4,
            "eps_growth_yearly": 102.54
        },
        "20072": {
            "year_quarter": 20072,
            "year": 2007,
            "quarter": 2,
            "eps": 0.92,
            "eps_growth_year": -51.32,
            "eps_4q": 3.16,
            "eps_4q_growth_year": -68.15,
            "roe": 2.03,
            "roe_4q": 7.0600000000000005,
            "gross_profit": 875367,
            "gross_margin": 15.51,
            "gross_margin_4q_avg": 15.6,
            "net_income": 276818,
            "net_income_4q": null,
            "revenue": 5644284,
            "revenue_4q": null,
            "common_shares": 3000000,
            "book_valuer_per_share": 44.28,
            "book_valuer_per_share_4q_avg": 44.65,
            "equity": 13285427,
            "current_ratio": 159,
            "debt_ratio": 23.29,
            "inventory_turnover_ratio": null,
            "account_receivable_turnover_ratio": null,
            "reinvestment_rate": null,
            "research_to_sale_ratio": null,
            "price_fair": 273.22,
            "eps_avg_yearly": 7.81,
            "eps_latest_yearly": 3.68,
            "eps_growth_yearly": 81.58
        },
        "20073": {
            "year_quarter": 20073,
            "year": 2007,
            "quarter": 3,
            "eps": 1.57,
            "eps_growth_year": 554.17,
            "eps_4q": 4.5,
            "eps_4q_growth_year": -38.73,
            "roe": 3.48,
            "roe_4q": 9.979999999999999,
            "gross_profit": 886313,
            "gross_margin": 15.56,
            "gross_margin_4q_avg": 17.19,
            "net_income": 471643,
            "net_income_4q": null,
            "revenue": 5694332,
            "revenue_4q": null,
            "common_shares": 3000000,
            "book_valuer_per_share": 45.98,
            "book_valuer_per_share_4q_avg": 45.2,
            "equity": 13794306,
            "current_ratio": 182.99,
            "debt_ratio": 19.59,
            "inventory_turnover_ratio": null,
            "account_receivable_turnover_ratio": null,
            "reinvestment_rate": null,
            "research_to_sale_ratio": null,
            "price_fair": 269.4,
            "eps_avg_yearly": 7.7,
            "eps_latest_yearly": 6.28,
            "eps_growth_yearly": 95.94
        },
        "20074": {
            "year_quarter": 20074,
            "year": 2007,
            "quarter": 4,
            "eps": 0.81,
            "eps_growth_year": 97.56,
            "eps_4q": 4.88,
            "eps_4q_growth_year": -18.89,
            "roe": 1.74,
            "roe_4q": 10.78,
            "gross_profit": 1106509,
            "gross_margin": 15.26,
            "gross_margin_4q_avg": 15.46,
            "net_income": 243985,
            "net_income_4q": null,
            "revenue": 7252281,
            "revenue_4q": null,
            "common_shares": 3000000,
            "book_valuer_per_share": 47.56,
            "book_valuer_per_share_4q_avg": 46.06,
            "equity": 14269007,
            "current_ratio": 174.23,
            "debt_ratio": 20.64,
            "inventory_turnover_ratio": 92.45,
            "account_receivable_turnover_ratio": null,
            "reinvestment_rate": 0.52,
            "research_to_sale_ratio": null,
            "price_fair": 259,
            "eps_avg_yearly": 7.4,
            "eps_latest_yearly": 3.24,
            "eps_growth_yearly": 76.63
        },
        "20081": {
            "year_quarter": 20081,
            "year": 2008,
            "quarter": 1,
            "eps": 0.7,
            "eps_growth_year": -56.25,
            "eps_4q": 4,
            "eps_4q_growth_year": -3.64,
            "roe": 1.48,
            "roe_4q": 8.729999999999999,
            "gross_profit": 722111,
            "gross_margin": 10.26,
            "gross_margin_4q_avg": 14.15,
            "net_income": 210441,
            "net_income_4q": null,
            "revenue": 7036280,
            "revenue_4q": null,
            "common_shares": 3000000,
            "book_valuer_per_share": 47.36,
            "book_valuer_per_share_4q_avg": 46.3,
            "equity": 14208911,
            "current_ratio": 272.97,
            "debt_ratio": 14.17,
            "inventory_turnover_ratio": 94.98,
            "account_receivable_turnover_ratio": null,
            "reinvestment_rate": 0.55,
            "research_to_sale_ratio": null,
            "price_fair": 248.94,
            "eps_avg_yearly": 7.11,
            "eps_latest_yearly": 2.8,
            "eps_growth_yearly": 68.45
        },
        "20082": {
            "year_quarter": 20082,
            "year": 2008,
            "quarter": 2,
            "eps": 0.24,
            "eps_growth_year": -73.91,
            "eps_4q": 3.39,
            "eps_4q_growth_year": 7.15,
            "roe": 0.5,
            "roe_4q": 7.199999999999999,
            "gross_profit": 530890,
            "gross_margin": 10.28,
            "gross_margin_4q_avg": 12.84,
            "net_income": 70529,
            "net_income_4q": null,
            "revenue": 5165950,
            "revenue_4q": null,
            "common_shares": 3000000,
            "book_valuer_per_share": 46.41,
            "book_valuer_per_share_4q_avg": 46.83,
            "equity": 13923909,
            "current_ratio": 162.29,
            "debt_ratio": 18.18,
            "inventory_turnover_ratio": null,
            "account_receivable_turnover_ratio": null,
            "reinvestment_rate": 0.38,
            "research_to_sale_ratio": null,
            "price_fair": 233.71,
            "eps_avg_yearly": 6.68,
            "eps_latest_yearly": 0.96,
            "eps_growth_yearly": 65.43
        },
        "20083": {
            "year_quarter": 20083,
            "year": 2008,
            "quarter": 3,
            "eps": 0.59,
            "eps_growth_year": -62.42,
            "eps_4q": 2.33,
            "eps_4q_growth_year": -48.3,
            "roe": 1.24,
            "roe_4q": 4.96,
            "gross_profit": 464692,
            "gross_margin": 10.53,
            "gross_margin_4q_avg": 11.58,
            "net_income": 178472,
            "net_income_4q": null,
            "revenue": 4410978,
            "revenue_4q": null,
            "common_shares": 3000000,
            "book_valuer_per_share": 49.4,
            "book_valuer_per_share_4q_avg": 47.68,
            "equity": 14818657,
            "current_ratio": 197.75,
            "debt_ratio": 13.88,
            "inventory_turnover_ratio": null,
            "account_receivable_turnover_ratio": null,
            "reinvestment_rate": 0.24,
            "research_to_sale_ratio": null,
            "price_fair": 217.18,
            "eps_avg_yearly": 6.21,
            "eps_latest_yearly": 2.36,
            "eps_growth_yearly": 95.57
        },
        "20084": {
            "year_quarter": 20084,
            "year": 2008,
            "quarter": 4,
            "eps": 0.15,
            "eps_growth_year": -81.48,
            "eps_4q": 1.69,
            "eps_4q_growth_year": -65.49,
            "roe": 0.3,
            "roe_4q": 3.52,
            "gross_profit": 291846,
            "gross_margin": 10.32,
            "gross_margin_4q_avg": 10.35,
            "net_income": 44880,
            "net_income_4q": null,
            "revenue": 2828913,
            "revenue_4q": null,
            "common_shares": 3000000,
            "book_valuer_per_share": 50.29,
            "book_valuer_per_share_4q_avg": 48.37,
            "equity": 15085849,
            "current_ratio": 157.11,
            "debt_ratio": 13.78,
            "inventory_turnover_ratio": null,
            "account_receivable_turnover_ratio": 9.3,
            "reinvestment_rate": 0.12,
            "research_to_sale_ratio": null,
            "price_fair": 202.83,
            "eps_avg_yearly": 5.8,
            "eps_latest_yearly": 0.6,
            "eps_growth_yearly": 83.88
        },
        "20091": {
            "year_quarter": 20091,
            "year": 2009,
            "quarter": 1,
            "eps": 0.87,
            "eps_growth_year": 24.29,
            "eps_4q": 1.85,
            "eps_4q_growth_year": -53.78,
            "roe": 1.69,
            "roe_4q": 3.73,
            "gross_profit": 136514,
            "gross_margin": 3.55,
            "gross_margin_4q_avg": 8.67,
            "net_income": 261074,
            "net_income_4q": null,
            "revenue": 3840470,
            "revenue_4q": null,
            "common_shares": 3000000,
            "book_valuer_per_share": 52.48,
            "book_valuer_per_share_4q_avg": 49.65,
            "equity": 15745194,
            "current_ratio": 118.17,
            "debt_ratio": 13.15,
            "inventory_turnover_ratio": null,
            "account_receivable_turnover_ratio": 6.32,
            "reinvestment_rate": -0.03,
            "research_to_sale_ratio": null,
            "price_fair": 180.51,
            "eps_avg_yearly": 5.16,
            "eps_latest_yearly": 3.48,
            "eps_growth_yearly": 181.12
        },
        "20092": {
            "year_quarter": 20092,
            "year": 2009,
            "quarter": 2,
            "eps": 0.93,
            "eps_growth_year": 287.5,
            "eps_4q": 2.54,
            "eps_4q_growth_year": -25.18,
            "roe": 1.79,
            "roe_4q": 5.02,
            "gross_profit": 448170,
            "gross_margin": 7.72,
            "gross_margin_4q_avg": 8.03,
            "net_income": 280307,
            "net_income_4q": null,
            "revenue": 5803876,
            "revenue_4q": null,
            "common_shares": 3000000,
            "book_valuer_per_share": 51.98,
            "book_valuer_per_share_4q_avg": 51.04,
            "equity": 15595296,
            "current_ratio": 126.02,
            "debt_ratio": 14.17,
            "inventory_turnover_ratio": 13524.51,
            "account_receivable_turnover_ratio": 8.52,
            "reinvestment_rate": -0.72,
            "research_to_sale_ratio": null,
            "price_fair": 165.99,
            "eps_avg_yearly": 4.74,
            "eps_latest_yearly": 3.72,
            "eps_growth_yearly": 188.91
        },
        "20093": {
            "year_quarter": 20093,
            "year": 2009,
            "quarter": 3,
            "eps": 1.41,
            "eps_growth_year": 138.98,
            "eps_4q": 3.37,
            "eps_4q_growth_year": 44.79,
            "roe": 2.69,
            "roe_4q": 6.47,
            "gross_profit": 492097,
            "gross_margin": 9.7,
            "gross_margin_4q_avg": 7.82,
            "net_income": 422422,
            "net_income_4q": null,
            "revenue": 5073626,
            "revenue_4q": null,
            "common_shares": 3000000,
            "book_valuer_per_share": 52.51,
            "book_valuer_per_share_4q_avg": 51.82,
            "equity": 15754114,
            "current_ratio": 139.34,
            "debt_ratio": 13.37,
            "inventory_turnover_ratio": 3749.21,
            "account_receivable_turnover_ratio": 7.15,
            "reinvestment_rate": -0.77,
            "research_to_sale_ratio": null,
            "price_fair": 154.18,
            "eps_avg_yearly": 4.41,
            "eps_latest_yearly": 5.64,
            "eps_growth_yearly": 200.17
        },
        "20094": {
            "year_quarter": 20094,
            "year": 2009,
            "quarter": 4,
            "eps": -1.04,
            "eps_growth_year": -793.33,
            "eps_4q": 2.18,
            "eps_4q_growth_year": 29.11,
            "roe": -2,
            "roe_4q": 4.17,
            "gross_profit": 790744,
            "gross_margin": 11.37,
            "gross_margin_4q_avg": 8.09,
            "net_income": -310925,
            "net_income_4q": null,
            "revenue": 6956756,
            "revenue_4q": null,
            "common_shares": 3000000,
            "book_valuer_per_share": 50.9,
            "book_valuer_per_share_4q_avg": 51.97,
            "equity": 15270140,
            "current_ratio": 185.65,
            "debt_ratio": 13.83,
            "inventory_turnover_ratio": 4843.69,
            "account_receivable_turnover_ratio": 32.75,
            "reinvestment_rate": 302.14,
            "research_to_sale_ratio": null,
            "price_fair": 147.93,
            "eps_avg_yearly": 4.23,
            "eps_latest_yearly": 5.64,
            "eps_growth_yearly": 223.08
        },
        "20101": {
            "year_quarter": 20101,
            "year": 2010,
            "quarter": 1,
            "eps": 2.53,
            "eps_growth_year": 190.8,
            "eps_4q": 3.83,
            "eps_4q_growth_year": 107.3,
            "roe": 4.86,
            "roe_4q": 7.340000000000001,
            "gross_profit": 908944,
            "gross_margin": 12.69,
            "gross_margin_4q_avg": 10.37,
            "net_income": 758285,
            "net_income_4q": null,
            "revenue": 7160469,
            "revenue_4q": null,
            "common_shares": 3000000,
            "book_valuer_per_share": 53.15,
            "book_valuer_per_share_4q_avg": 52.14,
            "equity": 15946429,
            "current_ratio": 184.95,
            "debt_ratio": 16.61,
            "inventory_turnover_ratio": 6682.55,
            "account_receivable_turnover_ratio": 14.67,
            "reinvestment_rate": 339.63,
            "research_to_sale_ratio": 1.83,
            "price_fair": 123.3,
            "eps_avg_yearly": 3.52,
            "eps_latest_yearly": 5.64,
            "eps_growth_yearly": 210.77
        },
        "20102": {
            "year_quarter": 20102,
            "year": 2010,
            "quarter": 2,
            "eps": 3.06,
            "eps_growth_year": 229.13,
            "eps_4q": 5.96,
            "eps_4q_growth_year": 134.91,
            "roe": 5.56,
            "roe_4q": 11.11,
            "gross_profit": 981245,
            "gross_margin": 14.55,
            "gross_margin_4q_avg": 12.08,
            "net_income": 918284,
            "net_income_4q": null,
            "revenue": 6744376,
            "revenue_4q": null,
            "common_shares": 3000000,
            "book_valuer_per_share": 56.87,
            "book_valuer_per_share_4q_avg": 53.36,
            "equity": 17062058,
            "current_ratio": 216.11,
            "debt_ratio": 17.04,
            "inventory_turnover_ratio": 5316.54,
            "account_receivable_turnover_ratio": 12.17,
            "reinvestment_rate": 324.54,
            "research_to_sale_ratio": 1.8,
            "price_fair": 135,
            "eps_avg_yearly": 3.86,
            "eps_latest_yearly": 12.24,
            "eps_growth_yearly": 229.98
        },
        "20103": {
            "year_quarter": 20103,
            "year": 2010,
            "quarter": 3,
            "eps": 2.03,
            "eps_growth_year": 43.83,
            "eps_4q": 6.58,
            "eps_4q_growth_year": 95.44,
            "roe": 3.53,
            "roe_4q": 11.95,
            "gross_profit": 940314,
            "gross_margin": 13.8,
            "gross_margin_4q_avg": 13.1,
            "net_income": 608400,
            "net_income_4q": null,
            "revenue": 6815549,
            "revenue_4q": null,
            "common_shares": 3000000,
            "book_valuer_per_share": 58.11,
            "book_valuer_per_share_4q_avg": 54.76,
            "equity": 17433970,
            "current_ratio": 217.46,
            "debt_ratio": 17.04,
            "inventory_turnover_ratio": 4266.69,
            "account_receivable_turnover_ratio": 10.8,
            "reinvestment_rate": 297.85,
            "research_to_sale_ratio": 2.03,
            "price_fair": 152.9,
            "eps_avg_yearly": 4.37,
            "eps_latest_yearly": 8.12,
            "eps_growth_yearly": 245.31
        },
        "20104": {
            "year_quarter": 20104,
            "year": 2010,
            "quarter": 4,
            "eps": 2,
            "eps_growth_year": null,
            "eps_4q": 9.61,
            "eps_4q_growth_year": 341.72,
            "roe": 3.46,
            "roe_4q": 17.41,
            "gross_profit": 954136,
            "gross_margin": 14.17,
            "gross_margin_4q_avg": 13.8,
            "net_income": 598929,
            "net_income_4q": null,
            "revenue": 6735302,
            "revenue_4q": null,
            "common_shares": 3000000,
            "book_valuer_per_share": 57.22,
            "book_valuer_per_share_4q_avg": 56.34,
            "equity": 17165344,
            "current_ratio": 244.71,
            "debt_ratio": 17.25,
            "inventory_turnover_ratio": 4483.26,
            "account_receivable_turnover_ratio": 12.78,
            "reinvestment_rate": 268.82,
            "research_to_sale_ratio": 2.05,
            "price_fair": 168.8,
            "eps_avg_yearly": 4.82,
            "eps_latest_yearly": 8,
            "eps_growth_yearly": 224.65
        },
        "20111": {
            "year_quarter": 20111,
            "year": 2011,
            "quarter": 1,
            "eps": 2.89,
            "eps_growth_year": 14.23,
            "eps_4q": 9.97,
            "eps_4q_growth_year": 160.14,
            "roe": 4.89,
            "roe_4q": 17.439999999999998,
            "gross_profit": 1370189,
            "gross_margin": 14.18,
            "gross_margin_4q_avg": 14.18,
            "net_income": 866210,
            "net_income_4q": null,
            "revenue": 9664057,
            "revenue_4q": null,
            "common_shares": 3000000,
            "book_valuer_per_share": 60.85,
            "book_valuer_per_share_4q_avg": 58.26,
            "equity": 18254195,
            "current_ratio": 225.99,
            "debt_ratio": 19.38,
            "inventory_turnover_ratio": 6564.2,
            "account_receivable_turnover_ratio": 17.62,
            "reinvestment_rate": 263.85,
            "research_to_sale_ratio": 1.24,
            "price_fair": 181.7,
            "eps_avg_yearly": 5.19,
            "eps_latest_yearly": 11.56,
            "eps_growth_yearly": 154.44
        },
        "20112": {
            "year_quarter": 20112,
            "year": 2011,
            "quarter": 2,
            "eps": 1.15,
            "eps_growth_year": -62.28,
            "eps_4q": 8.07,
            "eps_4q_growth_year": 35.34,
            "roe": 1.98,
            "roe_4q": 13.859999999999998,
            "gross_profit": 922810,
            "gross_margin": 13.53,
            "gross_margin_4q_avg": 13.92,
            "net_income": 346419,
            "net_income_4q": null,
            "revenue": 6819297,
            "revenue_4q": null,
            "common_shares": 3000000,
            "book_valuer_per_share": 55.83,
            "book_valuer_per_share_4q_avg": 58,
            "equity": 16750001,
            "current_ratio": 132.58,
            "debt_ratio": 28.36,
            "inventory_turnover_ratio": 3631.96,
            "account_receivable_turnover_ratio": 8.61,
            "reinvestment_rate": 263.89,
            "research_to_sale_ratio": 1.94,
            "price_fair": 184,
            "eps_avg_yearly": 5.26,
            "eps_latest_yearly": 4.6,
            "eps_growth_yearly": 149.38
        },
        "20113": {
            "year_quarter": 20113,
            "year": 2011,
            "quarter": 3,
            "eps": 5,
            "eps_growth_year": 146.55,
            "eps_4q": 11.04,
            "eps_4q_growth_year": 67.75,
            "roe": 8.42,
            "roe_4q": 18.75,
            "gross_profit": 1242854,
            "gross_margin": 14.48,
            "gross_margin_4q_avg": 14.09,
            "net_income": 1499990,
            "net_income_4q": null,
            "revenue": 8581671,
            "revenue_4q": null,
            "common_shares": 3000000,
            "book_valuer_per_share": 62.91,
            "book_valuer_per_share_4q_avg": 59.2,
            "equity": 18872366,
            "current_ratio": 353.21,
            "debt_ratio": 21.2,
            "inventory_turnover_ratio": 4347.64,
            "account_receivable_turnover_ratio": 12.15,
            "reinvestment_rate": 179.06,
            "research_to_sale_ratio": 1.72,
            "price_fair": 218.3,
            "eps_avg_yearly": 6.24,
            "eps_latest_yearly": 20,
            "eps_growth_yearly": 224.84
        },
        "20114": {
            "year_quarter": 20114,
            "year": 2011,
            "quarter": 4,
            "eps": 3.73,
            "eps_growth_year": 86.82,
            "eps_4q": 12.77,
            "eps_4q_growth_year": 32.86,
            "roe": 5.82,
            "roe_4q": 21.11,
            "gross_profit": 1199295,
            "gross_margin": 17.01,
            "gross_margin_4q_avg": 14.8,
            "net_income": 1118946,
            "net_income_4q": null,
            "revenue": 7050326,
            "revenue_4q": null,
            "common_shares": 3000000,
            "book_valuer_per_share": 65.21,
            "book_valuer_per_share_4q_avg": 61.2,
            "equity": 19563484,
            "current_ratio": 513.16,
            "debt_ratio": 20.65,
            "inventory_turnover_ratio": 3408.7,
            "account_receivable_turnover_ratio": 12.54,
            "reinvestment_rate": 117.23,
            "research_to_sale_ratio": 2.12,
            "price_fair": 247.5,
            "eps_avg_yearly": 7.07,
            "eps_latest_yearly": 14.92,
            "eps_growth_yearly": 231.42
        },
        "20121": {
            "year_quarter": 20121,
            "year": 2012,
            "quarter": 1,
            "eps": 3.38,
            "eps_growth_year": 16.96,
            "eps_4q": 13.27,
            "eps_4q_growth_year": 33.02,
            "roe": 5.11,
            "roe_4q": 21.330000000000002,
            "gross_profit": 1318812,
            "gross_margin": 13.07,
            "gross_margin_4q_avg": 14.52,
            "net_income": 1014219,
            "net_income_4q": null,
            "revenue": 10093826,
            "revenue_4q": null,
            "common_shares": 3000000,
            "book_valuer_per_share": 67,
            "book_valuer_per_share_4q_avg": 62.74,
            "equity": 20100049,
            "current_ratio": 475.76,
            "debt_ratio": 21.6,
            "inventory_turnover_ratio": 4759.98,
            "account_receivable_turnover_ratio": 14.45,
            "reinvestment_rate": 113.79,
            "research_to_sale_ratio": 1.15,
            "price_fair": 274.3,
            "eps_avg_yearly": 7.84,
            "eps_latest_yearly": 13.52,
            "eps_growth_yearly": 232.62
        },
        "20122": {
            "year_quarter": 20122,
            "year": 2012,
            "quarter": 2,
            "eps": 6.03,
            "eps_growth_year": 421.91,
            "eps_4q": 18.14,
            "eps_4q_growth_year": 124.84,
            "roe": 9.21,
            "roe_4q": 28.560000000000002,
            "gross_profit": 1010879,
            "gross_margin": 13.92,
            "gross_margin_4q_avg": 14.62,
            "net_income": 1807979,
            "net_income_4q": null,
            "revenue": 7259680,
            "revenue_4q": null,
            "common_shares": 3000000,
            "book_valuer_per_share": 63.83,
            "book_valuer_per_share_4q_avg": 64.74,
            "equity": 19150314,
            "current_ratio": 266.78,
            "debt_ratio": 31.38,
            "inventory_turnover_ratio": 3486.08,
            "account_receivable_turnover_ratio": 9.43,
            "reinvestment_rate": 103.54,
            "research_to_sale_ratio": 2.04,
            "price_fair": 332.2,
            "eps_avg_yearly": 9.49,
            "eps_latest_yearly": 24.12,
            "eps_growth_yearly": 273.79
        },
        "20123": {
            "year_quarter": 20123,
            "year": 2012,
            "quarter": 3,
            "eps": 3.55,
            "eps_growth_year": -29.05,
            "eps_4q": 16.68,
            "eps_4q_growth_year": 51.15,
            "roe": 5.46,
            "roe_4q": 25.6,
            "gross_profit": 882879,
            "gross_margin": 13.73,
            "gross_margin_4q_avg": 14.43,
            "net_income": 1064264,
            "net_income_4q": null,
            "revenue": 6429076,
            "revenue_4q": null,
            "common_shares": 3000000,
            "book_valuer_per_share": 66.05,
            "book_valuer_per_share_4q_avg": 65.52,
            "equity": 19813733,
            "current_ratio": 465.1,
            "debt_ratio": 22.45,
            "inventory_turnover_ratio": 3056.6,
            "account_receivable_turnover_ratio": 9.66,
            "reinvestment_rate": 103.43,
            "research_to_sale_ratio": 2.24,
            "price_fair": 361.8,
            "eps_avg_yearly": 10.34,
            "eps_latest_yearly": 14.2,
            "eps_growth_yearly": 220.37
        },
        "20124": {
            "year_quarter": 20124,
            "year": 2012,
            "quarter": 4,
            "eps": 3.48,
            "eps_growth_year": -6.7,
            "eps_4q": 16.43,
            "eps_4q_growth_year": 28.68,
            "roe": 5.16,
            "roe_4q": 24.94,
            "gross_profit": 816330,
            "gross_margin": 15.25,
            "gross_margin_4q_avg": 13.99,
            "net_income": 1044015,
            "net_income_4q": null,
            "revenue": 5351948,
            "revenue_4q": null,
            "common_shares": 3000000,
            "book_valuer_per_share": 68.9,
            "book_valuer_per_share_4q_avg": 66.45,
            "equity": 20670332,
            "current_ratio": 476.15,
            "debt_ratio": 23.85,
            "inventory_turnover_ratio": 2602.94,
            "account_receivable_turnover_ratio": 8.52,
            "reinvestment_rate": 83.98,
            "research_to_sale_ratio": 3.72,
            "price_fair": 395.1,
            "eps_avg_yearly": 11.29,
            "eps_latest_yearly": 13.92,
            "eps_growth_yearly": 241.12
        },
        "20131": {
            "year_quarter": 20131,
            "year": 2013,
            "quarter": 1,
            "eps": 4.27,
            "eps_growth_year": 26.33,
            "eps_4q": 17.32,
            "eps_4q_growth_year": 30.59,
            "roe": 5.92,
            "roe_4q": 25.75,
            "gross_profit": 1152253,
            "gross_margin": 15.17,
            "gross_margin_4q_avg": 14.52,
            "net_income": 1280846,
            "net_income_4q": null,
            "revenue": 7596030,
            "revenue_4q": null,
            "common_shares": 3000000,
            "book_valuer_per_share": 75.31,
            "book_valuer_per_share_4q_avg": 68.52,
            "equity": 22593504,
            "current_ratio": 582.1,
            "debt_ratio": 22,
            "inventory_turnover_ratio": 3737.69,
            "account_receivable_turnover_ratio": 13.02,
            "reinvestment_rate": 100.92,
            "research_to_sale_ratio": 1.63,
            "price_fair": 429.1,
            "eps_avg_yearly": 12.26,
            "eps_latest_yearly": 17.08,
            "eps_growth_yearly": 110.46
        },
        "20132": {
            "year_quarter": 20132,
            "year": 2013,
            "quarter": 2,
            "eps": 5.93,
            "eps_growth_year": -1.6,
            "eps_4q": 17.23,
            "eps_4q_growth_year": -5.02,
            "roe": 8.21,
            "roe_4q": 24.75,
            "gross_profit": 1296024,
            "gross_margin": 18.92,
            "gross_margin_4q_avg": 15.77,
            "net_income": 1779029,
            "net_income_4q": null,
            "revenue": 6849254,
            "revenue_4q": null,
            "common_shares": 3000000,
            "book_valuer_per_share": 69.09,
            "book_valuer_per_share_4q_avg": 69.84,
            "equity": 20727288,
            "current_ratio": 252.49,
            "debt_ratio": 32.88,
            "inventory_turnover_ratio": 2946.01,
            "account_receivable_turnover_ratio": 12.9,
            "reinvestment_rate": 101.92,
            "research_to_sale_ratio": 2.42,
            "price_fair": 479.1,
            "eps_avg_yearly": 13.69,
            "eps_latest_yearly": 23.72,
            "eps_growth_yearly": 119.6
        },
        "20133": {
            "year_quarter": 20133,
            "year": 2013,
            "quarter": 3,
            "eps": 6.59,
            "eps_growth_year": 85.76,
            "eps_4q": 20.27,
            "eps_4q_growth_year": 21.49,
            "roe": 9.16,
            "roe_4q": 28.45,
            "gross_profit": 1567997,
            "gross_margin": 19.71,
            "gross_margin_4q_avg": 17.26,
            "net_income": 1977405,
            "net_income_4q": null,
            "revenue": 7956853,
            "revenue_4q": null,
            "common_shares": 3000000,
            "book_valuer_per_share": 74.81,
            "book_valuer_per_share_4q_avg": 72.03,
            "equity": 22442717,
            "current_ratio": 341.33,
            "debt_ratio": 30.61,
            "inventory_turnover_ratio": 40.94,
            "account_receivable_turnover_ratio": 13.41,
            "reinvestment_rate": 87.16,
            "research_to_sale_ratio": 2.01,
            "price_fair": 530.9,
            "eps_avg_yearly": 15.17,
            "eps_latest_yearly": 26.36,
            "eps_growth_yearly": 108.03
        },
        "20134": {
            "year_quarter": 20134,
            "year": 2013,
            "quarter": 4,
            "eps": 7.54,
            "eps_growth_year": 116.73,
            "eps_4q": 24.33,
            "eps_4q_growth_year": 48.06,
            "roe": 9.53,
            "roe_4q": 32.82,
            "gross_profit": 1432576,
            "gross_margin": 15.77,
            "gross_margin_4q_avg": 17.39,
            "net_income": 2262717,
            "net_income_4q": null,
            "revenue": 9083913,
            "revenue_4q": null,
            "common_shares": 3000000,
            "book_valuer_per_share": 83.47,
            "book_valuer_per_share_4q_avg": 75.67,
            "equity": 25040477,
            "current_ratio": 350.62,
            "debt_ratio": 29.1,
            "inventory_turnover_ratio": 49.01,
            "account_receivable_turnover_ratio": 18.09,
            "reinvestment_rate": 16.85,
            "research_to_sale_ratio": 1.85,
            "price_fair": 565.88,
            "eps_avg_yearly": 16.17,
            "eps_latest_yearly": 30.16,
            "eps_growth_yearly": 104.67
        },
        "20141": {
            "year_quarter": 20141,
            "year": 2014,
            "quarter": 1,
            "eps": 3.99,
            "eps_growth_year": -6.56,
            "eps_4q": 24.05,
            "eps_4q_growth_year": 38.82,
            "roe": 4.63,
            "roe_4q": 31.53,
            "gross_profit": 949796,
            "gross_margin": 11.61,
            "gross_margin_4q_avg": 16.5,
            "net_income": 1195559,
            "net_income_4q": null,
            "revenue": 8179598,
            "revenue_4q": null,
            "common_shares": 3000000,
            "book_valuer_per_share": 88.76,
            "book_valuer_per_share_4q_avg": 79.03,
            "equity": 26629325,
            "current_ratio": 374.59,
            "debt_ratio": 26.65,
            "inventory_turnover_ratio": 2047.81,
            "account_receivable_turnover_ratio": 13.13,
            "reinvestment_rate": 9.08,
            "research_to_sale_ratio": 1.54,
            "price_fair": 565.43,
            "eps_avg_yearly": 16.16,
            "eps_latest_yearly": 15.96,
            "eps_growth_yearly": 86.36
        },
        "20142": {
            "year_quarter": 20142,
            "year": 2014,
            "quarter": 2,
            "eps": 4.27,
            "eps_growth_year": -27.99,
            "eps_4q": 22.39,
            "eps_4q_growth_year": 29.94,
            "roe": 5.31,
            "roe_4q": 28.63,
            "gross_profit": 1251376,
            "gross_margin": 12.39,
            "gross_margin_4q_avg": 14.87,
            "net_income": 1279973,
            "net_income_4q": null,
            "revenue": 10097123,
            "revenue_4q": null,
            "common_shares": 3000000,
            "book_valuer_per_share": 71.9,
            "book_valuer_per_share_4q_avg": 79.74,
            "equity": 21570598,
            "current_ratio": 196.92,
            "debt_ratio": 42.01,
            "inventory_turnover_ratio": 1889.91,
            "account_receivable_turnover_ratio": 11.62,
            "reinvestment_rate": 0.17,
            "research_to_sale_ratio": 1.33,
            "price_fair": 576.01,
            "eps_avg_yearly": 16.46,
            "eps_latest_yearly": 17.08,
            "eps_growth_yearly": 82.88
        },
        "20143": {
            "year_quarter": 20143,
            "year": 2014,
            "quarter": 3,
            "eps": 4.81,
            "eps_growth_year": -27.01,
            "eps_4q": 20.61,
            "eps_4q_growth_year": 1.65,
            "roe": 6.42,
            "roe_4q": 25.89,
            "gross_profit": 1106105,
            "gross_margin": 13.64,
            "gross_margin_4q_avg": 13.35,
            "net_income": 1443622,
            "net_income_4q": null,
            "revenue": 8110603,
            "revenue_4q": null,
            "common_shares": 3000000,
            "book_valuer_per_share": 77.91,
            "book_valuer_per_share_4q_avg": 80.51,
            "equity": 23373356,
            "current_ratio": 236.5,
            "debt_ratio": 28.55,
            "inventory_turnover_ratio": 139.36,
            "account_receivable_turnover_ratio": 11.09,
            "reinvestment_rate": 5.38,
            "research_to_sale_ratio": 2.08,
            "price_fair": 600.34,
            "eps_avg_yearly": 17.15,
            "eps_latest_yearly": 19.24,
            "eps_growth_yearly": 94.46
        },
        "20144": {
            "year_quarter": 20144,
            "year": 2014,
            "quarter": 4,
            "eps": 8.68,
            "eps_growth_year": 15.11,
            "eps_4q": 21.75,
            "eps_4q_growth_year": -10.63,
            "roe": 10.36,
            "roe_4q": 26.72,
            "gross_profit": 1014384,
            "gross_margin": 14.94,
            "gross_margin_4q_avg": 13.15,
            "net_income": 2604605,
            "net_income_4q": null,
            "revenue": 6789513,
            "revenue_4q": null,
            "common_shares": 3000000,
            "book_valuer_per_share": 89.77,
            "book_valuer_per_share_4q_avg": 82.09,
            "equity": 26930512,
            "current_ratio": 255.34,
            "debt_ratio": 26.23,
            "inventory_turnover_ratio": 116.77,
            "account_receivable_turnover_ratio": 14.55,
            "reinvestment_rate": 20.26,
            "research_to_sale_ratio": 2.32,
            "price_fair": 658.79,
            "eps_avg_yearly": 18.82,
            "eps_latest_yearly": 34.72,
            "eps_growth_yearly": 114.94
        },
        "20151": {
            "year_quarter": 20151,
            "year": 2015,
            "quarter": 1,
            "eps": 3.42,
            "eps_growth_year": -14.29,
            "eps_4q": 21.18,
            "eps_4q_growth_year": -11.94,
            "roe": 3.76,
            "roe_4q": 25.849999999999998,
            "gross_profit": 1174669,
            "gross_margin": 12.99,
            "gross_margin_4q_avg": 13.49,
            "net_income": 1025315,
            "net_income_4q": null,
            "revenue": 9042254,
            "revenue_4q": null,
            "common_shares": 3000000,
            "book_valuer_per_share": 92.07,
            "book_valuer_per_share_4q_avg": 82.91,
            "equity": 27619924,
            "current_ratio": 237.79,
            "debt_ratio": 27.65,
            "inventory_turnover_ratio": 86.08,
            "account_receivable_turnover_ratio": 20.52,
            "reinvestment_rate": 20.67,
            "research_to_sale_ratio": 1.53,
            "price_fair": 663.43,
            "eps_avg_yearly": 18.96,
            "eps_latest_yearly": 13.68,
            "eps_growth_yearly": 88.66
        },
        "20152": {
            "year_quarter": 20152,
            "year": 2015,
            "quarter": 2,
            "eps": 4.62,
            "eps_growth_year": 8.2,
            "eps_4q": 21.53,
            "eps_4q_growth_year": -3.81,
            "roe": 5.85,
            "roe_4q": 26.39,
            "gross_profit": 1708812,
            "gross_margin": 17.69,
            "gross_margin_4q_avg": 14.82,
            "net_income": 1386141,
            "net_income_4q": null,
            "revenue": 9662102,
            "revenue_4q": null,
            "common_shares": 3000000,
            "book_valuer_per_share": 65.83,
            "book_valuer_per_share_4q_avg": 81.4,
            "equity": 19749143,
            "current_ratio": 141.77,
            "debt_ratio": 49.64,
            "inventory_turnover_ratio": 38.29,
            "account_receivable_turnover_ratio": 14.5,
            "reinvestment_rate": 1.53,
            "research_to_sale_ratio": 1.32,
            "price_fair": 693.79,
            "eps_avg_yearly": 19.82,
            "eps_latest_yearly": 18.48,
            "eps_growth_yearly": 112.49
        },
        "20153": {
            "year_quarter": 20153,
            "year": 2015,
            "quarter": 3,
            "eps": 2.85,
            "eps_growth_year": -40.75,
            "eps_4q": 19.57,
            "eps_4q_growth_year": -5.03,
            "roe": 4.15,
            "roe_4q": 24.119999999999997,
            "gross_profit": 1170835,
            "gross_margin": 14.84,
            "gross_margin_4q_avg": 15.12,
            "net_income": 854808,
            "net_income_4q": null,
            "revenue": 7889273,
            "revenue_4q": null,
            "common_shares": 3000000,
            "book_valuer_per_share": 71.48,
            "book_valuer_per_share_4q_avg": 79.79,
            "equity": 21443449,
            "current_ratio": 187.27,
            "debt_ratio": 32.99,
            "inventory_turnover_ratio": 25.75,
            "account_receivable_turnover_ratio": 12.48,
            "reinvestment_rate": 20.86,
            "research_to_sale_ratio": 1.54,
            "price_fair": 563.4,
            "eps_avg_yearly": 19.29,
            "eps_latest_yearly": 11.4,
            "eps_growth_yearly": 19.21
        },
        "20154": {
            "year_quarter": 20154,
            "year": 2015,
            "quarter": 4,
            "eps": 3,
            "eps_growth_year": -65.46,
            "eps_4q": 13.89,
            "eps_4q_growth_year": -36.14,
            "roe": 4.15,
            "roe_4q": 17.91,
            "gross_profit": 1250897,
            "gross_margin": 18.88,
            "gross_margin_4q_avg": 16.1,
            "net_income": 899637,
            "net_income_4q": null,
            "revenue": 6624765,
            "revenue_4q": null,
            "common_shares": 3000000,
            "book_valuer_per_share": 73.18,
            "book_valuer_per_share_4q_avg": 75.64,
            "equity": 21955178,
            "current_ratio": 176.17,
            "debt_ratio": 29.58,
            "inventory_turnover_ratio": 37.14,
            "account_receivable_turnover_ratio": 12.32,
            "reinvestment_rate": 39.01,
            "research_to_sale_ratio": 1.96,
            "price_fair": 668.59,
            "eps_avg_yearly": 19.1,
            "eps_latest_yearly": 12,
            "eps_growth_yearly": 26.88
        },
        "20161": {
            "year_quarter": 20161,
            "year": 2016,
            "quarter": 1,
            "eps": 3.64,
            "eps_growth_year": 6.43,
            "eps_4q": 14.11,
            "eps_4q_growth_year": -33.38,
            "roe": 4.89,
            "roe_4q": 19.04,
            "gross_profit": 1444585,
            "gross_margin": 15.2,
            "gross_margin_4q_avg": 16.65,
            "net_income": 1092363,
            "net_income_4q": null,
            "revenue": 9502882,
            "revenue_4q": null,
            "common_shares": 3000000,
            "book_valuer_per_share": 75.86,
            "book_valuer_per_share_4q_avg": 71.59,
            "equity": 22758840,
            "current_ratio": 222.14,
            "debt_ratio": 29.02,
            "inventory_turnover_ratio": 3050.07,
            "account_receivable_turnover_ratio": 13.41,
            "reinvestment_rate": 25.47,
            "research_to_sale_ratio": 1.2,
            "price_fair": 670.86,
            "eps_avg_yearly": 19.17,
            "eps_latest_yearly": 14.56,
            "eps_growth_yearly": 34.56
        },
        "20162": {
            "year_quarter": 20162,
            "year": 2016,
            "quarter": 2,
            "eps": 4.38,
            "eps_growth_year": -5.19,
            "eps_4q": 13.87,
            "eps_4q_growth_year": -35.58,
            "roe": 6.15,
            "roe_4q": 19.34,
            "gross_profit": 1419080,
            "gross_margin": 14.8,
            "gross_margin_4q_avg": 15.93,
            "net_income": 1314585,
            "net_income_4q": null,
            "revenue": 9588854,
            "revenue_4q": null,
            "common_shares": 3000000,
            "book_valuer_per_share": 66.72,
            "book_valuer_per_share_4q_avg": 71.81,
            "equity": 20014719,
            "current_ratio": 176.75,
            "debt_ratio": 38.09,
            "inventory_turnover_ratio": 151.16,
            "account_receivable_turnover_ratio": 10.68,
            "reinvestment_rate": 15.4,
            "research_to_sale_ratio": 1.21,
            "price_fair": 563.43,
            "eps_avg_yearly": 18.76,
            "eps_latest_yearly": 17.52,
            "eps_growth_yearly": 20.04
        },
        "20163": {
            "year_quarter": 20163,
            "year": 2016,
            "quarter": 3,
            "eps": 3.1,
            "eps_growth_year": 8.77,
            "eps_4q": 14.12,
            "eps_4q_growth_year": -27.83,
            "roe": 4.62,
            "roe_4q": 19.810000000000002,
            "gross_profit": 1044259,
            "gross_margin": 12.79,
            "gross_margin_4q_avg": 15.42,
            "net_income": 930226,
            "net_income_4q": null,
            "revenue": 8164265,
            "revenue_4q": null,
            "common_shares": 3000000,
            "book_valuer_per_share": 67.6,
            "book_valuer_per_share_4q_avg": 70.84,
            "equity": 20280190,
            "current_ratio": 214.89,
            "debt_ratio": 31.1,
            "inventory_turnover_ratio": 126.74,
            "account_receivable_turnover_ratio": 8.72,
            "reinvestment_rate": 13.84,
            "research_to_sale_ratio": 1.49,
            "price_fair": 615.53,
            "eps_avg_yearly": 18.64,
            "eps_latest_yearly": 12.4,
            "eps_growth_yearly": 23.02
        },
        "20164": {
            "year_quarter": 20164,
            "year": 2016,
            "quarter": 4,
            "eps": 4.31,
            "eps_growth_year": 43.77,
            "eps_4q": 15.44,
            "eps_4q_growth_year": 11.16,
            "roe": 6.18,
            "roe_4q": 21.840000000000003,
            "gross_profit": 1138725,
            "gross_margin": 14.97,
            "gross_margin_4q_avg": 14.44,
            "net_income": 1293441,
            "net_income_4q": null,
            "revenue": 7604445,
            "revenue_4q": null,
            "common_shares": 3000000,
            "book_valuer_per_share": 71.85,
            "book_valuer_per_share_4q_avg": 70.51,
            "equity": 21554343,
            "current_ratio": 203.52,
            "debt_ratio": 27.52,
            "inventory_turnover_ratio": 1432.37,
            "account_receivable_turnover_ratio": 10.01,
            "reinvestment_rate": 26.25,
            "research_to_sale_ratio": 2.29,
            "price_fair": 659.75,
            "eps_avg_yearly": 18.85,
            "eps_latest_yearly": 17.24,
            "eps_growth_yearly": 33.27
        },
        "20171": {
            "year_quarter": 20171,
            "year": 2017,
            "quarter": 1,
            "eps": 4.81,
            "eps_growth_year": 32.14,
            "eps_4q": 16.6,
            "eps_4q_growth_year": 17.66,
            "roe": 6.6,
            "roe_4q": 23.549999999999997,
            "gross_profit": 1793369,
            "gross_margin": 18.19,
            "gross_margin_4q_avg": 15.19,
            "net_income": 1442045,
            "net_income_4q": null,
            "revenue": 9856813,
            "revenue_4q": null,
            "common_shares": 3000000,
            "book_valuer_per_share": 73.72,
            "book_valuer_per_share_4q_avg": 69.97,
            "equity": 22117348,
            "current_ratio": 204.9,
            "debt_ratio": 27.88,
            "inventory_turnover_ratio": 3173.33,
            "account_receivable_turnover_ratio": 14.92,
            "reinvestment_rate": 14.14,
            "research_to_sale_ratio": 1.45,
            "price_fair": 664.48,
            "eps_avg_yearly": 18.99,
            "eps_latest_yearly": 19.24,
            "eps_growth_yearly": 30.49
        },
        "20172": {
            "year_quarter": 20172,
            "year": 2017,
            "quarter": 2,
            "eps": 6.1,
            "eps_growth_year": 39.27,
            "eps_4q": 18.32,
            "eps_4q_growth_year": 32.07,
            "roe": 9.19,
            "roe_4q": 26.59,
            "gross_profit": 1531337,
            "gross_margin": 17.28,
            "gross_margin_4q_avg": 15.81,
            "net_income": 1830173,
            "net_income_4q": null,
            "revenue": 8861449,
            "revenue_4q": null,
            "common_shares": 3000000,
            "book_valuer_per_share": 58.98,
            "book_valuer_per_share_4q_avg": 68.04,
            "equity": 17695040,
            "current_ratio": 163.9,
            "debt_ratio": 40.11,
            "inventory_turnover_ratio": 74.32,
            "account_receivable_turnover_ratio": 10.63,
            "reinvestment_rate": -7.84,
            "research_to_sale_ratio": 1.73,
            "price_fair": 665.96,
            "eps_avg_yearly": 19.03,
            "eps_latest_yearly": 24.4,
            "eps_growth_yearly": 27.48
        },
        "20173": {
            "year_quarter": 20173,
            "year": 2017,
            "quarter": 3,
            "eps": 5.64,
            "eps_growth_year": 81.94,
            "eps_4q": 20.86,
            "eps_4q_growth_year": 47.69,
            "roe": 9.09,
            "roe_4q": 31.060000000000002,
            "gross_profit": 1527575,
            "gross_margin": 19.32,
            "gross_margin_4q_avg": 17.44,
            "net_income": 1691823,
            "net_income_4q": null,
            "revenue": 7904917,
            "revenue_4q": null,
            "common_shares": 3000000,
            "book_valuer_per_share": 65.16,
            "book_valuer_per_share_4q_avg": 67.43,
            "equity": 19546697,
            "current_ratio": 434.9,
            "debt_ratio": 18.94,
            "inventory_turnover_ratio": 64.74,
            "account_receivable_turnover_ratio": 11.51,
            "reinvestment_rate": 2.85,
            "research_to_sale_ratio": 2.02,
            "price_fair": 616.53,
            "eps_avg_yearly": 18.79,
            "eps_latest_yearly": 22.56,
            "eps_growth_yearly": 22.81
        },
        "20174": {
            "year_quarter": 20174,
            "year": 2017,
            "quarter": 4,
            "eps": 5.59,
            "eps_growth_year": 29.77,
            "eps_4q": 22.14,
            "eps_4q_growth_year": 43.45,
            "roe": 8.24,
            "roe_4q": 33.12,
            "gross_profit": 1332174,
            "gross_margin": 20.19,
            "gross_margin_4q_avg": 18.75,
            "net_income": 1678459,
            "net_income_4q": null,
            "revenue": 6598595,
            "revenue_4q": null,
            "common_shares": 3000000,
            "book_valuer_per_share": 70.65,
            "book_valuer_per_share_4q_avg": 67.13,
            "equity": 21194624,
            "current_ratio": 345.05,
            "debt_ratio": 17.78,
            "inventory_turnover_ratio": 4482.06,
            "account_receivable_turnover_ratio": 9.54,
            "reinvestment_rate": -0.03,
            "research_to_sale_ratio": 3.26,
            "price_fair": 530.51,
            "eps_avg_yearly": 18.3,
            "eps_latest_yearly": 22.36,
            "eps_growth_yearly": 18.99
        },
        "20181": {
            "year_quarter": 20181,
            "year": 2018,
            "quarter": 1,
            "eps": 3.7,
            "eps_growth_year": -23.08,
            "eps_4q": 21.04,
            "eps_4q_growth_year": 26.73,
            "roe": 5.08,
            "roe_4q": 31.6,
            "gross_profit": 1661383,
            "gross_margin": 19.88,
            "gross_margin_4q_avg": 19.17,
            "net_income": 1111027,
            "net_income_4q": null,
            "revenue": 8358448,
            "revenue_4q": null,
            "common_shares": 3000000,
            "book_valuer_per_share": 75.17,
            "book_valuer_per_share_4q_avg": 67.49,
            "equity": 22550682,
            "current_ratio": 362.19,
            "debt_ratio": 18.2,
            "inventory_turnover_ratio": 116.94,
            "account_receivable_turnover_ratio": 12.56,
            "reinvestment_rate": 10.36,
            "research_to_sale_ratio": 1.66,
            "price_fair": 588.9,
            "eps_avg_yearly": 18.23,
            "eps_latest_yearly": 14.8,
            "eps_growth_yearly": 22.3
        },
        "20182": {
            "year_quarter": 20182,
            "year": 2018,
            "quarter": 2,
            "eps": 6.13,
            "eps_growth_year": 0.49,
            "eps_4q": 21.07,
            "eps_4q_growth_year": 15.03,
            "roe": 9.08,
            "roe_4q": 31.49,
            "gross_profit": 1460599,
            "gross_margin": 18.07,
            "gross_margin_4q_avg": 19.37,
            "net_income": 1840495,
            "net_income_4q": null,
            "revenue": 8082566,
            "revenue_4q": null,
            "common_shares": 3000000,
            "book_valuer_per_share": 60.04,
            "book_valuer_per_share_4q_avg": 67.76,
            "equity": 18011350,
            "current_ratio": 108.6,
            "debt_ratio": 40.06,
            "inventory_turnover_ratio": 115.63,
            "account_receivable_turnover_ratio": 12.77,
            "reinvestment_rate": 22.91,
            "research_to_sale_ratio": 2.43,
            "price_fair": 654.33,
            "eps_avg_yearly": 18.7,
            "eps_latest_yearly": 24.52,
            "eps_growth_yearly": 36.97
        },
        "20183": {
            "year_quarter": 20183,
            "year": 2018,
            "quarter": 3,
            "eps": 4.68,
            "eps_growth_year": -17.02,
            "eps_4q": 20.12,
            "eps_4q_growth_year": -3.56,
            "roe": 7.65,
            "roe_4q": 30.050000000000004,
            "gross_profit": 1093191,
            "gross_margin": 16.84,
            "gross_margin_4q_avg": 18.75,
            "net_income": 1404783,
            "net_income_4q": null,
            "revenue": 6490696,
            "revenue_4q": null,
            "common_shares": 3000000,
            "book_valuer_per_share": 62.46,
            "book_valuer_per_share_4q_avg": 67.08,
            "equity": 18737600,
            "current_ratio": 363.17,
            "debt_ratio": 22.61,
            "inventory_turnover_ratio": null,
            "account_receivable_turnover_ratio": 8.53,
            "reinvestment_rate": -3.21,
            "research_to_sale_ratio": 2.94,
            "price_fair": 653.19,
            "eps_avg_yearly": 18.66,
            "eps_latest_yearly": 18.72,
            "eps_growth_yearly": 27.89
        },
        "20184": {
            "year_quarter": 20184,
            "year": 2018,
            "quarter": 4,
            "eps": 5.11,
            "eps_growth_year": -8.62,
            "eps_4q": 19.63,
            "eps_4q_growth_year": -11.33,
            "roe": 7.83,
            "roe_4q": 29.64,
            "gross_profit": 1111554,
            "gross_margin": 13.35,
            "gross_margin_4q_avg": 17.04,
            "net_income": 1533741,
            "net_income_4q": null,
            "revenue": 8326020,
            "revenue_4q": null,
            "common_shares": 3000000,
            "book_valuer_per_share": 68.19,
            "book_valuer_per_share_4q_avg": 66.47,
            "equity": 20457034,
            "current_ratio": 251.69,
            "debt_ratio": 21.62,
            "inventory_turnover_ratio": null,
            "account_receivable_turnover_ratio": 10.59,
            "reinvestment_rate": -9.71,
            "research_to_sale_ratio": 2.17,
            "price_fair": 356.75,
            "eps_avg_yearly": 17.77,
            "eps_latest_yearly": 20.44,
            "eps_growth_yearly": 10.08
        },
        "20191": {
            "year_quarter": 20191,
            "year": 2019,
            "quarter": 1,
            "eps": 5.05,
            "eps_growth_year": 36.49,
            "eps_4q": 20.98,
            "eps_4q_growth_year": -0.29,
            "roe": 7.08,
            "roe_4q": 31.64,
            "gross_profit": 1503189,
            "gross_margin": 17.01,
            "gross_margin_4q_avg": 16.32,
            "net_income": 1514128,
            "net_income_4q": null,
            "revenue": 8836231,
            "revenue_4q": null,
            "common_shares": 3000000,
            "book_valuer_per_share": 74.45,
            "book_valuer_per_share_4q_avg": 66.29,
            "equity": 22335949,
            "current_ratio": 292.64,
            "debt_ratio": 21.4,
            "inventory_turnover_ratio": null,
            "account_receivable_turnover_ratio": 10.03,
            "reinvestment_rate": -6.05,
            "research_to_sale_ratio": 1.31,
            "price_fair": 634.98,
            "eps_avg_yearly": 18.18,
            "eps_latest_yearly": 20.2,
            "eps_growth_yearly": 24.93
        },
        "20192": {
            "year_quarter": 20192,
            "year": 2019,
            "quarter": 2,
            "eps": 5.24,
            "eps_growth_year": -14.52,
            "eps_4q": 20.09,
            "eps_4q_growth_year": -4.68,
            "roe": 7.7,
            "roe_4q": 30.259999999999998,
            "gross_profit": 936530,
            "gross_margin": 13.3,
            "gross_margin_4q_avg": 15.13,
            "net_income": 1573403,
            "net_income_4q": null,
            "revenue": 7039697,
            "revenue_4q": null,
            "common_shares": 3000000,
            "book_valuer_per_share": 61.79,
            "book_valuer_per_share_4q_avg": 66.72,
            "equity": 18536060,
            "current_ratio": 200.92,
            "debt_ratio": 37.7,
            "inventory_turnover_ratio": null,
            "account_receivable_turnover_ratio": 8.74,
            "reinvestment_rate": -13.03,
            "research_to_sale_ratio": 1.75,
            "price_fair": 496.82,
            "eps_avg_yearly": 18.33,
            "eps_latest_yearly": 20.96,
            "eps_growth_yearly": 17.1
        },
        "20193": {
            "year_quarter": 20193,
            "year": 2019,
            "quarter": 3,
            "eps": 6.59,
            "eps_growth_year": 40.81,
            "eps_4q": 22,
            "eps_4q_growth_year": 9.34,
            "roe": 10.31,
            "roe_4q": 32.92,
            "gross_profit": 1130152,
            "gross_margin": 14.27,
            "gross_margin_4q_avg": 14.48,
            "net_income": 1977252,
            "net_income_4q": null,
            "revenue": 7919366,
            "revenue_4q": null,
            "common_shares": 3000000,
            "book_valuer_per_share": 66.01,
            "book_valuer_per_share_4q_avg": 67.61,
            "equity": 19802694,
            "current_ratio": 336.37,
            "debt_ratio": 27.59,
            "inventory_turnover_ratio": null,
            "account_receivable_turnover_ratio": 6.58,
            "reinvestment_rate": -29.31,
            "research_to_sale_ratio": 2.05,
            "price_fair": 674.36,
            "eps_avg_yearly": 19.27,
            "eps_latest_yearly": 26.36,
            "eps_growth_yearly": 33.12
        },
        "20194": {
            "year_quarter": 20194,
            "year": 2019,
            "quarter": 4,
            "eps": 7.39,
            "eps_growth_year": 44.56,
            "eps_4q": 24.27,
            "eps_4q_growth_year": 23.63,
            "roe": 10.72,
            "roe_4q": 35.81,
            "gross_profit": 1278351,
            "gross_margin": 14.69,
            "gross_margin_4q_avg": 14.82,
            "net_income": 2217114,
            "net_income_4q": null,
            "revenue": 8703313,
            "revenue_4q": null,
            "common_shares": 3000000,
            "book_valuer_per_share": 71.91,
            "book_valuer_per_share_4q_avg": 68.54,
            "equity": 21573324,
            "current_ratio": 404.76,
            "debt_ratio": 24.49,
            "inventory_turnover_ratio": null,
            "account_receivable_turnover_ratio": 7.63,
            "reinvestment_rate": -23.1,
            "research_to_sale_ratio": 2.53,
            "price_fair": 712.78,
            "eps_avg_yearly": 20.37,
            "eps_latest_yearly": 29.56,
            "eps_growth_yearly": 34.84
        },
        "20201": {
            "year_quarter": 20201,
            "year": 2020,
            "quarter": 1,
            "eps": 0.6,
            "eps_growth_year": -88.12,
            "eps_4q": 19.82,
            "eps_4q_growth_year": -5.51,
            "roe": 0.82,
            "roe_4q": 29.55,
            "gross_profit": 1058628,
            "gross_margin": 14.38,
            "gross_margin_4q_avg": 14.16,
            "net_income": 178586,
            "net_income_4q": null,
            "revenue": 7360633,
            "revenue_4q": null,
            "common_shares": 3000000,
            "book_valuer_per_share": 72.44,
            "book_valuer_per_share_4q_avg": 68.04,
            "equity": 21731075,
            "current_ratio": 552.49,
            "debt_ratio": 21.05,
            "inventory_turnover_ratio": 87527.85,
            "account_receivable_turnover_ratio": 10,
            "reinvestment_rate": -13.27,
            "research_to_sale_ratio": 1.64,
            "price_fair": 324.17,
            "eps_avg_yearly": 19.61,
            "eps_latest_yearly": 2.4,
            "eps_growth_yearly": 6.54
        },
        "20202": {
            "year_quarter": 20202,
            "year": 2020,
            "quarter": 2,
            "eps": 4.94,
            "eps_growth_year": -5.73,
            "eps_4q": 19.52,
            "eps_4q_growth_year": -2.84,
            "roe": 7.76,
            "roe_4q": 29.61,
            "gross_profit": 1021514,
            "gross_margin": 14.18,
            "gross_margin_4q_avg": 14.38,
            "net_income": 1481793,
            "net_income_4q": null,
            "revenue": 7203345,
            "revenue_4q": null,
            "common_shares": 3000000,
            "book_valuer_per_share": 54.89,
            "book_valuer_per_share_4q_avg": 66.31,
            "equity": 16466430,
            "current_ratio": 163.33,
            "debt_ratio": 43.57,
            "inventory_turnover_ratio": 85858.76,
            "account_receivable_turnover_ratio": 10.41,
            "reinvestment_rate": -1.05,
            "research_to_sale_ratio": 2.3,
            "price_fair": 691.08,
            "eps_avg_yearly": 19.75,
            "eps_latest_yearly": 19.76,
            "eps_growth_yearly": 182.29
        },
        "20203": {
            "year_quarter": 20203,
            "year": 2020,
            "quarter": 3,
            "eps": 7.21,
            "eps_growth_year": 9.41,
            "eps_4q": 20.13,
            "eps_4q_growth_year": -8.48,
            "roe": 12.27,
            "roe_4q": 31.57,
            "gross_profit": 1036303,
            "gross_margin": 14.66,
            "gross_margin_4q_avg": 14.48,
            "net_income": 2161589,
            "net_income_4q": null,
            "revenue": 7071034,
            "revenue_4q": null,
            "common_shares": 3000000,
            "book_valuer_per_share": 62.57,
            "book_valuer_per_share_4q_avg": 65.45,
            "equity": 18771515,
            "current_ratio": 256.99,
            "debt_ratio": 32.79,
            "inventory_turnover_ratio": null,
            "account_receivable_turnover_ratio": 11.24,
            "reinvestment_rate": -0.5,
            "research_to_sale_ratio": 2.16,
            "price_fair": 727.04,
            "eps_avg_yearly": 20.77,
            "eps_latest_yearly": 28.84,
            "eps_growth_yearly": 201.08
        },
        "20204": {
            "year_quarter": 20204,
            "year": 2020,
            "quarter": 4,
            "eps": 9.06,
            "eps_growth_year": 22.64,
            "eps_4q": 21.8,
            "eps_4q_growth_year": -10.18,
            "roe": 13.44,
            "roe_4q": 34.29,
            "gross_profit": 978087,
            "gross_margin": 12.19,
            "gross_margin_4q_avg": 13.85,
            "net_income": 2718970,
            "net_income_4q": null,
            "revenue": 8025626,
            "revenue_4q": null,
            "common_shares": 3000000,
            "book_valuer_per_share": 72.25,
            "book_valuer_per_share_4q_avg": 65.54,
            "equity": 21674551,
            "current_ratio": 334.21,
            "debt_ratio": 21.93,
            "inventory_turnover_ratio": null,
            "account_receivable_turnover_ratio": 14.63,
            "reinvestment_rate": 6.34,
            "research_to_sale_ratio": 1.97,
            "price_fair": 768.6,
            "eps_avg_yearly": 21.96,
            "eps_latest_yearly": 36.24,
            "eps_growth_yearly": 197.74
        },
        "20211": {
            "year_quarter": 20211,
            "year": 2021,
            "quarter": 1,
            "eps": 2.7,
            "eps_growth_year": 350,
            "eps_4q": 23.91,
            "eps_4q_growth_year": 20.6,
            "roe": 3.67,
            "roe_4q": 37.14,
            "gross_profit": 892366,
            "gross_margin": 11.29,
            "gross_margin_4q_avg": 13.08,
            "net_income": 809175,
            "net_income_4q": null,
            "revenue": 7900885,
            "revenue_4q": null,
            "common_shares": 3000000,
            "book_valuer_per_share": 74.66,
            "book_valuer_per_share_4q_avg": 66.09,
            "equity": 22396914,
            "current_ratio": 292.6,
            "debt_ratio": 23.03,
            "inventory_turnover_ratio": null,
            "account_receivable_turnover_ratio": 19.76,
            "reinvestment_rate": 8.75,
            "research_to_sale_ratio": 1.1,
            "price_fair": 750.14,
            "eps_avg_yearly": 21.43,
            "eps_latest_yearly": 10.8,
            "eps_growth_yearly": 177.29
        },
        "20212": {
            "year_quarter": 20212,
            "year": 2021,
            "quarter": 2,
            "eps": 2.31,
            "eps_growth_year": -53.24,
            "eps_4q": 21.28,
            "eps_4q_growth_year": 9.03,
            "roe": 3.49,
            "roe_4q": 32.870000000000005,
            "gross_profit": 727601,
            "gross_margin": 11.83,
            "gross_margin_4q_avg": 12.49,
            "net_income": 693534,
            "net_income_4q": null,
            "revenue": 6151868,
            "revenue_4q": null,
            "common_shares": 3000000,
            "book_valuer_per_share": 57.9,
            "book_valuer_per_share_4q_avg": 66.85,
            "equity": 17368525,
            "current_ratio": 103.04,
            "debt_ratio": 40.36,
            "inventory_turnover_ratio": null,
            "account_receivable_turnover_ratio": 14.43,
            "reinvestment_rate": 25.41,
            "research_to_sale_ratio": 1.47,
            "price_fair": 716.98,
            "eps_avg_yearly": 20.49,
            "eps_latest_yearly": 9.24,
            "eps_growth_yearly": 166.97
        },
        "20213": {
            "year_quarter": 20213,
            "year": 2021,
            "quarter": 3,
            "eps": 2.41,
            "eps_growth_year": -66.57,
            "eps_4q": 16.48,
            "eps_4q_growth_year": -18.12,
            "roe": 4.09,
            "roe_4q": 24.689999999999998,
            "gross_profit": 489092,
            "gross_margin": 9.24,
            "gross_margin_4q_avg": 11.14,
            "net_income": 723234,
            "net_income_4q": null,
            "revenue": 5294002,
            "revenue_4q": null,
            "common_shares": 3000000,
            "book_valuer_per_share": 60.05,
            "book_valuer_per_share_4q_avg": 66.22,
            "equity": 18013943,
            "current_ratio": 108.39,
            "debt_ratio": 30.38,
            "inventory_turnover_ratio": null,
            "account_receivable_turnover_ratio": 12.54,
            "reinvestment_rate": 22.54,
            "research_to_sale_ratio": 2.09,
            "price_fair": 688.71,
            "eps_avg_yearly": 19.68,
            "eps_latest_yearly": 9.64,
            "eps_growth_yearly": 169.94
        },
        "20214": {
            "year_quarter": 20214,
            "year": 2021,
            "quarter": 4,
            "eps": 2.67,
            "eps_growth_year": -70.58,
            "eps_4q": 10.09,
            "eps_4q_growth_year": -53.74,
            "roe": 4.32,
            "roe_4q": 15.57,
            "gross_profit": 704598,
            "gross_margin": 13.24,
            "gross_margin_4q_avg": 11.4,
            "net_income": 800050,
            "net_income_4q": null,
            "revenue": 5321629,
            "revenue_4q": null,
            "common_shares": 3000000,
            "book_valuer_per_share": 63.34,
            "book_valuer_per_share_4q_avg": 63.99,
            "equity": 19000708,
            "current_ratio": 224.12,
            "debt_ratio": 22.93,
            "inventory_turnover_ratio": null,
            "account_receivable_turnover_ratio": 15.25,
            "reinvestment_rate": 6.2,
            "research_to_sale_ratio": 2.47,
            "price_fair": 663.16,
            "eps_avg_yearly": 18.95,
            "eps_latest_yearly": 10.68,
            "eps_growth_yearly": 172.86
        },
        "20221": {
            "year_quarter": 20221,
            "year": 2022,
            "quarter": 1,
            "eps": 2.7,
            "eps_growth_year": 0,
            "eps_4q": 10.08,
            "eps_4q_growth_year": -57.81,
            "roe": 4.09,
            "roe_4q": 15.99,
            "gross_profit": 939923,
            "gross_margin": 12.11,
            "gross_margin_4q_avg": 11.61,
            "net_income": 808501,
            "net_income_4q": null,
            "revenue": 7764387,
            "revenue_4q": null,
            "common_shares": 3000000,
            "book_valuer_per_share": 68.38,
            "book_valuer_per_share_4q_avg": 62.42,
            "equity": 20513428,
            "current_ratio": 221.11,
            "debt_ratio": 22.7,
            "inventory_turnover_ratio": null,
            "account_receivable_turnover_ratio": 20.2,
            "reinvestment_rate": 5.63,
            "research_to_sale_ratio": 1.34,
            "price_fair": 654.41,
            "eps_avg_yearly": 18.7,
            "eps_latest_yearly": 10.8,
            "eps_growth_yearly": 181.59
        },
        "20222": {
            "year_quarter": 20222,
            "year": 2022,
            "quarter": 2,
            "eps": 0.74,
            "eps_growth_year": -67.97,
            "eps_4q": 8.52,
            "eps_4q_growth_year": -59.97,
            "roe": 1.17,
            "roe_4q": 13.67,
            "gross_profit": 403217,
            "gross_margin": 9.87,
            "gross_margin_4q_avg": 11.12,
            "net_income": 223427,
            "net_income_4q": null,
            "revenue": 4087202,
            "revenue_4q": null,
            "common_shares": 3000000,
            "book_valuer_per_share": 59.21,
            "book_valuer_per_share_4q_avg": 62.75,
            "equity": 17762206,
            "current_ratio": 168.56,
            "debt_ratio": 32.28,
            "inventory_turnover_ratio": null,
            "account_receivable_turnover_ratio": 8.86,
            "reinvestment_rate": -17.2,
            "research_to_sale_ratio": 3.14,
            "price_fair": 607.25,
            "eps_avg_yearly": 17.35,
            "eps_latest_yearly": 2.96,
            "eps_growth_yearly": 147.02
        },
        "20223": {
            "year_quarter": 20223,
            "year": 2022,
            "quarter": 3,
            "eps": 3.11,
            "eps_growth_year": 29.05,
            "eps_4q": 9.22,
            "eps_4q_growth_year": -44.07,
            "roe": 5.08,
            "roe_4q": 14.66,
            "gross_profit": 781385,
            "gross_margin": 15.08,
            "gross_margin_4q_avg": 12.58,
            "net_income": 933878,
            "net_income_4q": null,
            "revenue": 5181378,
            "revenue_4q": null,
            "common_shares": 3000000,
            "book_valuer_per_share": 63.32,
            "book_valuer_per_share_4q_avg": 63.56,
            "equity": 18995641,
            "current_ratio": 216.99,
            "debt_ratio": 22.23,
            "inventory_turnover_ratio": null,
            "account_receivable_turnover_ratio": 14.21,
            "reinvestment_rate": 10.18,
            "research_to_sale_ratio": 3.11,
            "price_fair": 593.51,
            "eps_avg_yearly": 16.96,
            "eps_latest_yearly": 12.44,
            "eps_growth_yearly": 233
        },
        "20224": {
            "year_quarter": 20224,
            "year": 2022,
            "quarter": 4,
            "eps": 1.48,
            "eps_growth_year": -44.41,
            "eps_4q": 8.04,
            "eps_4q_growth_year": -20.34,
            "roe": 2.33,
            "roe_4q": 12.67,
            "gross_profit": 816119,
            "gross_margin": 12.41,
            "gross_margin_4q_avg": 12.37,
            "net_income": 444775,
            "net_income_4q": null,
            "revenue": 6574224,
            "revenue_4q": null,
            "common_shares": 3000000,
            "book_valuer_per_share": 64.07,
            "book_valuer_per_share_4q_avg": 63.75,
            "equity": 19221490,
            "current_ratio": 241.92,
            "debt_ratio": 21.58,
            "inventory_turnover_ratio": null,
            "account_receivable_turnover_ratio": 20.35,
            "reinvestment_rate": 1.78,
            "research_to_sale_ratio": 2.2,
            "price_fair": 561.75,
            "eps_avg_yearly": 16.05,
            "eps_latest_yearly": 5.92,
            "eps_growth_yearly": 217.6
        },
        "20231": {
            "year_quarter": 20231,
            "year": 2023,
            "quarter": 1,
            "eps": 1.29,
            "eps_growth_year": -52.22,
            "eps_4q": 6.63,
            "eps_4q_growth_year": -34.29,
            "roe": 1.98,
            "roe_4q": 10.56,
            "gross_profit": 851257,
            "gross_margin": 12.02,
            "gross_margin_4q_avg": 12.35,
            "net_income": 385717,
            "net_income_4q": null,
            "revenue": 7079575,
            "revenue_4q": null,
            "common_shares": 3000000,
            "book_valuer_per_share": 65.58,
            "book_valuer_per_share_4q_avg": 63.05,
            "equity": 19673977,
            "current_ratio": 244.1,
            "debt_ratio": 21.82,
            "inventory_turnover_ratio": null,
            "account_receivable_turnover_ratio": 18.86,
            "reinvestment_rate": -5.65,
            "research_to_sale_ratio": 1.88,
            "price_fair": 528.85,
            "eps_avg_yearly": 15.11,
            "eps_latest_yearly": 5.16,
            "eps_growth_yearly": 214.69
        },
        "20232": {
            "year_quarter": 20232,
            "year": 2023,
            "quarter": 2,
            "eps": 0.43,
            "eps_growth_year": -41.89,
            "eps_4q": 6.31,
            "eps_4q_growth_year": -25.89,
            "roe": 0.7,
            "roe_4q": 10.09,
            "gross_profit": 894603,
            "gross_margin": 14.53,
            "gross_margin_4q_avg": 13.51,
            "net_income": 129308,
            "net_income_4q": null,
            "revenue": 6157736,
            "revenue_4q": null,
            "common_shares": 3000000,
            "book_valuer_per_share": 57.34,
            "book_valuer_per_share_4q_avg": 62.58,
            "equity": 17200835,
            "current_ratio": 138.62,
            "debt_ratio": 29.89,
            "inventory_turnover_ratio": null,
            "account_receivable_turnover_ratio": 11.87,
            "reinvestment_rate": 24.94,
            "research_to_sale_ratio": 2.37,
            "price_fair": 486.76,
            "eps_avg_yearly": 13.91,
            "eps_latest_yearly": 1.72,
            "eps_growth_yearly": 197.08
        },
        "20233": {
            "year_quarter": 20233,
            "year": 2023,
            "quarter": 3,
            "eps": 1.28,
            "eps_growth_year": -58.84,
            "eps_4q": 4.48,
            "eps_4q_growth_year": -51.41,
            "roe": 2.17,
            "roe_4q": 7.18,
            "gross_profit": 813613,
            "gross_margin": 12.64,
            "gross_margin_4q_avg": 12.9,
            "net_income": 384019,
            "net_income_4q": null,
            "revenue": 6436491,
            "revenue_4q": null,
            "common_shares": 3000000,
            "book_valuer_per_share": 60.67,
            "book_valuer_per_share_4q_avg": 61.92,
            "equity": 18199762,
            "current_ratio": 276.91,
            "debt_ratio": 24.01,
            "inventory_turnover_ratio": 56228.78,
            "account_receivable_turnover_ratio": 9.52,
            "reinvestment_rate": 11.16,
            "research_to_sale_ratio": 1.93,
            "price_fair": 440.3,
            "eps_avg_yearly": 12.58,
            "eps_latest_yearly": 5.12,
            "eps_growth_yearly": 240.06
        }
    },
    "months": {
        "2004-12": {
            "month": "2004-12",
            "price": "98.06",
            "revenue": 2060055
        },
        "2005-01": {
            "month": "2005-01",
            "price": "104.21",
            "revenue": 9333088
        },
        "2005-02": {
            "month": "2005-02",
            "price": "108.35",
            "revenue": 2616685
        },
        "2005-03": {
            "month": "2005-03",
            "price": "113.85",
            "revenue": 4916664
        },
        "2005-04": {
            "month": "2005-04",
            "price": "111.28",
            "revenue": 4342589
        },
        "2005-05": {
            "month": "2005-05",
            "price": "107.40",
            "revenue": 3948540
        },
        "2005-06": {
            "month": "2005-06",
            "price": "107.45",
            "revenue": 4417893
        },
        "2005-07": {
            "month": "2005-07",
            "price": "109.22",
            "revenue": 4372181
        },
        "2005-08": {
            "month": "2005-08",
            "price": "129.00",
            "revenue": 2434923
        },
        "2005-09": {
            "month": "2005-09",
            "price": "122.29",
            "revenue": 4593005
        },
        "2005-10": {
            "month": "2005-10",
            "price": "119.65",
            "revenue": 3250788
        },
        "2005-11": {
            "month": "2005-11",
            "price": "119.82",
            "revenue": 2757289
        },
        "2005-12": {
            "month": "2005-12",
            "price": "121.09",
            "revenue": 1918846
        },
        "2006-01": {
            "month": "2006-01",
            "price": "120.86",
            "revenue": 7686471
        },
        "2006-02": {
            "month": "2006-02",
            "price": "119.62",
            "revenue": 1962552
        },
        "2006-03": {
            "month": "2006-03",
            "price": "115.91",
            "revenue": 3568336
        },
        "2006-04": {
            "month": "2006-04",
            "price": "113.29",
            "revenue": 2448255
        },
        "2006-05": {
            "month": "2006-05",
            "price": "115.76",
            "revenue": 2222291
        },
        "2006-06": {
            "month": "2006-06",
            "price": "114.98",
            "revenue": 2503730
        },
        "2006-07": {
            "month": "2006-07",
            "price": "110.86",
            "revenue": 2439155
        },
        "2006-08": {
            "month": "2006-08",
            "price": "108.17",
            "revenue": 1590137
        },
        "2006-09": {
            "month": "2006-09",
            "price": "104.95",
            "revenue": 1973660
        },
        "2006-10": {
            "month": "2006-10",
            "price": "104.15",
            "revenue": 1295489
        },
        "2006-11": {
            "month": "2006-11",
            "price": "100.90",
            "revenue": 955776
        },
        "2006-12": {
            "month": "2006-12",
            "price": "91.91",
            "revenue": 1485687
        },
        "2007-01": {
            "month": "2007-01",
            "price": "96.14",
            "revenue": 4423642
        },
        "2007-02": {
            "month": "2007-02",
            "price": "95.21",
            "revenue": 1842272
        },
        "2007-03": {
            "month": "2007-03",
            "price": "89.33",
            "revenue": 2434383
        },
        "2007-04": {
            "month": "2007-04",
            "price": "87.26",
            "revenue": 1863498
        },
        "2007-05": {
            "month": "2007-05",
            "price": "81.90",
            "revenue": 1629042
        },
        "2007-06": {
            "month": "2007-06",
            "price": "81.14",
            "revenue": 2143432
        },
        "2007-07": {
            "month": "2007-07",
            "price": "79.71",
            "revenue": 2061452
        },
        "2007-08": {
            "month": "2007-08",
            "price": "57.95",
            "revenue": 1659274
        },
        "2007-09": {
            "month": "2007-09",
            "price": "53.67",
            "revenue": 2003410
        },
        "2007-10": {
            "month": "2007-10",
            "price": "53.04",
            "revenue": 2428059
        },
        "2007-11": {
            "month": "2007-11",
            "price": "54.14",
            "revenue": 2307589
        },
        "2007-12": {
            "month": "2007-12",
            "price": "52.33",
            "revenue": 2466478
        },
        "2008-01": {
            "month": "2008-01",
            "price": "52.55",
            "revenue": 4015587
        },
        "2008-02": {
            "month": "2008-02",
            "price": "49.93",
            "revenue": 1019695
        },
        "2008-03": {
            "month": "2008-03",
            "price": "52.91",
            "revenue": 2000897
        },
        "2008-04": {
            "month": "2008-04",
            "price": "52.67",
            "revenue": 1545338
        },
        "2008-05": {
            "month": "2008-05",
            "price": "49.22",
            "revenue": 1800518
        },
        "2008-06": {
            "month": "2008-06",
            "price": "42.08",
            "revenue": 1813951
        },
        "2008-07": {
            "month": "2008-07",
            "price": "36.38",
            "revenue": 1706993
        },
        "2008-08": {
            "month": "2008-08",
            "price": "34.82",
            "revenue": 979585
        },
        "2008-09": {
            "month": "2008-09",
            "price": "28.63",
            "revenue": 1733749
        },
        "2008-10": {
            "month": "2008-10",
            "price": "22.70",
            "revenue": 1323149
        },
        "2008-11": {
            "month": "2008-11",
            "price": "22.20",
            "revenue": 800585
        },
        "2008-12": {
            "month": "2008-12",
            "price": "22.58",
            "revenue": 684847
        },
        "2009-01": {
            "month": "2009-01",
            "price": "21.87",
            "revenue": 1724009
        },
        "2009-02": {
            "month": "2009-02",
            "price": "22.00",
            "revenue": 1046670
        },
        "2009-03": {
            "month": "2009-03",
            "price": "25.30",
            "revenue": 1103138
        },
        "2009-04": {
            "month": "2009-04",
            "price": "29.89",
            "revenue": 1725971
        },
        "2009-05": {
            "month": "2009-05",
            "price": "50.30",
            "revenue": 1782237
        },
        "2009-06": {
            "month": "2009-06",
            "price": "54.99",
            "revenue": 2245119
        },
        "2009-07": {
            "month": "2009-07",
            "price": "68.05",
            "revenue": 1936390
        },
        "2009-08": {
            "month": "2009-08",
            "price": "73.43",
            "revenue": 1365258
        },
        "2009-09": {
            "month": "2009-09",
            "price": "77.01",
            "revenue": 1786252
        },
        "2009-10": {
            "month": "2009-10",
            "price": "70.88",
            "revenue": 2150069
        },
        "2009-11": {
            "month": "2009-11",
            "price": "70.87",
            "revenue": 2422731
        },
        "2009-12": {
            "month": "2009-12",
            "price": "72.23",
            "revenue": 2386531
        },
        "2010-01": {
            "month": "2010-01",
            "price": "69.40",
            "revenue": 2939524
        },
        "2010-02": {
            "month": "2010-02",
            "price": "60.23",
            "revenue": 1851824
        },
        "2010-03": {
            "month": "2010-03",
            "price": "68.89",
            "revenue": 2368011
        },
        "2010-04": {
            "month": "2010-04",
            "price": "96.52",
            "revenue": 2115248
        },
        "2010-05": {
            "month": "2010-05",
            "price": "86.61",
            "revenue": 2250948
        },
        "2010-06": {
            "month": "2010-06",
            "price": "85.93",
            "revenue": 2373779
        },
        "2010-07": {
            "month": "2010-07",
            "price": "83.90",
            "revenue": 2459831
        },
        "2010-08": {
            "month": "2010-08",
            "price": "90.46",
            "revenue": 1801399
        },
        "2010-09": {
            "month": "2010-09",
            "price": "113.71",
            "revenue": 2561020
        },
        "2010-10": {
            "month": "2010-10",
            "price": "148.93",
            "revenue": 2384061
        },
        "2010-11": {
            "month": "2010-11",
            "price": "140.45",
            "revenue": 2454877
        },
        "2010-12": {
            "month": "2010-12",
            "price": "144.37",
            "revenue": 1890802
        },
        "2011-01": {
            "month": "2011-01",
            "price": "127.58",
            "revenue": 4806136
        },
        "2011-02": {
            "month": "2011-02",
            "price": "120.68",
            "revenue": 2011383
        },
        "2011-03": {
            "month": "2011-03",
            "price": "117.54",
            "revenue": 2843556
        },
        "2011-04": {
            "month": "2011-04",
            "price": "116.82",
            "revenue": 1583850
        },
        "2011-05": {
            "month": "2011-05",
            "price": "123.93",
            "revenue": 2112838
        },
        "2011-06": {
            "month": "2011-06",
            "price": "124.40",
            "revenue": 3122970
        },
        "2011-07": {
            "month": "2011-07",
            "price": "140.86",
            "revenue": 3629014
        },
        "2011-08": {
            "month": "2011-08",
            "price": "139.00",
            "revenue": 2262117
        },
        "2011-09": {
            "month": "2011-09",
            "price": "115.95",
            "revenue": 2690283
        },
        "2011-10": {
            "month": "2011-10",
            "price": "99.83",
            "revenue": 2588179
        },
        "2011-11": {
            "month": "2011-11",
            "price": "120.66",
            "revenue": 2450138
        },
        "2011-12": {
            "month": "2011-12",
            "price": "124.14",
            "revenue": 2016862
        },
        "2012-01": {
            "month": "2012-01",
            "price": "139.57",
            "revenue": 4402283
        },
        "2012-02": {
            "month": "2012-02",
            "price": "205.22",
            "revenue": 2768792
        },
        "2012-03": {
            "month": "2012-03",
            "price": "228.39",
            "revenue": 2919936
        },
        "2012-04": {
            "month": "2012-04",
            "price": "194.92",
            "revenue": 2375445
        },
        "2012-05": {
            "month": "2012-05",
            "price": "202.25",
            "revenue": 2348595
        },
        "2012-06": {
            "month": "2012-06",
            "price": "233.00",
            "revenue": 2536064
        },
        "2012-07": {
            "month": "2012-07",
            "price": "240.80",
            "revenue": 2368633
        },
        "2012-08": {
            "month": "2012-08",
            "price": "260.75",
            "revenue": 1843970
        },
        "2012-09": {
            "month": "2012-09",
            "price": "255.08",
            "revenue": 2217324
        },
        "2012-10": {
            "month": "2012-10",
            "price": "242.82",
            "revenue": 2042972
        },
        "2012-11": {
            "month": "2012-11",
            "price": "210.91",
            "revenue": 1439610
        },
        "2012-12": {
            "month": "2012-12",
            "price": "230.26",
            "revenue": 1871212
        },
        "2013-01": {
            "month": "2013-01",
            "price": "241.52",
            "revenue": 3502722
        },
        "2013-02": {
            "month": "2013-02",
            "price": "261.12",
            "revenue": 1621839
        },
        "2013-03": {
            "month": "2013-03",
            "price": "268.24",
            "revenue": 2469484
        },
        "2013-04": {
            "month": "2013-04",
            "price": "293.92",
            "revenue": 2183993
        },
        "2013-05": {
            "month": "2013-05",
            "price": "280.07",
            "revenue": 2357240
        },
        "2013-06": {
            "month": "2013-06",
            "price": "272.08",
            "revenue": 2303907
        },
        "2013-07": {
            "month": "2013-07",
            "price": "278.96",
            "revenue": 3165033
        },
        "2013-08": {
            "month": "2013-08",
            "price": "279.19",
            "revenue": 1986990
        },
        "2013-09": {
            "month": "2013-09",
            "price": "337.82",
            "revenue": 2806342
        },
        "2013-10": {
            "month": "2013-10",
            "price": "368.80",
            "revenue": 3039349
        },
        "2013-11": {
            "month": "2013-11",
            "price": "387.86",
            "revenue": 3207245
        },
        "2013-12": {
            "month": "2013-12",
            "price": "412.05",
            "revenue": 2835853
        },
        "2014-01": {
            "month": "2014-01",
            "price": "413.58",
            "revenue": 3488962
        },
        "2014-02": {
            "month": "2014-02",
            "price": "376.15",
            "revenue": 1656521
        },
        "2014-03": {
            "month": "2014-03",
            "price": "394.33",
            "revenue": 3032257
        },
        "2014-04": {
            "month": "2014-04",
            "price": "387.00",
            "revenue": 3373713
        },
        "2014-05": {
            "month": "2014-05",
            "price": "359.88",
            "revenue": 3529983
        },
        "2014-06": {
            "month": "2014-06",
            "price": "374.40",
            "revenue": 3189449
        },
        "2014-07": {
            "month": "2014-07",
            "price": "384.64",
            "revenue": 3523731
        },
        "2014-08": {
            "month": "2014-08",
            "price": "325.52",
            "revenue": 2011060
        },
        "2014-09": {
            "month": "2014-09",
            "price": "325.60",
            "revenue": 2574841
        },
        "2014-10": {
            "month": "2014-10",
            "price": "300.27",
            "revenue": 2484335
        },
        "2014-11": {
            "month": "2014-11",
            "price": "303.08",
            "revenue": 2294105
        },
        "2014-12": {
            "month": "2014-12",
            "price": "326.17",
            "revenue": 2010978
        },
        "2015-01": {
            "month": "2015-01",
            "price": "301.62",
            "revenue": 4454315
        },
        "2015-02": {
            "month": "2015-02",
            "price": "289.96",
            "revenue": 2099580
        },
        "2015-03": {
            "month": "2015-03",
            "price": "296.11",
            "revenue": 2483453
        },
        "2015-04": {
            "month": "2015-04",
            "price": "300.65",
            "revenue": 2669648
        },
        "2015-05": {
            "month": "2015-05",
            "price": "326.65",
            "revenue": 3715089
        },
        "2015-06": {
            "month": "2015-06",
            "price": "318.95",
            "revenue": 3282271
        },
        "2015-07": {
            "month": "2015-07",
            "price": "306.36",
            "revenue": 3577535
        },
        "2015-08": {
            "month": "2015-08",
            "price": "278.62",
            "revenue": 2114125
        },
        "2015-09": {
            "month": "2015-09",
            "price": "244.62",
            "revenue": 2195127
        },
        "2015-10": {
            "month": "2015-10",
            "price": "276.17",
            "revenue": 2406952
        },
        "2015-11": {
            "month": "2015-11",
            "price": "274.64",
            "revenue": 2335397
        },
        "2015-12": {
            "month": "2015-12",
            "price": "283.78",
            "revenue": 1880649
        },
        "2016-01": {
            "month": "2016-01",
            "price": "246.02",
            "revenue": 4394043
        },
        "2016-02": {
            "month": "2016-02",
            "price": "234.46",
            "revenue": 1726772
        },
        "2016-03": {
            "month": "2016-03",
            "price": "230.13",
            "revenue": 3382066
        },
        "2016-04": {
            "month": "2016-04",
            "price": "201.84",
            "revenue": 2828147
        },
        "2016-05": {
            "month": "2016-05",
            "price": "201.79",
            "revenue": 3247460
        },
        "2016-06": {
            "month": "2016-06",
            "price": "202.79",
            "revenue": 3506645
        },
        "2016-07": {
            "month": "2016-07",
            "price": "205.08",
            "revenue": 3505169
        },
        "2016-08": {
            "month": "2016-08",
            "price": "212.89",
            "revenue": 2247759
        },
        "2016-09": {
            "month": "2016-09",
            "price": "204.63",
            "revenue": 2400958
        },
        "2016-10": {
            "month": "2016-10",
            "price": "203.02",
            "revenue": 2771643
        },
        "2016-11": {
            "month": "2016-11",
            "price": "196.70",
            "revenue": 2705445
        },
        "2016-12": {
            "month": "2016-12",
            "price": "196.80",
            "revenue": 2110603
        },
        "2017-01": {
            "month": "2017-01",
            "price": "197.41",
            "revenue": 5028019
        },
        "2017-02": {
            "month": "2017-02",
            "price": "206.06",
            "revenue": 2115726
        },
        "2017-03": {
            "month": "2017-03",
            "price": "206.07",
            "revenue": 2712307
        },
        "2017-04": {
            "month": "2017-04",
            "price": "218.31",
            "revenue": 3145026
        },
        "2017-05": {
            "month": "2017-05",
            "price": "261.25",
            "revenue": 2790297
        },
        "2017-06": {
            "month": "2017-06",
            "price": "296.37",
            "revenue": 2910504
        },
        "2017-07": {
            "month": "2017-07",
            "price": "282.45",
            "revenue": 3007145
        },
        "2017-08": {
            "month": "2017-08",
            "price": "274.09",
            "revenue": 2557931
        },
        "2017-09": {
            "month": "2017-09",
            "price": "253.57",
            "revenue": 2331818
        },
        "2017-10": {
            "month": "2017-10",
            "price": "242.61",
            "revenue": 2566819
        },
        "2017-11": {
            "month": "2017-11",
            "price": "251.30",
            "revenue": 2597177
        },
        "2017-12": {
            "month": "2017-12",
            "price": "262.93",
            "revenue": 1454520
        },
        "2018-01": {
            "month": "2018-01",
            "price": "267.98",
            "revenue": 4313824
        },
        "2018-02": {
            "month": "2018-02",
            "price": "255.96",
            "revenue": 1656298
        },
        "2018-03": {
            "month": "2018-03",
            "price": "255.85",
            "revenue": 2381616
        },
        "2018-04": {
            "month": "2018-04",
            "price": "262.14",
            "revenue": 2492404
        },
        "2018-05": {
            "month": "2018-05",
            "price": "254.64",
            "revenue": 2554508
        },
        "2018-06": {
            "month": "2018-06",
            "price": "252.32",
            "revenue": 3032190
        },
        "2018-07": {
            "month": "2018-07",
            "price": "257.48",
            "revenue": 2829524
        },
        "2018-08": {
            "month": "2018-08",
            "price": "256.78",
            "revenue": 1788157
        },
        "2018-09": {
            "month": "2018-09",
            "price": "239.08",
            "revenue": 1865491
        },
        "2018-10": {
            "month": "2018-10",
            "price": "224.93",
            "revenue": 2647877
        },
        "2018-11": {
            "month": "2018-11",
            "price": "221.68",
            "revenue": 2863182
        },
        "2018-12": {
            "month": "2018-12",
            "price": "227.40",
            "revenue": 2819622
        },
        "2019-01": {
            "month": "2019-01",
            "price": "228.76",
            "revenue": 4180393
        },
        "2019-02": {
            "month": "2019-02",
            "price": "232.88",
            "revenue": 1895719
        },
        "2019-03": {
            "month": "2019-03",
            "price": "246.72",
            "revenue": 2760116
        },
        "2019-04": {
            "month": "2019-04",
            "price": "255.10",
            "revenue": 1978421
        },
        "2019-05": {
            "month": "2019-05",
            "price": "260.98",
            "revenue": 2302202
        },
        "2019-06": {
            "month": "2019-06",
            "price": "275.18",
            "revenue": 2759855
        },
        "2019-07": {
            "month": "2019-07",
            "price": "274.13",
            "revenue": 3032412
        },
        "2019-08": {
            "month": "2019-08",
            "price": "262.31",
            "revenue": 2241754
        },
        "2019-09": {
            "month": "2019-09",
            "price": "248.08",
            "revenue": 2644353
        },
        "2019-10": {
            "month": "2019-10",
            "price": "250.14",
            "revenue": 3029239
        },
        "2019-11": {
            "month": "2019-11",
            "price": "271.17",
            "revenue": 2829599
        },
        "2019-12": {
            "month": "2019-12",
            "price": "283.05",
            "revenue": 2844545
        },
        "2020-01": {
            "month": "2020-01",
            "price": "283.83",
            "revenue": 2462964
        },
        "2020-02": {
            "month": "2020-02",
            "price": "262.18",
            "revenue": 2442199
        },
        "2020-03": {
            "month": "2020-03",
            "price": "227.25",
            "revenue": 2455470
        },
        "2020-04": {
            "month": "2020-04",
            "price": "235.70",
            "revenue": 2530300
        },
        "2020-05": {
            "month": "2020-05",
            "price": "262.35",
            "revenue": 2366796
        },
        "2020-06": {
            "month": "2020-06",
            "price": "270.62",
            "revenue": 2306248
        },
        "2020-07": {
            "month": "2020-07",
            "price": "272.89",
            "revenue": 2820552
        },
        "2020-08": {
            "month": "2020-08",
            "price": "258.69",
            "revenue": 2128107
        },
        "2020-09": {
            "month": "2020-09",
            "price": "246.98",
            "revenue": 2122376
        },
        "2020-10": {
            "month": "2020-10",
            "price": "247.79",
            "revenue": 2292296
        },
        "2020-11": {
            "month": "2020-11",
            "price": "255.57",
            "revenue": 3125709
        },
        "2020-12": {
            "month": "2020-12",
            "price": "260.20",
            "revenue": 2607621
        },
        "2021-01": {
            "month": "2021-01",
            "price": "252.35",
            "revenue": 3200019
        },
        "2021-02": {
            "month": "2021-02",
            "price": "252.35",
            "revenue": 2136249
        },
        "2021-03": {
            "month": "2021-03",
            "price": "265.45",
            "revenue": 2564616
        },
        "2021-04": {
            "month": "2021-04",
            "price": "280.84",
            "revenue": 2590565
        },
        "2021-05": {
            "month": "2021-05",
            "price": "267.64",
            "revenue": 2316993
        },
        "2021-06": {
            "month": "2021-06",
            "price": "269.88",
            "revenue": 1244310
        },
        "2021-07": {
            "month": "2021-07",
            "price": "273.36",
            "revenue": 1605381
        },
        "2021-08": {
            "month": "2021-08",
            "price": "255.25",
            "revenue": 1504688
        },
        "2021-09": {
            "month": "2021-09",
            "price": "255.42",
            "revenue": 2183934
        },
        "2021-10": {
            "month": "2021-10",
            "price": "253.85",
            "revenue": 1979754
        },
        "2021-11": {
            "month": "2021-11",
            "price": "252.00",
            "revenue": 1754197
        },
        "2021-12": {
            "month": "2021-12",
            "price": "247.86",
            "revenue": 1587678
        },
        "2022-01": {
            "month": "2022-01",
            "price": "246.50",
            "revenue": 3542019
        },
        "2022-02": {
            "month": "2022-02",
            "price": "248.73",
            "revenue": 1755200
        },
        "2022-03": {
            "month": "2022-03",
            "price": "247.59",
            "revenue": 2467167
        },
        "2022-04": {
            "month": "2022-04",
            "price": "247.47",
            "revenue": 1582436
        },
        "2022-05": {
            "month": "2022-05",
            "price": "237.19",
            "revenue": 1030583
        },
        "2022-06": {
            "month": "2022-06",
            "price": "232.67",
            "revenue": 1474183
        },
        "2022-07": {
            "month": "2022-07",
            "price": "223.67",
            "revenue": 2491666
        },
        "2022-08": {
            "month": "2022-08",
            "price": "212.67",
            "revenue": 833180
        },
        "2022-09": {
            "month": "2022-09",
            "price": "200.79",
            "revenue": 1856533
        },
        "2022-10": {
            "month": "2022-10",
            "price": "185.12",
            "revenue": 2254681
        },
        "2022-11": {
            "month": "2022-11",
            "price": "188.57",
            "revenue": 2371208
        },
        "2022-12": {
            "month": "2022-12",
            "price": "196.86",
            "revenue": 1948335
        },
        "2023-01": {
            "month": "2023-01",
            "price": "194.35",
            "revenue": 2460844
        },
        "2023-02": {
            "month": "2023-02",
            "price": "201.31",
            "revenue": 2159212
        },
        "2023-03": {
            "month": "2023-03",
            "price": "197.98",
            "revenue": 2459519
        },
        "2023-04": {
            "month": "2023-04",
            "price": "195.50",
            "revenue": 2122246
        },
        "2023-05": {
            "month": "2023-05",
            "price": "195.45",
            "revenue": 2099245
        },
        "2023-06": {
            "month": "2023-06",
            "price": "201.82",
            "revenue": 1936245
        },
        "2023-07": {
            "month": "2023-07",
            "price": "197.62",
            "revenue": 2084877
        },
        "2023-08": {
            "month": "2023-08",
            "price": "190.93",
            "revenue": 1510974
        },
        "2023-09": {
            "month": "2023-09",
            "price": "186.95",
            "revenue": 2840639
        },
        "2023-10": {
            "month": "2023-10",
            "price": "185.92",
            "revenue": 2488906
        },
        "2023-11": {
            "month": "2023-11",
            "price": "186.70",
            "revenue": 2050613
        }
    }
}
