{
    "summary": {
        "stock_name": "劍麟",
        "stock_id": "2228",
        "category": "汽車",
        "main_business": "CD01030汽車及其零件製造業<br>F401010國際貿易業<br>除許可業務外,得經營法令非禁止或限制之業務",
        "website_url": "http://www.ironforce.com.tw",
        "ceo": "黃正忠",
        "pe_ratio": 14,
        "report_year_from": 2004,
        "report_year_to": 2023,
        "age": 20,
        "eps_negative_percentage": 0,
        "eps_growth_avg": {
            "last_all": 23.29,
            "last_2y": 67.74,
            "last_4y": 29.83,
            "last_8y": 16.95,
            "last_12y": null,
            "last_16y": null,
            "last_20y": null,
            "at_2006_last_3y": null,
            "at_2007_last_3y": null,
            "at_2008_last_3y": null,
            "at_2009_last_3y": null,
            "at_2010_last_3y": null,
            "at_2011_last_3y": null,
            "at_2012_last_3y": null,
            "at_2013_last_3y": null,
            "at_2014_last_3y": null,
            "at_2015_last_3y": null,
            "at_2016_last_3y": null,
            "at_2017_last_3y": 23.14,
            "at_2018_last_3y": 0.85,
            "at_2019_last_3y": 2.14,
            "at_2020_last_3y": -20.75,
            "at_2021_last_3y": 9.28,
            "at_2022_last_3y": 33.94,
            "at_2023_last_3y": 29.59,
            "at_2024_last_3y": 29.59,
            "at_2006_last_all": null,
            "at_2007_last_all": null,
            "at_2008_last_all": null,
            "at_2009_last_all": null,
            "at_2010_last_all": null,
            "at_2011_last_all": null,
            "at_2012_last_all": null,
            "at_2013_last_all": null,
            "at_2014_last_all": null,
            "at_2015_last_all": 52.99,
            "at_2016_last_all": 37.56,
            "at_2017_last_all": 23.14,
            "at_2018_last_all": 16.75,
            "at_2019_last_all": 19.09,
            "at_2020_last_all": 4.24,
            "at_2021_last_all": 16.21,
            "at_2022_last_all": 24.39,
            "at_2023_last_all": 23.29,
            "at_2024_last_all": 23.29
        },
        "latest_eps": 6.78,
        "latest_price": 97.9,
        "latest_roe": 12.05,
        "latest_gross_margin": 27.32,
        "latest_equity": 4363570,
        "latest_revenue": 1260804,
        "latest_gross_profit": 344415,
        "latest_net_income": 165640,
        "latest_debt_ratio": 28.88,
        "latest_current_ratio": 353.5,
        "latest_account_receivable_turnover_ratio": 1.02,
        "latest_inventory_turnover_ratio": 0.94,
        "latest_reinvestment_rate": -9.75,
        "latest_research_to_sale_ratio": 3.02
    },
    "eps_dividends": {
        "2001": {
            "cash": 0,
            "stock": 0,
            "eps": 0
        },
        "2002": {
            "cash": 0,
            "stock": 0,
            "eps": 0
        },
        "2003": {
            "cash": 0,
            "stock": 0,
            "eps": 0
        },
        "2004": {
            "cash": 0,
            "stock": 0,
            "eps": 0
        },
        "2005": {
            "cash": 0.5,
            "stock": 4,
            "eps": 0
        },
        "2006": {
            "cash": 1,
            "stock": 1.4,
            "eps": 0
        },
        "2007": {
            "cash": 2.5,
            "stock": 0,
            "eps": 0
        },
        "2008": {
            "cash": 2.2,
            "stock": 0,
            "eps": 0
        },
        "2009": {
            "cash": 1,
            "stock": 0,
            "eps": 0
        },
        "2010": {
            "cash": 1,
            "stock": 0,
            "eps": 0
        },
        "2011": {
            "cash": 9.5,
            "stock": 0,
            "eps": 0
        },
        "2012": {
            "cash": 0,
            "stock": 0,
            "eps": 0
        },
        "2013": {
            "cash": 2.2,
            "stock": 0,
            "eps": 3.76
        },
        "2014": {
            "cash": 3.5,
            "stock": 0,
            "eps": 6.78
        },
        "2015": {
            "cash": 3.5,
            "stock": 0,
            "eps": 8.52
        },
        "2016": {
            "cash": 4.47,
            "stock": 0,
            "eps": 9.09
        },
        "2017": {
            "cash": 4.75,
            "stock": 0,
            "eps": 7.26
        },
        "2018": {
            "cash": 5.24,
            "stock": 0,
            "eps": 6.62
        },
        "2019": {
            "cash": 5,
            "stock": 0,
            "eps": 8.66
        },
        "2020": {
            "cash": 5,
            "stock": 0,
            "eps": 1.31
        },
        "2021": {
            "cash": 1.05,
            "stock": 0,
            "eps": 3.14
        },
        "2022": {
            "cash": 2,
            "stock": 0,
            "eps": 5.96
        },
        "2023": {
            "cash": 4,
            "stock": 0,
            "eps": 6.76
        },
        "2024": {
            "cash": 5,
            "stock": 0,
            "eps": 0
        }
    },
    "dividends": {
        "2005-06-30": {
            "cash": 0.5,
            "stock": 4
        },
        "2006-04-15": {
            "cash": 1,
            "stock": 1.4
        },
        "2007-04-09": {
            "cash": 2.5,
            "stock": 0
        },
        "2008-04-09": {
            "cash": 2.2,
            "stock": 0
        },
        "2009-04-16": {
            "cash": 1,
            "stock": 0
        },
        "2010-06-21": {
            "cash": 1,
            "stock": 0
        },
        "2011-01-01": {
            "cash": 8,
            "stock": 0
        },
        "2011-06-21": {
            "cash": 1.5,
            "stock": 0
        },
        "2013-03-29": {
            "cash": 2.2,
            "stock": 0
        },
        "2014-09-16": {
            "cash": 3.5,
            "stock": 0
        },
        "2015-07-27": {
            "cash": 3.5,
            "stock": 0
        },
        "2016-08-19": {
            "cash": 4.47,
            "stock": 0
        },
        "2017-08-22": {
            "cash": 4.75,
            "stock": 0
        },
        "2018-08-23": {
            "cash": 5.24,
            "stock": 0
        },
        "2019-08-23": {
            "cash": 5,
            "stock": 0
        },
        "2020-08-21": {
            "cash": 5,
            "stock": 0
        },
        "2021-10-06": {
            "cash": 1.05,
            "stock": 0
        },
        "2022-08-19": {
            "cash": 2,
            "stock": 0
        },
        "2023-08-18": {
            "cash": 4,
            "stock": 0
        },
        "2024-03-07": {
            "cash": 5,
            "stock": 0
        }
    },
    "prices": {
        "200101": "無",
        "200102": "無",
        "200103": "無",
        "200104": "無",
        "200105": "無",
        "200106": "無",
        "200107": "無",
        "200108": "無",
        "200109": "無",
        "200110": "無",
        "200111": "無",
        "200112": "無",
        "200201": "無",
        "200202": "無",
        "200203": "無",
        "200204": "無",
        "200205": "無",
        "200206": "無",
        "200207": "無",
        "200208": "無",
        "200209": "無",
        "200210": "無",
        "200211": "無",
        "200212": "無",
        "200301": "無",
        "200302": "無",
        "200303": "無",
        "200304": "無",
        "200305": "無",
        "200306": "無",
        "200307": "無",
        "200308": "無",
        "200309": "無",
        "200310": "無",
        "200311": "無",
        "200312": "無",
        "200401": "無",
        "200402": "無",
        "200403": "無",
        "200404": "無",
        "200405": "無",
        "200406": "無",
        "200407": "無",
        "200408": "無",
        "200409": "無",
        "200410": "無",
        "200411": "無",
        "200412": "無",
        "200501": "無",
        "200502": "無",
        "200503": "無",
        "200504": "無",
        "200505": "無",
        "200506": "無",
        "200507": "無",
        "200508": "無",
        "200509": "無",
        "200510": "無",
        "200511": "無",
        "200512": "無",
        "200601": "無",
        "200602": "無",
        "200603": "無",
        "200604": "無",
        "200605": "無",
        "200606": "無",
        "200607": "無",
        "200608": "無",
        "200609": "無",
        "200610": "無",
        "200611": "無",
        "200612": "無",
        "200701": "無",
        "200702": "無",
        "200703": "無",
        "200704": "無",
        "200705": "無",
        "200706": "無",
        "200707": "無",
        "200708": "無",
        "200709": "無",
        "200710": "無",
        "200711": "無",
        "200712": "無",
        "200801": "無",
        "200802": "無",
        "200803": "無",
        "200804": "無",
        "200805": "無",
        "200806": "無",
        "200807": "無",
        "200808": "無",
        "200809": "無",
        "200810": "無",
        "200811": "無",
        "200812": "無",
        "200901": "無",
        "200902": "無",
        "200903": "無",
        "200904": "無",
        "200905": "無",
        "200906": "無",
        "200907": "無",
        "200908": "無",
        "200909": "無",
        "200910": "無",
        "200911": "無",
        "200912": "無",
        "201001": "無",
        "201002": "無",
        "201003": "無",
        "201004": "無",
        "201005": "無",
        "201006": "無",
        "201007": "無",
        "201008": "無",
        "201009": "無",
        "201010": "無",
        "201011": "無",
        "201012": "無",
        "201101": "無",
        "201102": "無",
        "201103": "無",
        "201104": "無",
        "201105": "無",
        "201106": "無",
        "201107": "無",
        "201108": "無",
        "201109": "無",
        "201110": "無",
        "201111": "無",
        "201112": "無",
        "201201": "無",
        "201202": "無",
        "201203": "無",
        "201204": "無",
        "201205": "無",
        "201206": "無",
        "201207": "無",
        "201208": "無",
        "201209": "無",
        "201210": "57.30",
        "201211": "49.29",
        "201212": "47.79",
        "201301": "45.73",
        "201302": "53.10",
        "201303": "58.91",
        "201304": "58.81",
        "201305": "59.43",
        "201306": "66.89",
        "201307": "71.35",
        "201308": "80.57",
        "201309": "83.91",
        "201310": "98.98",
        "201311": "92.96",
        "201312": "111.50",
        "201401": "103.34",
        "201402": "100.80",
        "201403": "109.24",
        "201404": "105.10",
        "201405": "122.29",
        "201406": "143.78",
        "201407": "133.09",
        "201408": "124.90",
        "201409": "133.48",
        "201410": "125.68",
        "201411": "114.85",
        "201412": "122.88",
        "201501": "120.85",
        "201502": "118.15",
        "201503": "125.91",
        "201504": "133.10",
        "201505": "137.90",
        "201506": "153.19",
        "201507": "143.82",
        "201508": "134.83",
        "201509": "148.42",
        "201510": "171.17",
        "201511": "167.36",
        "201512": "154.89",
        "201601": "166.43",
        "201602": "178.73",
        "201603": "183.00",
        "201604": "213.34",
        "201605": "197.40",
        "201606": "204.00",
        "201607": "223.00",
        "201608": "231.37",
        "201609": "235.71",
        "201610": "201.80",
        "201611": "184.93",
        "201612": "165.75",
        "201701": "174.59",
        "201702": "179.28",
        "201703": "179.61",
        "201704": "163.89",
        "201705": "148.12",
        "201706": "150.17",
        "201707": "148.00",
        "201708": "126.43",
        "201709": "130.23",
        "201710": "135.11",
        "201711": "124.50",
        "201712": "117.93",
        "201801": "105.86",
        "201802": "101.21",
        "201803": "99.72",
        "201804": "96.21",
        "201805": "88.71",
        "201806": "89.51",
        "201807": "87.90",
        "201808": "84.85",
        "201809": "78.56",
        "201810": "66.18",
        "201811": "71.34",
        "201812": "83.15",
        "201901": "82.96",
        "201902": "89.02",
        "201903": "87.52",
        "201904": "90.16",
        "201905": "84.67",
        "201906": "86.91",
        "201907": "95.18",
        "201908": "127.50",
        "201909": "128.00",
        "201910": "132.05",
        "201911": "122.40",
        "201912": "113.93",
        "202001": "112.77",
        "202002": "99.04",
        "202003": "78.04",
        "202004": "84.14",
        "202005": "88.02",
        "202006": "95.04",
        "202007": "92.86",
        "202008": "80.17",
        "202009": "78.55",
        "202010": "78.79",
        "202011": "83.27",
        "202012": "82.88",
        "202101": "80.84",
        "202102": "75.89",
        "202103": "78.12",
        "202104": "81.83",
        "202105": "72.66",
        "202106": "71.31",
        "202107": "74.90",
        "202108": "70.90",
        "202109": "69.46",
        "202110": "68.15",
        "202111": "68.91",
        "202112": "67.96",
        "202201": "69.81",
        "202202": "69.91",
        "202203": "68.30",
        "202204": "67.55",
        "202205": "65.19",
        "202206": "65.99",
        "202207": "63.40",
        "202208": "70.20",
        "202209": "79.36",
        "202210": "72.54",
        "202211": "78.18",
        "202212": "77.78",
        "202301": "75.54",
        "202302": "79.73",
        "202303": "84.06",
        "202304": "83.50",
        "202305": "83.00",
        "202306": "92.29",
        "202307": "100.19",
        "202308": "88.44",
        "202309": "94.51",
        "202310": "90.24",
        "202311": "90.88",
        "202312": "92.54"
    },
    "quarters": {
        "20011": {
            "year_quarter": 20011,
            "year": 2001,
            "quarter": 1,
            "eps": null,
            "eps_growth_year": null,
            "eps_4q": null,
            "eps_4q_growth_year": null,
            "roe": null,
            "roe_4q": 0,
            "gross_profit": null,
            "gross_margin": null,
            "gross_margin_4q_avg": 0,
            "net_income": null,
            "net_income_4q": null,
            "revenue": null,
            "revenue_4q": null,
            "common_shares": null,
            "book_valuer_per_share": null,
            "book_valuer_per_share_4q_avg": 0,
            "equity": null,
            "current_ratio": null,
            "debt_ratio": null,
            "inventory_turnover_ratio": null,
            "account_receivable_turnover_ratio": null,
            "reinvestment_rate": null,
            "research_to_sale_ratio": null,
            "price_fair": 0,
            "eps_avg_yearly": 0,
            "eps_latest_yearly": 0,
            "eps_growth_yearly": 0
        },
        "20012": {
            "year_quarter": 20012,
            "year": 2001,
            "quarter": 2,
            "eps": null,
            "eps_growth_year": null,
            "eps_4q": null,
            "eps_4q_growth_year": null,
            "roe": null,
            "roe_4q": 0,
            "gross_profit": null,
            "gross_margin": null,
            "gross_margin_4q_avg": 0,
            "net_income": null,
            "net_income_4q": null,
            "revenue": null,
            "revenue_4q": null,
            "common_shares": null,
            "book_valuer_per_share": null,
            "book_valuer_per_share_4q_avg": 0,
            "equity": null,
            "current_ratio": null,
            "debt_ratio": null,
            "inventory_turnover_ratio": null,
            "account_receivable_turnover_ratio": null,
            "reinvestment_rate": null,
            "research_to_sale_ratio": null,
            "price_fair": 0,
            "eps_avg_yearly": 0,
            "eps_latest_yearly": 0,
            "eps_growth_yearly": 0
        },
        "20013": {
            "year_quarter": 20013,
            "year": 2001,
            "quarter": 3,
            "eps": null,
            "eps_growth_year": null,
            "eps_4q": null,
            "eps_4q_growth_year": null,
            "roe": null,
            "roe_4q": 0,
            "gross_profit": null,
            "gross_margin": null,
            "gross_margin_4q_avg": 0,
            "net_income": null,
            "net_income_4q": null,
            "revenue": null,
            "revenue_4q": null,
            "common_shares": null,
            "book_valuer_per_share": null,
            "book_valuer_per_share_4q_avg": 0,
            "equity": null,
            "current_ratio": null,
            "debt_ratio": null,
            "inventory_turnover_ratio": null,
            "account_receivable_turnover_ratio": null,
            "reinvestment_rate": null,
            "research_to_sale_ratio": null,
            "price_fair": 0,
            "eps_avg_yearly": 0,
            "eps_latest_yearly": 0,
            "eps_growth_yearly": 0
        },
        "20014": {
            "year_quarter": 20014,
            "year": 2001,
            "quarter": 4,
            "eps": null,
            "eps_growth_year": null,
            "eps_4q": null,
            "eps_4q_growth_year": null,
            "roe": null,
            "roe_4q": 0,
            "gross_profit": null,
            "gross_margin": null,
            "gross_margin_4q_avg": 0,
            "net_income": null,
            "net_income_4q": null,
            "revenue": null,
            "revenue_4q": null,
            "common_shares": 110000,
            "book_valuer_per_share": 28.25,
            "book_valuer_per_share_4q_avg": 7.06,
            "equity": 310786,
            "current_ratio": 254.74,
            "debt_ratio": 24.63,
            "inventory_turnover_ratio": null,
            "account_receivable_turnover_ratio": null,
            "reinvestment_rate": null,
            "research_to_sale_ratio": null,
            "price_fair": 0,
            "eps_avg_yearly": 0,
            "eps_latest_yearly": 0,
            "eps_growth_yearly": 0
        },
        "20021": {
            "year_quarter": 20021,
            "year": 2002,
            "quarter": 1,
            "eps": null,
            "eps_growth_year": null,
            "eps_4q": null,
            "eps_4q_growth_year": null,
            "roe": null,
            "roe_4q": 0,
            "gross_profit": null,
            "gross_margin": null,
            "gross_margin_4q_avg": 0,
            "net_income": null,
            "net_income_4q": null,
            "revenue": null,
            "revenue_4q": null,
            "common_shares": null,
            "book_valuer_per_share": null,
            "book_valuer_per_share_4q_avg": 7.06,
            "equity": null,
            "current_ratio": null,
            "debt_ratio": null,
            "inventory_turnover_ratio": null,
            "account_receivable_turnover_ratio": null,
            "reinvestment_rate": null,
            "research_to_sale_ratio": null,
            "price_fair": 0,
            "eps_avg_yearly": 0,
            "eps_latest_yearly": 0,
            "eps_growth_yearly": 0
        },
        "20022": {
            "year_quarter": 20022,
            "year": 2002,
            "quarter": 2,
            "eps": null,
            "eps_growth_year": null,
            "eps_4q": null,
            "eps_4q_growth_year": null,
            "roe": null,
            "roe_4q": 0,
            "gross_profit": null,
            "gross_margin": null,
            "gross_margin_4q_avg": 0,
            "net_income": null,
            "net_income_4q": null,
            "revenue": null,
            "revenue_4q": null,
            "common_shares": null,
            "book_valuer_per_share": null,
            "book_valuer_per_share_4q_avg": 7.06,
            "equity": null,
            "current_ratio": null,
            "debt_ratio": null,
            "inventory_turnover_ratio": null,
            "account_receivable_turnover_ratio": null,
            "reinvestment_rate": null,
            "research_to_sale_ratio": null,
            "price_fair": 0,
            "eps_avg_yearly": 0,
            "eps_latest_yearly": 0,
            "eps_growth_yearly": 0
        },
        "20023": {
            "year_quarter": 20023,
            "year": 2002,
            "quarter": 3,
            "eps": null,
            "eps_growth_year": null,
            "eps_4q": null,
            "eps_4q_growth_year": null,
            "roe": null,
            "roe_4q": 0,
            "gross_profit": null,
            "gross_margin": null,
            "gross_margin_4q_avg": 0,
            "net_income": null,
            "net_income_4q": null,
            "revenue": null,
            "revenue_4q": null,
            "common_shares": null,
            "book_valuer_per_share": null,
            "book_valuer_per_share_4q_avg": 7.06,
            "equity": null,
            "current_ratio": null,
            "debt_ratio": null,
            "inventory_turnover_ratio": null,
            "account_receivable_turnover_ratio": null,
            "reinvestment_rate": null,
            "research_to_sale_ratio": null,
            "price_fair": 0,
            "eps_avg_yearly": 0,
            "eps_latest_yearly": 0,
            "eps_growth_yearly": 0
        },
        "20024": {
            "year_quarter": 20024,
            "year": 2002,
            "quarter": 4,
            "eps": null,
            "eps_growth_year": null,
            "eps_4q": null,
            "eps_4q_growth_year": null,
            "roe": null,
            "roe_4q": 0,
            "gross_profit": null,
            "gross_margin": null,
            "gross_margin_4q_avg": 0,
            "net_income": null,
            "net_income_4q": null,
            "revenue": null,
            "revenue_4q": null,
            "common_shares": 110000,
            "book_valuer_per_share": 40.43,
            "book_valuer_per_share_4q_avg": 10.11,
            "equity": 444731,
            "current_ratio": 299.5,
            "debt_ratio": 23.03,
            "inventory_turnover_ratio": null,
            "account_receivable_turnover_ratio": null,
            "reinvestment_rate": null,
            "research_to_sale_ratio": null,
            "price_fair": 0,
            "eps_avg_yearly": 0,
            "eps_latest_yearly": 0,
            "eps_growth_yearly": 0
        },
        "20031": {
            "year_quarter": 20031,
            "year": 2003,
            "quarter": 1,
            "eps": null,
            "eps_growth_year": null,
            "eps_4q": null,
            "eps_4q_growth_year": null,
            "roe": null,
            "roe_4q": 0,
            "gross_profit": null,
            "gross_margin": null,
            "gross_margin_4q_avg": 0,
            "net_income": null,
            "net_income_4q": null,
            "revenue": null,
            "revenue_4q": null,
            "common_shares": null,
            "book_valuer_per_share": null,
            "book_valuer_per_share_4q_avg": 10.11,
            "equity": null,
            "current_ratio": null,
            "debt_ratio": null,
            "inventory_turnover_ratio": null,
            "account_receivable_turnover_ratio": null,
            "reinvestment_rate": null,
            "research_to_sale_ratio": null,
            "price_fair": 0,
            "eps_avg_yearly": 0,
            "eps_latest_yearly": 0,
            "eps_growth_yearly": 0
        },
        "20032": {
            "year_quarter": 20032,
            "year": 2003,
            "quarter": 2,
            "eps": null,
            "eps_growth_year": null,
            "eps_4q": null,
            "eps_4q_growth_year": null,
            "roe": null,
            "roe_4q": 0,
            "gross_profit": null,
            "gross_margin": null,
            "gross_margin_4q_avg": 0,
            "net_income": null,
            "net_income_4q": null,
            "revenue": null,
            "revenue_4q": null,
            "common_shares": null,
            "book_valuer_per_share": null,
            "book_valuer_per_share_4q_avg": 10.11,
            "equity": null,
            "current_ratio": null,
            "debt_ratio": null,
            "inventory_turnover_ratio": null,
            "account_receivable_turnover_ratio": null,
            "reinvestment_rate": null,
            "research_to_sale_ratio": null,
            "price_fair": 0,
            "eps_avg_yearly": 0,
            "eps_latest_yearly": 0,
            "eps_growth_yearly": 0
        },
        "20033": {
            "year_quarter": 20033,
            "year": 2003,
            "quarter": 3,
            "eps": null,
            "eps_growth_year": null,
            "eps_4q": null,
            "eps_4q_growth_year": null,
            "roe": null,
            "roe_4q": 0,
            "gross_profit": null,
            "gross_margin": null,
            "gross_margin_4q_avg": 0,
            "net_income": null,
            "net_income_4q": null,
            "revenue": null,
            "revenue_4q": null,
            "common_shares": null,
            "book_valuer_per_share": null,
            "book_valuer_per_share_4q_avg": 10.11,
            "equity": null,
            "current_ratio": null,
            "debt_ratio": null,
            "inventory_turnover_ratio": null,
            "account_receivable_turnover_ratio": null,
            "reinvestment_rate": null,
            "research_to_sale_ratio": null,
            "price_fair": 0,
            "eps_avg_yearly": 0,
            "eps_latest_yearly": 0,
            "eps_growth_yearly": 0
        },
        "20034": {
            "year_quarter": 20034,
            "year": 2003,
            "quarter": 4,
            "eps": null,
            "eps_growth_year": null,
            "eps_4q": null,
            "eps_4q_growth_year": null,
            "roe": null,
            "roe_4q": 0,
            "gross_profit": null,
            "gross_margin": null,
            "gross_margin_4q_avg": 0,
            "net_income": null,
            "net_income_4q": null,
            "revenue": null,
            "revenue_4q": null,
            "common_shares": 222000,
            "book_valuer_per_share": 24.05,
            "book_valuer_per_share_4q_avg": 6.01,
            "equity": 533881,
            "current_ratio": 291.82,
            "debt_ratio": 23.96,
            "inventory_turnover_ratio": null,
            "account_receivable_turnover_ratio": null,
            "reinvestment_rate": null,
            "research_to_sale_ratio": null,
            "price_fair": 0,
            "eps_avg_yearly": 0,
            "eps_latest_yearly": 0,
            "eps_growth_yearly": 0
        },
        "20041": {
            "year_quarter": 20041,
            "year": 2004,
            "quarter": 1,
            "eps": null,
            "eps_growth_year": null,
            "eps_4q": null,
            "eps_4q_growth_year": null,
            "roe": null,
            "roe_4q": 0,
            "gross_profit": null,
            "gross_margin": null,
            "gross_margin_4q_avg": 0,
            "net_income": null,
            "net_income_4q": null,
            "revenue": null,
            "revenue_4q": null,
            "common_shares": null,
            "book_valuer_per_share": null,
            "book_valuer_per_share_4q_avg": 6.01,
            "equity": null,
            "current_ratio": null,
            "debt_ratio": null,
            "inventory_turnover_ratio": null,
            "account_receivable_turnover_ratio": null,
            "reinvestment_rate": null,
            "research_to_sale_ratio": null,
            "price_fair": 0,
            "eps_avg_yearly": 0,
            "eps_latest_yearly": 0,
            "eps_growth_yearly": 0
        },
        "20042": {
            "year_quarter": 20042,
            "year": 2004,
            "quarter": 2,
            "eps": null,
            "eps_growth_year": null,
            "eps_4q": null,
            "eps_4q_growth_year": null,
            "roe": null,
            "roe_4q": 0,
            "gross_profit": null,
            "gross_margin": null,
            "gross_margin_4q_avg": 0,
            "net_income": null,
            "net_income_4q": null,
            "revenue": null,
            "revenue_4q": null,
            "common_shares": null,
            "book_valuer_per_share": null,
            "book_valuer_per_share_4q_avg": 6.01,
            "equity": null,
            "current_ratio": null,
            "debt_ratio": null,
            "inventory_turnover_ratio": null,
            "account_receivable_turnover_ratio": null,
            "reinvestment_rate": null,
            "research_to_sale_ratio": null,
            "price_fair": 0,
            "eps_avg_yearly": 0,
            "eps_latest_yearly": 0,
            "eps_growth_yearly": 0
        },
        "20043": {
            "year_quarter": 20043,
            "year": 2004,
            "quarter": 3,
            "eps": null,
            "eps_growth_year": null,
            "eps_4q": null,
            "eps_4q_growth_year": null,
            "roe": null,
            "roe_4q": 0,
            "gross_profit": null,
            "gross_margin": null,
            "gross_margin_4q_avg": 0,
            "net_income": null,
            "net_income_4q": null,
            "revenue": null,
            "revenue_4q": null,
            "common_shares": null,
            "book_valuer_per_share": null,
            "book_valuer_per_share_4q_avg": 6.01,
            "equity": null,
            "current_ratio": null,
            "debt_ratio": null,
            "inventory_turnover_ratio": null,
            "account_receivable_turnover_ratio": null,
            "reinvestment_rate": null,
            "research_to_sale_ratio": null,
            "price_fair": 0,
            "eps_avg_yearly": 0,
            "eps_latest_yearly": 0,
            "eps_growth_yearly": 0
        },
        "20044": {
            "year_quarter": 20044,
            "year": 2004,
            "quarter": 4,
            "eps": null,
            "eps_growth_year": null,
            "eps_4q": null,
            "eps_4q_growth_year": null,
            "roe": null,
            "roe_4q": 0,
            "gross_profit": null,
            "gross_margin": null,
            "gross_margin_4q_avg": 0,
            "net_income": null,
            "net_income_4q": null,
            "revenue": null,
            "revenue_4q": null,
            "common_shares": 377400,
            "book_valuer_per_share": 18.25,
            "book_valuer_per_share_4q_avg": 4.56,
            "equity": 688814,
            "current_ratio": 364.14,
            "debt_ratio": 17.44,
            "inventory_turnover_ratio": null,
            "account_receivable_turnover_ratio": null,
            "reinvestment_rate": null,
            "research_to_sale_ratio": null,
            "price_fair": 0,
            "eps_avg_yearly": 0,
            "eps_latest_yearly": 0,
            "eps_growth_yearly": 0
        },
        "20051": {
            "year_quarter": 20051,
            "year": 2005,
            "quarter": 1,
            "eps": null,
            "eps_growth_year": null,
            "eps_4q": null,
            "eps_4q_growth_year": null,
            "roe": null,
            "roe_4q": 0,
            "gross_profit": null,
            "gross_margin": null,
            "gross_margin_4q_avg": 0,
            "net_income": null,
            "net_income_4q": null,
            "revenue": null,
            "revenue_4q": null,
            "common_shares": null,
            "book_valuer_per_share": null,
            "book_valuer_per_share_4q_avg": 4.56,
            "equity": null,
            "current_ratio": null,
            "debt_ratio": null,
            "inventory_turnover_ratio": null,
            "account_receivable_turnover_ratio": null,
            "reinvestment_rate": null,
            "research_to_sale_ratio": null,
            "price_fair": 0,
            "eps_avg_yearly": 0,
            "eps_latest_yearly": 0,
            "eps_growth_yearly": 0
        },
        "20052": {
            "year_quarter": 20052,
            "year": 2005,
            "quarter": 2,
            "eps": null,
            "eps_growth_year": null,
            "eps_4q": null,
            "eps_4q_growth_year": null,
            "roe": null,
            "roe_4q": 0,
            "gross_profit": null,
            "gross_margin": null,
            "gross_margin_4q_avg": 0,
            "net_income": null,
            "net_income_4q": null,
            "revenue": null,
            "revenue_4q": null,
            "common_shares": null,
            "book_valuer_per_share": null,
            "book_valuer_per_share_4q_avg": 4.56,
            "equity": null,
            "current_ratio": null,
            "debt_ratio": null,
            "inventory_turnover_ratio": null,
            "account_receivable_turnover_ratio": null,
            "reinvestment_rate": null,
            "research_to_sale_ratio": null,
            "price_fair": 0,
            "eps_avg_yearly": 0,
            "eps_latest_yearly": 0,
            "eps_growth_yearly": 0
        },
        "20053": {
            "year_quarter": 20053,
            "year": 2005,
            "quarter": 3,
            "eps": null,
            "eps_growth_year": null,
            "eps_4q": null,
            "eps_4q_growth_year": null,
            "roe": null,
            "roe_4q": 0,
            "gross_profit": null,
            "gross_margin": null,
            "gross_margin_4q_avg": 0,
            "net_income": null,
            "net_income_4q": null,
            "revenue": null,
            "revenue_4q": null,
            "common_shares": null,
            "book_valuer_per_share": null,
            "book_valuer_per_share_4q_avg": 4.56,
            "equity": null,
            "current_ratio": null,
            "debt_ratio": null,
            "inventory_turnover_ratio": null,
            "account_receivable_turnover_ratio": null,
            "reinvestment_rate": null,
            "research_to_sale_ratio": null,
            "price_fair": 0,
            "eps_avg_yearly": 0,
            "eps_latest_yearly": 0,
            "eps_growth_yearly": 0
        },
        "20054": {
            "year_quarter": 20054,
            "year": 2005,
            "quarter": 4,
            "eps": null,
            "eps_growth_year": null,
            "eps_4q": null,
            "eps_4q_growth_year": null,
            "roe": null,
            "roe_4q": 0,
            "gross_profit": null,
            "gross_margin": null,
            "gross_margin_4q_avg": 0,
            "net_income": null,
            "net_income_4q": null,
            "revenue": null,
            "revenue_4q": null,
            "common_shares": 528360,
            "book_valuer_per_share": 15.35,
            "book_valuer_per_share_4q_avg": 3.84,
            "equity": 810818,
            "current_ratio": 240.72,
            "debt_ratio": 20.13,
            "inventory_turnover_ratio": null,
            "account_receivable_turnover_ratio": null,
            "reinvestment_rate": null,
            "research_to_sale_ratio": null,
            "price_fair": 0,
            "eps_avg_yearly": 0,
            "eps_latest_yearly": 0,
            "eps_growth_yearly": 0
        },
        "20061": {
            "year_quarter": 20061,
            "year": 2006,
            "quarter": 1,
            "eps": null,
            "eps_growth_year": null,
            "eps_4q": null,
            "eps_4q_growth_year": null,
            "roe": null,
            "roe_4q": 0,
            "gross_profit": null,
            "gross_margin": null,
            "gross_margin_4q_avg": 0,
            "net_income": null,
            "net_income_4q": null,
            "revenue": null,
            "revenue_4q": null,
            "common_shares": null,
            "book_valuer_per_share": null,
            "book_valuer_per_share_4q_avg": 3.84,
            "equity": null,
            "current_ratio": null,
            "debt_ratio": null,
            "inventory_turnover_ratio": null,
            "account_receivable_turnover_ratio": null,
            "reinvestment_rate": null,
            "research_to_sale_ratio": null,
            "price_fair": 0,
            "eps_avg_yearly": 0,
            "eps_latest_yearly": 0,
            "eps_growth_yearly": 0
        },
        "20062": {
            "year_quarter": 20062,
            "year": 2006,
            "quarter": 2,
            "eps": null,
            "eps_growth_year": null,
            "eps_4q": null,
            "eps_4q_growth_year": null,
            "roe": null,
            "roe_4q": 0,
            "gross_profit": null,
            "gross_margin": null,
            "gross_margin_4q_avg": 0,
            "net_income": null,
            "net_income_4q": null,
            "revenue": null,
            "revenue_4q": null,
            "common_shares": null,
            "book_valuer_per_share": null,
            "book_valuer_per_share_4q_avg": 3.84,
            "equity": null,
            "current_ratio": null,
            "debt_ratio": null,
            "inventory_turnover_ratio": null,
            "account_receivable_turnover_ratio": null,
            "reinvestment_rate": null,
            "research_to_sale_ratio": null,
            "price_fair": 0,
            "eps_avg_yearly": 0,
            "eps_latest_yearly": 0,
            "eps_growth_yearly": 0
        },
        "20063": {
            "year_quarter": 20063,
            "year": 2006,
            "quarter": 3,
            "eps": null,
            "eps_growth_year": null,
            "eps_4q": null,
            "eps_4q_growth_year": null,
            "roe": null,
            "roe_4q": 0,
            "gross_profit": null,
            "gross_margin": null,
            "gross_margin_4q_avg": 0,
            "net_income": null,
            "net_income_4q": null,
            "revenue": null,
            "revenue_4q": null,
            "common_shares": null,
            "book_valuer_per_share": null,
            "book_valuer_per_share_4q_avg": 3.84,
            "equity": null,
            "current_ratio": null,
            "debt_ratio": null,
            "inventory_turnover_ratio": null,
            "account_receivable_turnover_ratio": null,
            "reinvestment_rate": null,
            "research_to_sale_ratio": null,
            "price_fair": 0,
            "eps_avg_yearly": 0,
            "eps_latest_yearly": 0,
            "eps_growth_yearly": 0
        },
        "20064": {
            "year_quarter": 20064,
            "year": 2006,
            "quarter": 4,
            "eps": null,
            "eps_growth_year": null,
            "eps_4q": null,
            "eps_4q_growth_year": null,
            "roe": null,
            "roe_4q": 0,
            "gross_profit": null,
            "gross_margin": null,
            "gross_margin_4q_avg": 0,
            "net_income": null,
            "net_income_4q": null,
            "revenue": null,
            "revenue_4q": null,
            "common_shares": 602330,
            "book_valuer_per_share": 17,
            "book_valuer_per_share_4q_avg": 4.25,
            "equity": 1024064,
            "current_ratio": 278.35,
            "debt_ratio": 22.47,
            "inventory_turnover_ratio": null,
            "account_receivable_turnover_ratio": null,
            "reinvestment_rate": null,
            "research_to_sale_ratio": null,
            "price_fair": 0,
            "eps_avg_yearly": 0,
            "eps_latest_yearly": 0,
            "eps_growth_yearly": 0
        },
        "20071": {
            "year_quarter": 20071,
            "year": 2007,
            "quarter": 1,
            "eps": null,
            "eps_growth_year": null,
            "eps_4q": null,
            "eps_4q_growth_year": null,
            "roe": null,
            "roe_4q": 0,
            "gross_profit": null,
            "gross_margin": null,
            "gross_margin_4q_avg": 0,
            "net_income": null,
            "net_income_4q": null,
            "revenue": null,
            "revenue_4q": null,
            "common_shares": null,
            "book_valuer_per_share": null,
            "book_valuer_per_share_4q_avg": 4.25,
            "equity": null,
            "current_ratio": null,
            "debt_ratio": null,
            "inventory_turnover_ratio": null,
            "account_receivable_turnover_ratio": null,
            "reinvestment_rate": null,
            "research_to_sale_ratio": null,
            "price_fair": 0,
            "eps_avg_yearly": 0,
            "eps_latest_yearly": 0,
            "eps_growth_yearly": 0
        },
        "20072": {
            "year_quarter": 20072,
            "year": 2007,
            "quarter": 2,
            "eps": null,
            "eps_growth_year": null,
            "eps_4q": null,
            "eps_4q_growth_year": null,
            "roe": null,
            "roe_4q": 0,
            "gross_profit": null,
            "gross_margin": null,
            "gross_margin_4q_avg": 0,
            "net_income": null,
            "net_income_4q": null,
            "revenue": null,
            "revenue_4q": null,
            "common_shares": null,
            "book_valuer_per_share": null,
            "book_valuer_per_share_4q_avg": 4.25,
            "equity": null,
            "current_ratio": null,
            "debt_ratio": null,
            "inventory_turnover_ratio": null,
            "account_receivable_turnover_ratio": null,
            "reinvestment_rate": null,
            "research_to_sale_ratio": null,
            "price_fair": 0,
            "eps_avg_yearly": 0,
            "eps_latest_yearly": 0,
            "eps_growth_yearly": 0
        },
        "20073": {
            "year_quarter": 20073,
            "year": 2007,
            "quarter": 3,
            "eps": null,
            "eps_growth_year": null,
            "eps_4q": null,
            "eps_4q_growth_year": null,
            "roe": null,
            "roe_4q": 0,
            "gross_profit": null,
            "gross_margin": null,
            "gross_margin_4q_avg": 0,
            "net_income": null,
            "net_income_4q": null,
            "revenue": null,
            "revenue_4q": null,
            "common_shares": null,
            "book_valuer_per_share": null,
            "book_valuer_per_share_4q_avg": 4.25,
            "equity": null,
            "current_ratio": null,
            "debt_ratio": null,
            "inventory_turnover_ratio": null,
            "account_receivable_turnover_ratio": null,
            "reinvestment_rate": null,
            "research_to_sale_ratio": null,
            "price_fair": 0,
            "eps_avg_yearly": 0,
            "eps_latest_yearly": 0,
            "eps_growth_yearly": 0
        },
        "20074": {
            "year_quarter": 20074,
            "year": 2007,
            "quarter": 4,
            "eps": null,
            "eps_growth_year": null,
            "eps_4q": null,
            "eps_4q_growth_year": null,
            "roe": null,
            "roe_4q": 0,
            "gross_profit": null,
            "gross_margin": null,
            "gross_margin_4q_avg": 0,
            "net_income": null,
            "net_income_4q": null,
            "revenue": null,
            "revenue_4q": null,
            "common_shares": 602330,
            "book_valuer_per_share": 18.91,
            "book_valuer_per_share_4q_avg": 4.73,
            "equity": 1139245,
            "current_ratio": 334.74,
            "debt_ratio": 21.59,
            "inventory_turnover_ratio": null,
            "account_receivable_turnover_ratio": null,
            "reinvestment_rate": null,
            "research_to_sale_ratio": null,
            "price_fair": 0,
            "eps_avg_yearly": 0,
            "eps_latest_yearly": 0,
            "eps_growth_yearly": 0
        },
        "20081": {
            "year_quarter": 20081,
            "year": 2008,
            "quarter": 1,
            "eps": null,
            "eps_growth_year": null,
            "eps_4q": null,
            "eps_4q_growth_year": null,
            "roe": null,
            "roe_4q": 0,
            "gross_profit": null,
            "gross_margin": null,
            "gross_margin_4q_avg": 0,
            "net_income": null,
            "net_income_4q": null,
            "revenue": null,
            "revenue_4q": null,
            "common_shares": null,
            "book_valuer_per_share": null,
            "book_valuer_per_share_4q_avg": 4.73,
            "equity": null,
            "current_ratio": null,
            "debt_ratio": null,
            "inventory_turnover_ratio": null,
            "account_receivable_turnover_ratio": null,
            "reinvestment_rate": null,
            "research_to_sale_ratio": null,
            "price_fair": 0,
            "eps_avg_yearly": 0,
            "eps_latest_yearly": 0,
            "eps_growth_yearly": 0
        },
        "20082": {
            "year_quarter": 20082,
            "year": 2008,
            "quarter": 2,
            "eps": null,
            "eps_growth_year": null,
            "eps_4q": null,
            "eps_4q_growth_year": null,
            "roe": null,
            "roe_4q": 0,
            "gross_profit": null,
            "gross_margin": null,
            "gross_margin_4q_avg": 0,
            "net_income": null,
            "net_income_4q": null,
            "revenue": null,
            "revenue_4q": null,
            "common_shares": null,
            "book_valuer_per_share": null,
            "book_valuer_per_share_4q_avg": 4.73,
            "equity": null,
            "current_ratio": null,
            "debt_ratio": null,
            "inventory_turnover_ratio": null,
            "account_receivable_turnover_ratio": null,
            "reinvestment_rate": null,
            "research_to_sale_ratio": null,
            "price_fair": 0,
            "eps_avg_yearly": 0,
            "eps_latest_yearly": 0,
            "eps_growth_yearly": 0
        },
        "20083": {
            "year_quarter": 20083,
            "year": 2008,
            "quarter": 3,
            "eps": null,
            "eps_growth_year": null,
            "eps_4q": null,
            "eps_4q_growth_year": null,
            "roe": null,
            "roe_4q": 0,
            "gross_profit": null,
            "gross_margin": null,
            "gross_margin_4q_avg": 0,
            "net_income": null,
            "net_income_4q": null,
            "revenue": null,
            "revenue_4q": null,
            "common_shares": null,
            "book_valuer_per_share": null,
            "book_valuer_per_share_4q_avg": 4.73,
            "equity": null,
            "current_ratio": null,
            "debt_ratio": null,
            "inventory_turnover_ratio": null,
            "account_receivable_turnover_ratio": null,
            "reinvestment_rate": null,
            "research_to_sale_ratio": null,
            "price_fair": 0,
            "eps_avg_yearly": 0,
            "eps_latest_yearly": 0,
            "eps_growth_yearly": 0
        },
        "20084": {
            "year_quarter": 20084,
            "year": 2008,
            "quarter": 4,
            "eps": null,
            "eps_growth_year": null,
            "eps_4q": null,
            "eps_4q_growth_year": null,
            "roe": null,
            "roe_4q": 0,
            "gross_profit": null,
            "gross_margin": null,
            "gross_margin_4q_avg": 0,
            "net_income": null,
            "net_income_4q": null,
            "revenue": null,
            "revenue_4q": null,
            "common_shares": 602330,
            "book_valuer_per_share": 20.1,
            "book_valuer_per_share_4q_avg": 5.03,
            "equity": 1210604,
            "current_ratio": 433.31,
            "debt_ratio": 18.35,
            "inventory_turnover_ratio": null,
            "account_receivable_turnover_ratio": null,
            "reinvestment_rate": null,
            "research_to_sale_ratio": null,
            "price_fair": 0,
            "eps_avg_yearly": 0,
            "eps_latest_yearly": 0,
            "eps_growth_yearly": 0
        },
        "20091": {
            "year_quarter": 20091,
            "year": 2009,
            "quarter": 1,
            "eps": null,
            "eps_growth_year": null,
            "eps_4q": null,
            "eps_4q_growth_year": null,
            "roe": null,
            "roe_4q": 0,
            "gross_profit": null,
            "gross_margin": null,
            "gross_margin_4q_avg": 0,
            "net_income": null,
            "net_income_4q": null,
            "revenue": null,
            "revenue_4q": null,
            "common_shares": null,
            "book_valuer_per_share": null,
            "book_valuer_per_share_4q_avg": 5.03,
            "equity": null,
            "current_ratio": null,
            "debt_ratio": null,
            "inventory_turnover_ratio": null,
            "account_receivable_turnover_ratio": null,
            "reinvestment_rate": null,
            "research_to_sale_ratio": null,
            "price_fair": 0,
            "eps_avg_yearly": 0,
            "eps_latest_yearly": 0,
            "eps_growth_yearly": 0
        },
        "20092": {
            "year_quarter": 20092,
            "year": 2009,
            "quarter": 2,
            "eps": null,
            "eps_growth_year": null,
            "eps_4q": null,
            "eps_4q_growth_year": null,
            "roe": null,
            "roe_4q": 0,
            "gross_profit": null,
            "gross_margin": null,
            "gross_margin_4q_avg": 0,
            "net_income": null,
            "net_income_4q": null,
            "revenue": null,
            "revenue_4q": null,
            "common_shares": null,
            "book_valuer_per_share": null,
            "book_valuer_per_share_4q_avg": 5.03,
            "equity": null,
            "current_ratio": null,
            "debt_ratio": null,
            "inventory_turnover_ratio": null,
            "account_receivable_turnover_ratio": null,
            "reinvestment_rate": null,
            "research_to_sale_ratio": null,
            "price_fair": 0,
            "eps_avg_yearly": 0,
            "eps_latest_yearly": 0,
            "eps_growth_yearly": 0
        },
        "20093": {
            "year_quarter": 20093,
            "year": 2009,
            "quarter": 3,
            "eps": null,
            "eps_growth_year": null,
            "eps_4q": null,
            "eps_4q_growth_year": null,
            "roe": null,
            "roe_4q": 0,
            "gross_profit": null,
            "gross_margin": null,
            "gross_margin_4q_avg": 0,
            "net_income": null,
            "net_income_4q": null,
            "revenue": null,
            "revenue_4q": null,
            "common_shares": null,
            "book_valuer_per_share": null,
            "book_valuer_per_share_4q_avg": 5.03,
            "equity": null,
            "current_ratio": null,
            "debt_ratio": null,
            "inventory_turnover_ratio": null,
            "account_receivable_turnover_ratio": null,
            "reinvestment_rate": null,
            "research_to_sale_ratio": null,
            "price_fair": 0,
            "eps_avg_yearly": 0,
            "eps_latest_yearly": 0,
            "eps_growth_yearly": 0
        },
        "20094": {
            "year_quarter": 20094,
            "year": 2009,
            "quarter": 4,
            "eps": null,
            "eps_growth_year": null,
            "eps_4q": null,
            "eps_4q_growth_year": null,
            "roe": null,
            "roe_4q": 0,
            "gross_profit": null,
            "gross_margin": null,
            "gross_margin_4q_avg": 0,
            "net_income": null,
            "net_income_4q": null,
            "revenue": null,
            "revenue_4q": null,
            "common_shares": 602330,
            "book_valuer_per_share": 20.96,
            "book_valuer_per_share_4q_avg": 5.24,
            "equity": 1265399,
            "current_ratio": 407.6,
            "debt_ratio": 20.71,
            "inventory_turnover_ratio": null,
            "account_receivable_turnover_ratio": null,
            "reinvestment_rate": null,
            "research_to_sale_ratio": null,
            "price_fair": 0,
            "eps_avg_yearly": 0,
            "eps_latest_yearly": 0,
            "eps_growth_yearly": 0
        },
        "20101": {
            "year_quarter": 20101,
            "year": 2010,
            "quarter": 1,
            "eps": null,
            "eps_growth_year": null,
            "eps_4q": null,
            "eps_4q_growth_year": null,
            "roe": null,
            "roe_4q": 0,
            "gross_profit": null,
            "gross_margin": null,
            "gross_margin_4q_avg": 0,
            "net_income": null,
            "net_income_4q": null,
            "revenue": null,
            "revenue_4q": null,
            "common_shares": null,
            "book_valuer_per_share": null,
            "book_valuer_per_share_4q_avg": 5.24,
            "equity": null,
            "current_ratio": null,
            "debt_ratio": null,
            "inventory_turnover_ratio": null,
            "account_receivable_turnover_ratio": null,
            "reinvestment_rate": null,
            "research_to_sale_ratio": null,
            "price_fair": 0,
            "eps_avg_yearly": 0,
            "eps_latest_yearly": 0,
            "eps_growth_yearly": 0
        },
        "20102": {
            "year_quarter": 20102,
            "year": 2010,
            "quarter": 2,
            "eps": null,
            "eps_growth_year": null,
            "eps_4q": null,
            "eps_4q_growth_year": null,
            "roe": null,
            "roe_4q": 0,
            "gross_profit": null,
            "gross_margin": null,
            "gross_margin_4q_avg": 0,
            "net_income": null,
            "net_income_4q": null,
            "revenue": null,
            "revenue_4q": null,
            "common_shares": 602330,
            "book_valuer_per_share": null,
            "book_valuer_per_share_4q_avg": 5.24,
            "equity": 1302105,
            "current_ratio": null,
            "debt_ratio": null,
            "inventory_turnover_ratio": null,
            "account_receivable_turnover_ratio": null,
            "reinvestment_rate": null,
            "research_to_sale_ratio": null,
            "price_fair": 0,
            "eps_avg_yearly": 0,
            "eps_latest_yearly": 0,
            "eps_growth_yearly": 0
        },
        "20103": {
            "year_quarter": 20103,
            "year": 2010,
            "quarter": 3,
            "eps": null,
            "eps_growth_year": null,
            "eps_4q": null,
            "eps_4q_growth_year": null,
            "roe": null,
            "roe_4q": 0,
            "gross_profit": null,
            "gross_margin": null,
            "gross_margin_4q_avg": 0,
            "net_income": null,
            "net_income_4q": null,
            "revenue": null,
            "revenue_4q": null,
            "common_shares": null,
            "book_valuer_per_share": null,
            "book_valuer_per_share_4q_avg": 5.24,
            "equity": null,
            "current_ratio": null,
            "debt_ratio": null,
            "inventory_turnover_ratio": null,
            "account_receivable_turnover_ratio": null,
            "reinvestment_rate": null,
            "research_to_sale_ratio": null,
            "price_fair": 0,
            "eps_avg_yearly": 0,
            "eps_latest_yearly": 0,
            "eps_growth_yearly": 0
        },
        "20104": {
            "year_quarter": 20104,
            "year": 2010,
            "quarter": 4,
            "eps": null,
            "eps_growth_year": null,
            "eps_4q": null,
            "eps_4q_growth_year": null,
            "roe": null,
            "roe_4q": 0,
            "gross_profit": null,
            "gross_margin": null,
            "gross_margin_4q_avg": 0,
            "net_income": null,
            "net_income_4q": null,
            "revenue": null,
            "revenue_4q": null,
            "common_shares": 602330,
            "book_valuer_per_share": 22.81,
            "book_valuer_per_share_4q_avg": 5.7,
            "equity": 1373747,
            "current_ratio": 306.45,
            "debt_ratio": 23.78,
            "inventory_turnover_ratio": null,
            "account_receivable_turnover_ratio": null,
            "reinvestment_rate": null,
            "research_to_sale_ratio": null,
            "price_fair": 0,
            "eps_avg_yearly": 0,
            "eps_latest_yearly": 0,
            "eps_growth_yearly": 0
        },
        "20111": {
            "year_quarter": 20111,
            "year": 2011,
            "quarter": 1,
            "eps": null,
            "eps_growth_year": null,
            "eps_4q": null,
            "eps_4q_growth_year": null,
            "roe": null,
            "roe_4q": 0,
            "gross_profit": null,
            "gross_margin": null,
            "gross_margin_4q_avg": 0,
            "net_income": null,
            "net_income_4q": null,
            "revenue": null,
            "revenue_4q": null,
            "common_shares": null,
            "book_valuer_per_share": null,
            "book_valuer_per_share_4q_avg": 5.7,
            "equity": null,
            "current_ratio": null,
            "debt_ratio": null,
            "inventory_turnover_ratio": null,
            "account_receivable_turnover_ratio": null,
            "reinvestment_rate": null,
            "research_to_sale_ratio": null,
            "price_fair": 0,
            "eps_avg_yearly": 0,
            "eps_latest_yearly": 0,
            "eps_growth_yearly": 0
        },
        "20112": {
            "year_quarter": 20112,
            "year": 2011,
            "quarter": 2,
            "eps": null,
            "eps_growth_year": null,
            "eps_4q": null,
            "eps_4q_growth_year": null,
            "roe": null,
            "roe_4q": 0,
            "gross_profit": null,
            "gross_margin": null,
            "gross_margin_4q_avg": 0,
            "net_income": null,
            "net_income_4q": null,
            "revenue": null,
            "revenue_4q": null,
            "common_shares": 602330,
            "book_valuer_per_share": 24.03,
            "book_valuer_per_share_4q_avg": 11.71,
            "equity": 1447622,
            "current_ratio": 239.2,
            "debt_ratio": 28.93,
            "inventory_turnover_ratio": null,
            "account_receivable_turnover_ratio": null,
            "reinvestment_rate": null,
            "research_to_sale_ratio": null,
            "price_fair": 0,
            "eps_avg_yearly": 0,
            "eps_latest_yearly": 0,
            "eps_growth_yearly": 0
        },
        "20113": {
            "year_quarter": 20113,
            "year": 2011,
            "quarter": 3,
            "eps": null,
            "eps_growth_year": null,
            "eps_4q": null,
            "eps_4q_growth_year": null,
            "roe": null,
            "roe_4q": 0,
            "gross_profit": null,
            "gross_margin": null,
            "gross_margin_4q_avg": 0,
            "net_income": null,
            "net_income_4q": null,
            "revenue": null,
            "revenue_4q": null,
            "common_shares": null,
            "book_valuer_per_share": null,
            "book_valuer_per_share_4q_avg": 11.71,
            "equity": null,
            "current_ratio": null,
            "debt_ratio": null,
            "inventory_turnover_ratio": null,
            "account_receivable_turnover_ratio": null,
            "reinvestment_rate": null,
            "research_to_sale_ratio": null,
            "price_fair": 0,
            "eps_avg_yearly": 0,
            "eps_latest_yearly": 0,
            "eps_growth_yearly": 0
        },
        "20114": {
            "year_quarter": 20114,
            "year": 2011,
            "quarter": 4,
            "eps": null,
            "eps_growth_year": null,
            "eps_4q": null,
            "eps_4q_growth_year": null,
            "roe": null,
            "roe_4q": 0,
            "gross_profit": null,
            "gross_margin": null,
            "gross_margin_4q_avg": 0,
            "net_income": null,
            "net_income_4q": null,
            "revenue": null,
            "revenue_4q": null,
            "common_shares": 602330,
            "book_valuer_per_share": 27.47,
            "book_valuer_per_share_4q_avg": 12.88,
            "equity": 1654842,
            "current_ratio": 216.21,
            "debt_ratio": 27.64,
            "inventory_turnover_ratio": null,
            "account_receivable_turnover_ratio": null,
            "reinvestment_rate": null,
            "research_to_sale_ratio": null,
            "price_fair": 0,
            "eps_avg_yearly": 0,
            "eps_latest_yearly": 0,
            "eps_growth_yearly": 0
        },
        "20121": {
            "year_quarter": 20121,
            "year": 2012,
            "quarter": 1,
            "eps": null,
            "eps_growth_year": null,
            "eps_4q": null,
            "eps_4q_growth_year": null,
            "roe": null,
            "roe_4q": 0,
            "gross_profit": null,
            "gross_margin": null,
            "gross_margin_4q_avg": 0,
            "net_income": null,
            "net_income_4q": null,
            "revenue": null,
            "revenue_4q": null,
            "common_shares": null,
            "book_valuer_per_share": null,
            "book_valuer_per_share_4q_avg": 12.88,
            "equity": null,
            "current_ratio": null,
            "debt_ratio": null,
            "inventory_turnover_ratio": null,
            "account_receivable_turnover_ratio": null,
            "reinvestment_rate": null,
            "research_to_sale_ratio": null,
            "price_fair": 0,
            "eps_avg_yearly": 0,
            "eps_latest_yearly": 0,
            "eps_growth_yearly": 0
        },
        "20122": {
            "year_quarter": 20122,
            "year": 2012,
            "quarter": 2,
            "eps": null,
            "eps_growth_year": null,
            "eps_4q": null,
            "eps_4q_growth_year": null,
            "roe": null,
            "roe_4q": 0,
            "gross_profit": null,
            "gross_margin": null,
            "gross_margin_4q_avg": 0,
            "net_income": null,
            "net_income_4q": null,
            "revenue": null,
            "revenue_4q": null,
            "common_shares": 602330,
            "book_valuer_per_share": 21.07,
            "book_valuer_per_share_4q_avg": 12.14,
            "equity": 1269314,
            "current_ratio": 129.27,
            "debt_ratio": 46.19,
            "inventory_turnover_ratio": null,
            "account_receivable_turnover_ratio": null,
            "reinvestment_rate": null,
            "research_to_sale_ratio": null,
            "price_fair": 0,
            "eps_avg_yearly": 0,
            "eps_latest_yearly": 0,
            "eps_growth_yearly": 0
        },
        "20123": {
            "year_quarter": 20123,
            "year": 2012,
            "quarter": 3,
            "eps": null,
            "eps_growth_year": null,
            "eps_4q": null,
            "eps_4q_growth_year": null,
            "roe": null,
            "roe_4q": 0,
            "gross_profit": 199474,
            "gross_margin": null,
            "gross_margin_4q_avg": 0,
            "net_income": 72295,
            "net_income_4q": null,
            "revenue": 760612,
            "revenue_4q": null,
            "common_shares": 650330,
            "book_valuer_per_share": null,
            "book_valuer_per_share_4q_avg": 12.14,
            "equity": 1460870,
            "current_ratio": null,
            "debt_ratio": null,
            "inventory_turnover_ratio": null,
            "account_receivable_turnover_ratio": null,
            "reinvestment_rate": null,
            "research_to_sale_ratio": null,
            "price_fair": 0,
            "eps_avg_yearly": 0,
            "eps_latest_yearly": 0,
            "eps_growth_yearly": 0
        },
        "20124": {
            "year_quarter": 20124,
            "year": 2012,
            "quarter": 4,
            "eps": null,
            "eps_growth_year": null,
            "eps_4q": null,
            "eps_4q_growth_year": null,
            "roe": null,
            "roe_4q": 0,
            "gross_profit": 204479,
            "gross_margin": null,
            "gross_margin_4q_avg": 0,
            "net_income": 73513,
            "net_income_4q": null,
            "revenue": 757713,
            "revenue_4q": null,
            "common_shares": 650330,
            "book_valuer_per_share": 24.16,
            "book_valuer_per_share_4q_avg": 11.31,
            "equity": 1570988,
            "current_ratio": 270.21,
            "debt_ratio": 36.43,
            "inventory_turnover_ratio": null,
            "account_receivable_turnover_ratio": null,
            "reinvestment_rate": null,
            "research_to_sale_ratio": null,
            "price_fair": 0,
            "eps_avg_yearly": 0,
            "eps_latest_yearly": 0,
            "eps_growth_yearly": 0
        },
        "20131": {
            "year_quarter": 20131,
            "year": 2013,
            "quarter": 1,
            "eps": null,
            "eps_growth_year": null,
            "eps_4q": null,
            "eps_4q_growth_year": null,
            "roe": null,
            "roe_4q": 0,
            "gross_profit": 209129,
            "gross_margin": null,
            "gross_margin_4q_avg": 0,
            "net_income": 80882,
            "net_income_4q": null,
            "revenue": 760684,
            "revenue_4q": null,
            "common_shares": 650330,
            "book_valuer_per_share": 25.21,
            "book_valuer_per_share_4q_avg": 17.61,
            "equity": 1639757,
            "current_ratio": 265.94,
            "debt_ratio": 34.16,
            "inventory_turnover_ratio": null,
            "account_receivable_turnover_ratio": null,
            "reinvestment_rate": null,
            "research_to_sale_ratio": null,
            "price_fair": 0,
            "eps_avg_yearly": 0,
            "eps_latest_yearly": 0,
            "eps_growth_yearly": 0
        },
        "20132": {
            "year_quarter": 20132,
            "year": 2013,
            "quarter": 2,
            "eps": 1.28,
            "eps_growth_year": null,
            "eps_4q": 1.27,
            "eps_4q_growth_year": null,
            "roe": 5.12,
            "roe_4q": 5.12,
            "gross_profit": 208449,
            "gross_margin": 29.01,
            "gross_margin_4q_avg": 7.25,
            "net_income": 82917,
            "net_income_4q": null,
            "revenue": 718635,
            "revenue_4q": null,
            "common_shares": 650330,
            "book_valuer_per_share": 24.61,
            "book_valuer_per_share_4q_avg": 18.5,
            "equity": 1600236,
            "current_ratio": 177.23,
            "debt_ratio": 37.29,
            "inventory_turnover_ratio": 0.94,
            "account_receivable_turnover_ratio": 2.85,
            "reinvestment_rate": null,
            "research_to_sale_ratio": 1.25,
            "price_fair": 0,
            "eps_avg_yearly": 0,
            "eps_latest_yearly": 0,
            "eps_growth_yearly": 0
        },
        "20133": {
            "year_quarter": 20133,
            "year": 2013,
            "quarter": 3,
            "eps": 1.33,
            "eps_growth_year": null,
            "eps_4q": 2.61,
            "eps_4q_growth_year": null,
            "roe": 5.28,
            "roe_4q": 10.4,
            "gross_profit": 211391,
            "gross_margin": 26.04,
            "gross_margin_4q_avg": 13.76,
            "net_income": 86757,
            "net_income_4q": null,
            "revenue": 811902,
            "revenue_4q": null,
            "common_shares": 650330,
            "book_valuer_per_share": 25.9,
            "book_valuer_per_share_4q_avg": 24.97,
            "equity": 1684325,
            "current_ratio": 182.86,
            "debt_ratio": 37.4,
            "inventory_turnover_ratio": 1.02,
            "account_receivable_turnover_ratio": 1.52,
            "reinvestment_rate": null,
            "research_to_sale_ratio": 1.33,
            "price_fair": 136.33,
            "eps_avg_yearly": 5.32,
            "eps_latest_yearly": 5.32,
            "eps_growth_yearly": 15.63
        },
        "20134": {
            "year_quarter": 20134,
            "year": 2013,
            "quarter": 4,
            "eps": 1.15,
            "eps_growth_year": null,
            "eps_4q": 3.52,
            "eps_4q_growth_year": null,
            "roe": 4.15,
            "roe_4q": 14.55,
            "gross_profit": 205382,
            "gross_margin": 28.16,
            "gross_margin_4q_avg": 20.8,
            "net_income": 82579,
            "net_income_4q": null,
            "revenue": 729258,
            "revenue_4q": null,
            "common_shares": 717050,
            "book_valuer_per_share": 31.98,
            "book_valuer_per_share_4q_avg": 26.93,
            "equity": 2293111,
            "current_ratio": 401.43,
            "debt_ratio": 19.64,
            "inventory_turnover_ratio": 0.88,
            "account_receivable_turnover_ratio": 1.29,
            "reinvestment_rate": null,
            "research_to_sale_ratio": 3.17,
            "price_fair": 14.88,
            "eps_avg_yearly": 4.96,
            "eps_latest_yearly": 4.6,
            "eps_growth_yearly": -19.26
        },
        "20141": {
            "year_quarter": 20141,
            "year": 2014,
            "quarter": 1,
            "eps": 1.78,
            "eps_growth_year": null,
            "eps_4q": 5.3,
            "eps_4q_growth_year": null,
            "roe": 5.4,
            "roe_4q": 19.950000000000003,
            "gross_profit": 264973,
            "gross_margin": 30.04,
            "gross_margin_4q_avg": 28.31,
            "net_income": 127688,
            "net_income_4q": null,
            "revenue": 881946,
            "revenue_4q": null,
            "common_shares": 717050,
            "book_valuer_per_share": 33.96,
            "book_valuer_per_share_4q_avg": 29.11,
            "equity": 2435338,
            "current_ratio": 441.69,
            "debt_ratio": 18.42,
            "inventory_turnover_ratio": 1.09,
            "account_receivable_turnover_ratio": 1.49,
            "reinvestment_rate": null,
            "research_to_sale_ratio": 2.36,
            "price_fair": 198.8,
            "eps_avg_yearly": 5.68,
            "eps_latest_yearly": 7.12,
            "eps_growth_yearly": 60.21
        },
        "20142": {
            "year_quarter": 20142,
            "year": 2014,
            "quarter": 2,
            "eps": 1.39,
            "eps_growth_year": 8.59,
            "eps_4q": 5.53,
            "eps_4q_growth_year": 333.65,
            "roe": 4.23,
            "roe_4q": 19.060000000000002,
            "gross_profit": 267321,
            "gross_margin": 33.04,
            "gross_margin_4q_avg": 29.32,
            "net_income": 99437,
            "net_income_4q": null,
            "revenue": 809033,
            "revenue_4q": null,
            "common_shares": 717050,
            "book_valuer_per_share": 31.53,
            "book_valuer_per_share_4q_avg": 30.84,
            "equity": 2260948,
            "current_ratio": 271.73,
            "debt_ratio": 27.29,
            "inventory_turnover_ratio": 0.93,
            "account_receivable_turnover_ratio": 1.36,
            "reinvestment_rate": null,
            "research_to_sale_ratio": 2.8,
            "price_fair": 187.83,
            "eps_avg_yearly": 5.65,
            "eps_latest_yearly": 5.56,
            "eps_growth_yearly": 23.24
        },
        "20143": {
            "year_quarter": 20143,
            "year": 2014,
            "quarter": 3,
            "eps": 1.9,
            "eps_growth_year": 42.86,
            "eps_4q": 6.22,
            "eps_4q_growth_year": 138.54,
            "roe": 5.86,
            "roe_4q": 19.64,
            "gross_profit": 297100,
            "gross_margin": 30.02,
            "gross_margin_4q_avg": 30.32,
            "net_income": 136565,
            "net_income_4q": null,
            "revenue": 989613,
            "revenue_4q": null,
            "common_shares": 717050,
            "book_valuer_per_share": 33.5,
            "book_valuer_per_share_4q_avg": 32.74,
            "equity": 2402396,
            "current_ratio": 395.05,
            "debt_ratio": 19.95,
            "inventory_turnover_ratio": 1.16,
            "account_receivable_turnover_ratio": 1.58,
            "reinvestment_rate": null,
            "research_to_sale_ratio": 2.34,
            "price_fair": 211.4,
            "eps_avg_yearly": 6.04,
            "eps_latest_yearly": 7.6,
            "eps_growth_yearly": 47.95
        },
        "20144": {
            "year_quarter": 20144,
            "year": 2014,
            "quarter": 4,
            "eps": 1.71,
            "eps_growth_year": 48.8,
            "eps_4q": 6.79,
            "eps_4q_growth_year": 92.89,
            "roe": 4.92,
            "roe_4q": 20.410000000000004,
            "gross_profit": 254743,
            "gross_margin": 30.83,
            "gross_margin_4q_avg": 30.98,
            "net_income": 122875,
            "net_income_4q": null,
            "revenue": 826397,
            "revenue_4q": null,
            "common_shares": 717050,
            "book_valuer_per_share": 36.22,
            "book_valuer_per_share_4q_avg": 33.8,
            "equity": 2597104,
            "current_ratio": 365.36,
            "debt_ratio": 21.73,
            "inventory_turnover_ratio": 0.95,
            "account_receivable_turnover_ratio": 1.19,
            "reinvestment_rate": null,
            "research_to_sale_ratio": 2.89,
            "price_fair": 216.07,
            "eps_avg_yearly": 6.17,
            "eps_latest_yearly": 6.84,
            "eps_growth_yearly": 33.29
        },
        "20151": {
            "year_quarter": 20151,
            "year": 2015,
            "quarter": 1,
            "eps": 1.96,
            "eps_growth_year": 10.11,
            "eps_4q": 6.96,
            "eps_4q_growth_year": 31.39,
            "roe": 5.32,
            "roe_4q": 20.330000000000002,
            "gross_profit": 285553,
            "gross_margin": 30.37,
            "gross_margin_4q_avg": 31.07,
            "net_income": 140323,
            "net_income_4q": null,
            "revenue": 940162,
            "revenue_4q": null,
            "common_shares": 717050,
            "book_valuer_per_share": 37.29,
            "book_valuer_per_share_4q_avg": 34.64,
            "equity": 2673599,
            "current_ratio": 313.91,
            "debt_ratio": 23.39,
            "inventory_turnover_ratio": 1.06,
            "account_receivable_turnover_ratio": 1.38,
            "reinvestment_rate": null,
            "research_to_sale_ratio": 2.48,
            "price_fair": 224.4,
            "eps_avg_yearly": 6.41,
            "eps_latest_yearly": 7.84,
            "eps_growth_yearly": 36.89
        },
        "20152": {
            "year_quarter": 20152,
            "year": 2015,
            "quarter": 2,
            "eps": 1.57,
            "eps_growth_year": 12.95,
            "eps_4q": 7.15,
            "eps_4q_growth_year": 29.35,
            "roe": 4.34,
            "roe_4q": 20.44,
            "gross_profit": 267783,
            "gross_margin": 29.69,
            "gross_margin_4q_avg": 30.23,
            "net_income": 113043,
            "net_income_4q": null,
            "revenue": 901856,
            "revenue_4q": null,
            "common_shares": 717050,
            "book_valuer_per_share": 35.42,
            "book_valuer_per_share_4q_avg": 35.61,
            "equity": 2539490,
            "current_ratio": 309.9,
            "debt_ratio": 31.89,
            "inventory_turnover_ratio": 1.07,
            "account_receivable_turnover_ratio": 1.32,
            "reinvestment_rate": null,
            "research_to_sale_ratio": 3.19,
            "price_fair": 206.74,
            "eps_avg_yearly": 6.4,
            "eps_latest_yearly": 6.28,
            "eps_growth_yearly": 22.33
        },
        "20153": {
            "year_quarter": 20153,
            "year": 2015,
            "quarter": 3,
            "eps": 2.7,
            "eps_growth_year": 42.11,
            "eps_4q": 7.72,
            "eps_4q_growth_year": 24.1,
            "roe": 6.97,
            "roe_4q": 21.549999999999997,
            "gross_profit": 351486,
            "gross_margin": 31.96,
            "gross_margin_4q_avg": 30.71,
            "net_income": 194344,
            "net_income_4q": null,
            "revenue": 1099670,
            "revenue_4q": null,
            "common_shares": 738742,
            "book_valuer_per_share": 41.1,
            "book_valuer_per_share_4q_avg": 37.51,
            "equity": 3036574,
            "current_ratio": 479.58,
            "debt_ratio": 23.7,
            "inventory_turnover_ratio": 1.22,
            "account_receivable_turnover_ratio": 1.47,
            "reinvestment_rate": null,
            "research_to_sale_ratio": 2.52,
            "price_fair": 240.96,
            "eps_avg_yearly": 6.88,
            "eps_latest_yearly": 10.8,
            "eps_growth_yearly": 51.84
        },
        "20154": {
            "year_quarter": 20154,
            "year": 2015,
            "quarter": 4,
            "eps": 2.29,
            "eps_growth_year": 33.74,
            "eps_4q": 8.25,
            "eps_4q_growth_year": 21.52,
            "roe": 5.41,
            "roe_4q": 22.04,
            "gross_profit": 342541,
            "gross_margin": 34.15,
            "gross_margin_4q_avg": 31.54,
            "net_income": 172333,
            "net_income_4q": null,
            "revenue": 1003154,
            "revenue_4q": null,
            "common_shares": 751941,
            "book_valuer_per_share": 44.37,
            "book_valuer_per_share_4q_avg": 39.55,
            "equity": 3336165,
            "current_ratio": 414.02,
            "debt_ratio": 21.44,
            "inventory_turnover_ratio": 0.98,
            "account_receivable_turnover_ratio": 1.34,
            "reinvestment_rate": null,
            "research_to_sale_ratio": 3.64,
            "price_fair": 248.92,
            "eps_avg_yearly": 7.11,
            "eps_latest_yearly": 9.16,
            "eps_growth_yearly": 40.58
        },
        "20161": {
            "year_quarter": 20161,
            "year": 2016,
            "quarter": 1,
            "eps": 2.39,
            "eps_growth_year": 21.94,
            "eps_4q": 8.73,
            "eps_4q_growth_year": 25.4,
            "roe": 5.25,
            "roe_4q": 21.97,
            "gross_profit": 362711,
            "gross_margin": 33.01,
            "gross_margin_4q_avg": 32.2,
            "net_income": 180236,
            "net_income_4q": null,
            "revenue": 1098938,
            "revenue_4q": null,
            "common_shares": 755944,
            "book_valuer_per_share": 46.77,
            "book_valuer_per_share_4q_avg": 41.92,
            "equity": 3535820,
            "current_ratio": 465.44,
            "debt_ratio": 18.26,
            "inventory_turnover_ratio": 1.02,
            "account_receivable_turnover_ratio": 1.43,
            "reinvestment_rate": null,
            "research_to_sale_ratio": 2.32,
            "price_fair": 256.71,
            "eps_avg_yearly": 7.33,
            "eps_latest_yearly": 9.56,
            "eps_growth_yearly": 38.48
        },
        "20162": {
            "year_quarter": 20162,
            "year": 2016,
            "quarter": 2,
            "eps": 2.29,
            "eps_growth_year": 45.86,
            "eps_4q": 9.51,
            "eps_4q_growth_year": 32.97,
            "roe": 5.04,
            "roe_4q": 22.669999999999998,
            "gross_profit": 352787,
            "gross_margin": 31.21,
            "gross_margin_4q_avg": 32.58,
            "net_income": 173209,
            "net_income_4q": null,
            "revenue": 1130310,
            "revenue_4q": null,
            "common_shares": 757255,
            "book_valuer_per_share": 44.16,
            "book_valuer_per_share_4q_avg": 44.1,
            "equity": 3343882,
            "current_ratio": 309.69,
            "debt_ratio": 24.59,
            "inventory_turnover_ratio": 1.09,
            "account_receivable_turnover_ratio": 1.39,
            "reinvestment_rate": -28.46,
            "research_to_sale_ratio": 1.99,
            "price_fair": 262.03,
            "eps_avg_yearly": 7.49,
            "eps_latest_yearly": 9.16,
            "eps_growth_yearly": 33.88
        },
        "20163": {
            "year_quarter": 20163,
            "year": 2016,
            "quarter": 3,
            "eps": 2.17,
            "eps_growth_year": -19.63,
            "eps_4q": 9.11,
            "eps_4q_growth_year": 17.93,
            "roe": 4.78,
            "roe_4q": 20.48,
            "gross_profit": 369755,
            "gross_margin": 32.37,
            "gross_margin_4q_avg": 32.69,
            "net_income": 164214,
            "net_income_4q": null,
            "revenue": 1142159,
            "revenue_4q": null,
            "common_shares": 757548,
            "book_valuer_per_share": 46.65,
            "book_valuer_per_share_4q_avg": 45.49,
            "equity": 3533675,
            "current_ratio": 339.98,
            "debt_ratio": 23.93,
            "inventory_turnover_ratio": 1.13,
            "account_receivable_turnover_ratio": 1.46,
            "reinvestment_rate": 24.72,
            "research_to_sale_ratio": 2.68,
            "price_fair": 265.25,
            "eps_avg_yearly": 7.58,
            "eps_latest_yearly": 8.68,
            "eps_growth_yearly": 29.66
        },
        "20164": {
            "year_quarter": 20164,
            "year": 2016,
            "quarter": 4,
            "eps": 2.24,
            "eps_growth_year": -2.07,
            "eps_4q": 9.08,
            "eps_4q_growth_year": 10.09,
            "roe": 4.73,
            "roe_4q": 19.8,
            "gross_profit": 338196,
            "gross_margin": 31.04,
            "gross_margin_4q_avg": 31.91,
            "net_income": 170032,
            "net_income_4q": null,
            "revenue": 1089607,
            "revenue_4q": null,
            "common_shares": 757548,
            "book_valuer_per_share": 48.29,
            "book_valuer_per_share_4q_avg": 46.47,
            "equity": 3657850,
            "current_ratio": 336.16,
            "debt_ratio": 24.3,
            "inventory_turnover_ratio": 1.09,
            "account_receivable_turnover_ratio": 1.35,
            "reinvestment_rate": -25.63,
            "research_to_sale_ratio": 3.53,
            "price_fair": 268.7,
            "eps_avg_yearly": 7.68,
            "eps_latest_yearly": 8.96,
            "eps_growth_yearly": 28.46
        },
        "20171": {
            "year_quarter": 20171,
            "year": 2017,
            "quarter": 1,
            "eps": 1.65,
            "eps_growth_year": -30.96,
            "eps_4q": 8.35,
            "eps_4q_growth_year": -4.32,
            "roe": 3.41,
            "roe_4q": 17.96,
            "gross_profit": 355197,
            "gross_margin": 30.47,
            "gross_margin_4q_avg": 31.27,
            "net_income": 125341,
            "net_income_4q": null,
            "revenue": 1165612,
            "revenue_4q": null,
            "common_shares": 757586,
            "book_valuer_per_share": 48.61,
            "book_valuer_per_share_4q_avg": 46.93,
            "equity": 3682933,
            "current_ratio": 338.3,
            "debt_ratio": 24.51,
            "inventory_turnover_ratio": 1.2,
            "account_receivable_turnover_ratio": 1.34,
            "reinvestment_rate": 26.35,
            "research_to_sale_ratio": 2.66,
            "price_fair": 224.66,
            "eps_avg_yearly": 7.61,
            "eps_latest_yearly": 6.6,
            "eps_growth_yearly": 19.54
        },
        "20172": {
            "year_quarter": 20172,
            "year": 2017,
            "quarter": 2,
            "eps": 1.12,
            "eps_growth_year": -51.09,
            "eps_4q": 7.18,
            "eps_4q_growth_year": -24.48,
            "roe": 2.37,
            "roe_4q": 15.290000000000003,
            "gross_profit": 284744,
            "gross_margin": 27.97,
            "gross_margin_4q_avg": 30.46,
            "net_income": 84664,
            "net_income_4q": null,
            "revenue": 1018050,
            "revenue_4q": null,
            "common_shares": 757787,
            "book_valuer_per_share": 45.7,
            "book_valuer_per_share_4q_avg": 47.31,
            "equity": 3463111,
            "current_ratio": 290.18,
            "debt_ratio": 27.15,
            "inventory_turnover_ratio": 1.06,
            "account_receivable_turnover_ratio": 1.2,
            "reinvestment_rate": 29.91,
            "research_to_sale_ratio": 3.67,
            "price_fair": 150.34,
            "eps_avg_yearly": 7.41,
            "eps_latest_yearly": 4.48,
            "eps_growth_yearly": 10.29
        },
        "20173": {
            "year_quarter": 20173,
            "year": 2017,
            "quarter": 3,
            "eps": 1.96,
            "eps_growth_year": -9.68,
            "eps_4q": 6.98,
            "eps_4q_growth_year": -23.42,
            "roe": 4.19,
            "roe_4q": 14.700000000000001,
            "gross_profit": 324358,
            "gross_margin": 29.7,
            "gross_margin_4q_avg": 29.8,
            "net_income": 148544,
            "net_income_4q": null,
            "revenue": 1092048,
            "revenue_4q": null,
            "common_shares": 757803,
            "book_valuer_per_share": 47.82,
            "book_valuer_per_share_4q_avg": 47.61,
            "equity": 3623637,
            "current_ratio": 462.65,
            "debt_ratio": 19.85,
            "inventory_turnover_ratio": 1.08,
            "account_receivable_turnover_ratio": 1.29,
            "reinvestment_rate": 29.86,
            "research_to_sale_ratio": 3.98,
            "price_fair": 264.86,
            "eps_avg_yearly": 7.57,
            "eps_latest_yearly": 7.84,
            "eps_growth_yearly": 28.06
        },
        "20174": {
            "year_quarter": 20174,
            "year": 2017,
            "quarter": 4,
            "eps": 2.53,
            "eps_growth_year": 12.65,
            "eps_4q": 7.26,
            "eps_4q_growth_year": -20.03,
            "roe": 5.2,
            "roe_4q": 15.170000000000002,
            "gross_profit": 300541,
            "gross_margin": 28.62,
            "gross_margin_4q_avg": 29.19,
            "net_income": 191611,
            "net_income_4q": null,
            "revenue": 1050227,
            "revenue_4q": null,
            "common_shares": 757803,
            "book_valuer_per_share": 49.46,
            "book_valuer_per_share_4q_avg": 47.9,
            "equity": 3748146,
            "current_ratio": 420.25,
            "debt_ratio": 21.46,
            "inventory_turnover_ratio": 1.11,
            "account_receivable_turnover_ratio": 1.21,
            "reinvestment_rate": 28.95,
            "research_to_sale_ratio": 3.91,
            "price_fair": 276.94,
            "eps_avg_yearly": 7.91,
            "eps_latest_yearly": 10.12,
            "eps_growth_yearly": 38.72
        },
        "20181": {
            "year_quarter": 20181,
            "year": 2018,
            "quarter": 1,
            "eps": 1.29,
            "eps_growth_year": -21.82,
            "eps_4q": 6.89,
            "eps_4q_growth_year": -17.47,
            "roe": 2.57,
            "roe_4q": 14.330000000000002,
            "gross_profit": 269620,
            "gross_margin": 26.72,
            "gross_margin_4q_avg": 28.25,
            "net_income": 97548,
            "net_income_4q": null,
            "revenue": 1009130,
            "revenue_4q": null,
            "common_shares": 757803,
            "book_valuer_per_share": 50.77,
            "book_valuer_per_share_4q_avg": 48.44,
            "equity": 3847583,
            "current_ratio": 441.59,
            "debt_ratio": 21.34,
            "inventory_turnover_ratio": 1.04,
            "account_receivable_turnover_ratio": 1.2,
            "reinvestment_rate": 30,
            "research_to_sale_ratio": 4.54,
            "price_fair": 177.36,
            "eps_avg_yearly": 7.79,
            "eps_latest_yearly": 5.16,
            "eps_growth_yearly": 12.77
        },
        "20182": {
            "year_quarter": 20182,
            "year": 2018,
            "quarter": 2,
            "eps": 1.8,
            "eps_growth_year": 60.71,
            "eps_4q": 7.58,
            "eps_4q_growth_year": 5.52,
            "roe": 3.69,
            "roe_4q": 15.650000000000002,
            "gross_profit": 291074,
            "gross_margin": 27.54,
            "gross_margin_4q_avg": 28.15,
            "net_income": 136576,
            "net_income_4q": null,
            "revenue": 1057007,
            "revenue_4q": null,
            "common_shares": 757803,
            "book_valuer_per_share": 46.89,
            "book_valuer_per_share_4q_avg": 48.74,
            "equity": 3553014,
            "current_ratio": 299.98,
            "debt_ratio": 27.63,
            "inventory_turnover_ratio": 1,
            "account_receivable_turnover_ratio": 1.24,
            "reinvestment_rate": 31.89,
            "research_to_sale_ratio": 4.25,
            "price_fair": 276.24,
            "eps_avg_yearly": 7.89,
            "eps_latest_yearly": 7.2,
            "eps_growth_yearly": 28.13
        },
        "20183": {
            "year_quarter": 20183,
            "year": 2018,
            "quarter": 3,
            "eps": 1.99,
            "eps_growth_year": 1.53,
            "eps_4q": 7.61,
            "eps_4q_growth_year": 9.13,
            "roe": 4.21,
            "roe_4q": 15.670000000000002,
            "gross_profit": 287479,
            "gross_margin": 26.26,
            "gross_margin_4q_avg": 27.29,
            "net_income": 151122,
            "net_income_4q": null,
            "revenue": 1094735,
            "revenue_4q": null,
            "common_shares": 757803,
            "book_valuer_per_share": 47.96,
            "book_valuer_per_share_4q_avg": 48.77,
            "equity": 3634166,
            "current_ratio": 299.26,
            "debt_ratio": 27.92,
            "inventory_turnover_ratio": 1.06,
            "account_receivable_turnover_ratio": 1.35,
            "reinvestment_rate": 29.78,
            "research_to_sale_ratio": 3.55,
            "price_fair": 250.07,
            "eps_avg_yearly": 7.92,
            "eps_latest_yearly": 7.96,
            "eps_growth_yearly": 21.59
        },
        "20184": {
            "year_quarter": 20184,
            "year": 2018,
            "quarter": 4,
            "eps": 1.54,
            "eps_growth_year": -39.02,
            "eps_4q": 6.63,
            "eps_4q_growth_year": -8.74,
            "roe": 3.16,
            "roe_4q": 13.63,
            "gross_profit": 313902,
            "gross_margin": 29.53,
            "gross_margin_4q_avg": 27.51,
            "net_income": 116851,
            "net_income_4q": null,
            "revenue": 1063069,
            "revenue_4q": null,
            "common_shares": 757803,
            "book_valuer_per_share": 49.67,
            "book_valuer_per_share_4q_avg": 48.82,
            "equity": 3763755,
            "current_ratio": 388.55,
            "debt_ratio": 23.26,
            "inventory_turnover_ratio": 0.92,
            "account_receivable_turnover_ratio": 1.33,
            "reinvestment_rate": 30.23,
            "research_to_sale_ratio": 4.06,
            "price_fair": 223.91,
            "eps_avg_yearly": 7.87,
            "eps_latest_yearly": 6.16,
            "eps_growth_yearly": 18.44
        },
        "20191": {
            "year_quarter": 20191,
            "year": 2019,
            "quarter": 1,
            "eps": 1.58,
            "eps_growth_year": 22.48,
            "eps_4q": 6.91,
            "eps_4q_growth_year": 0.31,
            "roe": 3.11,
            "roe_4q": 14.17,
            "gross_profit": 286267,
            "gross_margin": 26.32,
            "gross_margin_4q_avg": 27.41,
            "net_income": 119432,
            "net_income_4q": null,
            "revenue": 1087716,
            "revenue_4q": null,
            "common_shares": 757803,
            "book_valuer_per_share": 51.75,
            "book_valuer_per_share_4q_avg": 49.07,
            "equity": 3921442,
            "current_ratio": 456.03,
            "debt_ratio": 21.21,
            "inventory_turnover_ratio": 0.96,
            "account_receivable_turnover_ratio": 1.38,
            "reinvestment_rate": 25.19,
            "research_to_sale_ratio": 2.96,
            "price_fair": 197.83,
            "eps_avg_yearly": 7.78,
            "eps_latest_yearly": 6.32,
            "eps_growth_yearly": 15.44
        },
        "20192": {
            "year_quarter": 20192,
            "year": 2019,
            "quarter": 2,
            "eps": 2.22,
            "eps_growth_year": 23.33,
            "eps_4q": 7.34,
            "eps_4q_growth_year": -3.2,
            "roe": 4.42,
            "roe_4q": 14.899999999999999,
            "gross_profit": 320505,
            "gross_margin": 27.99,
            "gross_margin_4q_avg": 27.53,
            "net_income": 168488,
            "net_income_4q": null,
            "revenue": 1145228,
            "revenue_4q": null,
            "common_shares": 757803,
            "book_valuer_per_share": 48.85,
            "book_valuer_per_share_4q_avg": 49.56,
            "equity": 3701511,
            "current_ratio": 316.19,
            "debt_ratio": 27.65,
            "inventory_turnover_ratio": 1.07,
            "account_receivable_turnover_ratio": 1.52,
            "reinvestment_rate": 24.06,
            "research_to_sale_ratio": 2.77,
            "price_fair": 277.9,
            "eps_avg_yearly": 7.94,
            "eps_latest_yearly": 8.88,
            "eps_growth_yearly": 30.54
        },
        "20193": {
            "year_quarter": 20193,
            "year": 2019,
            "quarter": 3,
            "eps": 2.22,
            "eps_growth_year": 11.56,
            "eps_4q": 7.56,
            "eps_4q_growth_year": -0.62,
            "roe": 4.52,
            "roe_4q": 15.209999999999999,
            "gross_profit": 349332,
            "gross_margin": 28.74,
            "gross_margin_4q_avg": 28.15,
            "net_income": 168489,
            "net_income_4q": null,
            "revenue": 1215549,
            "revenue_4q": null,
            "common_shares": 757803,
            "book_valuer_per_share": 49.54,
            "book_valuer_per_share_4q_avg": 49.95,
            "equity": 3754035,
            "current_ratio": 271.04,
            "debt_ratio": 30.9,
            "inventory_turnover_ratio": 1.2,
            "account_receivable_turnover_ratio": 1.54,
            "reinvestment_rate": 21.84,
            "research_to_sale_ratio": 2.86,
            "price_fair": 176.29,
            "eps_avg_yearly": 7.82,
            "eps_latest_yearly": 8.88,
            "eps_growth_yearly": 12.54
        },
        "20194": {
            "year_quarter": 20194,
            "year": 2019,
            "quarter": 4,
            "eps": 2.64,
            "eps_growth_year": 71.11,
            "eps_4q": 8.66,
            "eps_4q_growth_year": 30.72,
            "roe": 5.19,
            "roe_4q": 17.240000000000002,
            "gross_profit": 303867,
            "gross_margin": 26.95,
            "gross_margin_4q_avg": 27.5,
            "net_income": 199939,
            "net_income_4q": null,
            "revenue": 1127315,
            "revenue_4q": null,
            "common_shares": 757803,
            "book_valuer_per_share": 52.05,
            "book_valuer_per_share_4q_avg": 50.55,
            "equity": 3944670,
            "current_ratio": 385.69,
            "debt_ratio": 22.55,
            "inventory_turnover_ratio": 1.14,
            "account_receivable_turnover_ratio": 1.37,
            "reinvestment_rate": 20.46,
            "research_to_sale_ratio": 3.77,
            "price_fair": 245.68,
            "eps_avg_yearly": 7.91,
            "eps_latest_yearly": 10.56,
            "eps_growth_yearly": 21.07
        },
        "20201": {
            "year_quarter": 20201,
            "year": 2020,
            "quarter": 1,
            "eps": 0.85,
            "eps_growth_year": -46.2,
            "eps_4q": 7.93,
            "eps_4q_growth_year": 14.7,
            "roe": 1.62,
            "roe_4q": 15.75,
            "gross_profit": 221991,
            "gross_margin": 23.61,
            "gross_margin_4q_avg": 26.82,
            "net_income": 64114,
            "net_income_4q": null,
            "revenue": 940364,
            "revenue_4q": null,
            "common_shares": 757803,
            "book_valuer_per_share": 52.27,
            "book_valuer_per_share_4q_avg": 50.68,
            "equity": 3960972,
            "current_ratio": 532.51,
            "debt_ratio": 24.34,
            "inventory_turnover_ratio": 1,
            "account_receivable_turnover_ratio": 1.21,
            "reinvestment_rate": 18.21,
            "research_to_sale_ratio": 2.98,
            "price_fair": 98,
            "eps_avg_yearly": 7.52,
            "eps_latest_yearly": 3.4,
            "eps_growth_yearly": 3.03
        },
        "20202": {
            "year_quarter": 20202,
            "year": 2020,
            "quarter": 2,
            "eps": -1.01,
            "eps_growth_year": -145.5,
            "eps_4q": 4.7,
            "eps_4q_growth_year": -35.9,
            "roe": -2.05,
            "roe_4q": 9.280000000000001,
            "gross_profit": 47990,
            "gross_margin": 9.42,
            "gross_margin_4q_avg": 22.18,
            "net_income": -76226,
            "net_income_4q": null,
            "revenue": 509513,
            "revenue_4q": null,
            "common_shares": 757803,
            "book_valuer_per_share": 45.92,
            "book_valuer_per_share_4q_avg": 49.95,
            "equity": 3479838,
            "current_ratio": 356.31,
            "debt_ratio": 30.58,
            "inventory_turnover_ratio": 0.68,
            "account_receivable_turnover_ratio": 0.76,
            "reinvestment_rate": 20.63,
            "research_to_sale_ratio": 5.43,
            "price_fair": 106.34,
            "eps_avg_yearly": 7.41,
            "eps_latest_yearly": 3.4,
            "eps_growth_yearly": 4.34
        },
        "20203": {
            "year_quarter": 20203,
            "year": 2020,
            "quarter": 3,
            "eps": -0.12,
            "eps_growth_year": -105.41,
            "eps_4q": 2.35,
            "eps_4q_growth_year": -68.88,
            "roe": -0.27,
            "roe_4q": 4.49,
            "gross_profit": 156001,
            "gross_margin": 18.27,
            "gross_margin_4q_avg": 19.56,
            "net_income": -9448,
            "net_income_4q": null,
            "revenue": 853732,
            "revenue_4q": null,
            "common_shares": 757803,
            "book_valuer_per_share": 46.45,
            "book_valuer_per_share_4q_avg": 49.17,
            "equity": 3520069,
            "current_ratio": 304.08,
            "debt_ratio": 33.12,
            "inventory_turnover_ratio": 1.09,
            "account_receivable_turnover_ratio": 1.2,
            "reinvestment_rate": 29.16,
            "research_to_sale_ratio": 3.4,
            "price_fair": 118.28,
            "eps_avg_yearly": 7.32,
            "eps_latest_yearly": 3.4,
            "eps_growth_yearly": 6.15
        },
        "20204": {
            "year_quarter": 20204,
            "year": 2020,
            "quarter": 4,
            "eps": 1.59,
            "eps_growth_year": -39.73,
            "eps_4q": 1.31,
            "eps_4q_growth_year": -84.93,
            "roe": 3.35,
            "roe_4q": 2.6500000000000004,
            "gross_profit": 318669,
            "gross_margin": 28.46,
            "gross_margin_4q_avg": 19.94,
            "net_income": 120498,
            "net_income_4q": null,
            "revenue": 1119867,
            "revenue_4q": null,
            "common_shares": 757803,
            "book_valuer_per_share": 48.58,
            "book_valuer_per_share_4q_avg": 48.31,
            "equity": 3681694,
            "current_ratio": 314.48,
            "debt_ratio": 32.99,
            "inventory_turnover_ratio": 1.33,
            "account_receivable_turnover_ratio": 1.29,
            "reinvestment_rate": 22.55,
            "research_to_sale_ratio": 3.15,
            "price_fair": 112.51,
            "eps_avg_yearly": 7.2,
            "eps_latest_yearly": 3.4,
            "eps_growth_yearly": 5.63
        },
        "20211": {
            "year_quarter": 20211,
            "year": 2021,
            "quarter": 1,
            "eps": 0.85,
            "eps_growth_year": 0,
            "eps_4q": 1.32,
            "eps_4q_growth_year": -83.37,
            "roe": 1.76,
            "roe_4q": 2.79,
            "gross_profit": 239171,
            "gross_margin": 24.2,
            "gross_margin_4q_avg": 20.09,
            "net_income": 65135,
            "net_income_4q": null,
            "revenue": 988337,
            "revenue_4q": null,
            "common_shares": 757803,
            "book_valuer_per_share": 49.31,
            "book_valuer_per_share_4q_avg": 47.57,
            "equity": 3736627,
            "current_ratio": 347.26,
            "debt_ratio": 31.49,
            "inventory_turnover_ratio": 1.17,
            "account_receivable_turnover_ratio": 1.01,
            "reinvestment_rate": 25.01,
            "research_to_sale_ratio": 3.74,
            "price_fair": 20.85,
            "eps_avg_yearly": 6.95,
            "eps_latest_yearly": 3.4,
            "eps_growth_yearly": -0.58
        },
        "20212": {
            "year_quarter": 20212,
            "year": 2021,
            "quarter": 2,
            "eps": 1.37,
            "eps_growth_year": null,
            "eps_4q": 3.69,
            "eps_4q_growth_year": -21.44,
            "roe": 2.77,
            "roe_4q": 7.610000000000001,
            "gross_profit": 201354,
            "gross_margin": 22.81,
            "gross_margin_4q_avg": 23.44,
            "net_income": 103722,
            "net_income_4q": null,
            "revenue": 882888,
            "revenue_4q": null,
            "common_shares": 757803,
            "book_valuer_per_share": 49.44,
            "book_valuer_per_share_4q_avg": 48.45,
            "equity": 3746320,
            "current_ratio": 342.27,
            "debt_ratio": 30.97,
            "inventory_turnover_ratio": 0.94,
            "account_receivable_turnover_ratio": 0.97,
            "reinvestment_rate": 19.27,
            "research_to_sale_ratio": 4.78,
            "price_fair": 245.97,
            "eps_avg_yearly": 7.03,
            "eps_latest_yearly": 5.48,
            "eps_growth_yearly": 28.12
        },
        "20213": {
            "year_quarter": 20213,
            "year": 2021,
            "quarter": 3,
            "eps": 0.49,
            "eps_growth_year": null,
            "eps_4q": 4.3,
            "eps_4q_growth_year": 82.88,
            "roe": 0.98,
            "roe_4q": 8.86,
            "gross_profit": 197076,
            "gross_margin": 21.63,
            "gross_margin_4q_avg": 24.28,
            "net_income": 36858,
            "net_income_4q": null,
            "revenue": 911253,
            "revenue_4q": null,
            "common_shares": 757803,
            "book_valuer_per_share": 49.54,
            "book_valuer_per_share_4q_avg": 49.22,
            "equity": 3754145,
            "current_ratio": 343.16,
            "debt_ratio": 31.27,
            "inventory_turnover_ratio": 0.88,
            "account_receivable_turnover_ratio": 1.13,
            "reinvestment_rate": 16.54,
            "research_to_sale_ratio": 4.53,
            "price_fair": 19.73,
            "eps_avg_yearly": 6.58,
            "eps_latest_yearly": 1.96,
            "eps_growth_yearly": -14.72
        },
        "20214": {
            "year_quarter": 20214,
            "year": 2021,
            "quarter": 4,
            "eps": 0.43,
            "eps_growth_year": -72.72,
            "eps_4q": 3.15,
            "eps_4q_growth_year": 141.14,
            "roe": 0.87,
            "roe_4q": 6.38,
            "gross_profit": 180137,
            "gross_margin": 20.1,
            "gross_margin_4q_avg": 22.19,
            "net_income": 32867,
            "net_income_4q": null,
            "revenue": 896100,
            "revenue_4q": null,
            "common_shares": 757803,
            "book_valuer_per_share": 50.09,
            "book_valuer_per_share_4q_avg": 49.6,
            "equity": 3795697,
            "current_ratio": 382.11,
            "debt_ratio": 30.01,
            "inventory_turnover_ratio": 0.85,
            "account_receivable_turnover_ratio": 1.11,
            "reinvestment_rate": 15.49,
            "research_to_sale_ratio": 4.14,
            "price_fair": 17.79,
            "eps_avg_yearly": 5.93,
            "eps_latest_yearly": 1.72,
            "eps_growth_yearly": -27.43
        },
        "20221": {
            "year_quarter": 20221,
            "year": 2022,
            "quarter": 1,
            "eps": 0.92,
            "eps_growth_year": 8.24,
            "eps_4q": 3.21,
            "eps_4q_growth_year": 143.51,
            "roe": 1.8,
            "roe_4q": 6.42,
            "gross_profit": 223167,
            "gross_margin": 20.7,
            "gross_margin_4q_avg": 21.31,
            "net_income": 69960,
            "net_income_4q": null,
            "revenue": 1078009,
            "revenue_4q": null,
            "common_shares": 757803,
            "book_valuer_per_share": 52.29,
            "book_valuer_per_share_4q_avg": 50.34,
            "equity": 3962249,
            "current_ratio": 282.78,
            "debt_ratio": 30.6,
            "inventory_turnover_ratio": 1.05,
            "account_receivable_turnover_ratio": 1.14,
            "reinvestment_rate": 11.95,
            "research_to_sale_ratio": 3.62,
            "price_fair": 190.22,
            "eps_avg_yearly": 5.82,
            "eps_latest_yearly": 3.68,
            "eps_growth_yearly": 22.71
        },
        "20222": {
            "year_quarter": 20222,
            "year": 2022,
            "quarter": 2,
            "eps": 1.23,
            "eps_growth_year": -10.22,
            "eps_4q": 3.08,
            "eps_4q_growth_year": -16.74,
            "roe": 2.39,
            "roe_4q": 6.040000000000001,
            "gross_profit": 249799,
            "gross_margin": 25.98,
            "gross_margin_4q_avg": 22.1,
            "net_income": 93362,
            "net_income_4q": null,
            "revenue": 961596,
            "revenue_4q": null,
            "common_shares": 757803,
            "book_valuer_per_share": 50.79,
            "book_valuer_per_share_4q_avg": 50.68,
            "equity": 3848509,
            "current_ratio": 275.09,
            "debt_ratio": 31.49,
            "inventory_turnover_ratio": 0.84,
            "account_receivable_turnover_ratio": 0.95,
            "reinvestment_rate": 4.78,
            "research_to_sale_ratio": 3.66,
            "price_fair": 174.35,
            "eps_avg_yearly": 5.64,
            "eps_latest_yearly": 4.92,
            "eps_growth_yearly": 20.91
        },
        "20223": {
            "year_quarter": 20223,
            "year": 2022,
            "quarter": 3,
            "eps": 2.51,
            "eps_growth_year": 412.24,
            "eps_4q": 5.1,
            "eps_4q_growth_year": 18.51,
            "roe": 4.82,
            "roe_4q": 9.88,
            "gross_profit": 364696,
            "gross_margin": 28.73,
            "gross_margin_4q_avg": 23.88,
            "net_income": 190412,
            "net_income_4q": null,
            "revenue": 1269243,
            "revenue_4q": null,
            "common_shares": 757803,
            "book_valuer_per_share": 53.51,
            "book_valuer_per_share_4q_avg": 51.67,
            "equity": 4055305,
            "current_ratio": 282.48,
            "debt_ratio": 31.91,
            "inventory_turnover_ratio": 1.03,
            "account_receivable_turnover_ratio": 1.2,
            "reinvestment_rate": 4.22,
            "research_to_sale_ratio": 3.55,
            "price_fair": 203,
            "eps_avg_yearly": 5.8,
            "eps_latest_yearly": 10.04,
            "eps_growth_yearly": 49.69
        },
        "20224": {
            "year_quarter": 20224,
            "year": 2022,
            "quarter": 4,
            "eps": 1.3,
            "eps_growth_year": 200.78,
            "eps_4q": 5.97,
            "eps_4q_growth_year": 89.7,
            "roe": 2.41,
            "roe_4q": 11.420000000000002,
            "gross_profit": 298583,
            "gross_margin": 28.04,
            "gross_margin_4q_avg": 25.86,
            "net_income": 98856,
            "net_income_4q": null,
            "revenue": 1064937,
            "revenue_4q": null,
            "common_shares": 757803,
            "book_valuer_per_share": 54.95,
            "book_valuer_per_share_4q_avg": 52.89,
            "equity": 4163786,
            "current_ratio": 283.79,
            "debt_ratio": 31.88,
            "inventory_turnover_ratio": 0.8,
            "account_receivable_turnover_ratio": 0.93,
            "reinvestment_rate": 0.68,
            "research_to_sale_ratio": 4.02,
            "price_fair": 200.42,
            "eps_avg_yearly": 5.73,
            "eps_latest_yearly": 5.2,
            "eps_growth_yearly": 41.81
        },
        "20231": {
            "year_quarter": 20231,
            "year": 2023,
            "quarter": 1,
            "eps": 1.24,
            "eps_growth_year": 34.78,
            "eps_4q": 6.3,
            "eps_4q_growth_year": 96.05,
            "roe": 2.24,
            "roe_4q": 11.860000000000001,
            "gross_profit": 266791,
            "gross_margin": 23.71,
            "gross_margin_4q_avg": 26.62,
            "net_income": 94578,
            "net_income_4q": null,
            "revenue": 1125440,
            "revenue_4q": null,
            "common_shares": 757803,
            "book_valuer_per_share": 56.44,
            "book_valuer_per_share_4q_avg": 53.92,
            "equity": 4277257,
            "current_ratio": 372.12,
            "debt_ratio": 26.74,
            "inventory_turnover_ratio": 0.83,
            "account_receivable_turnover_ratio": 1.05,
            "reinvestment_rate": -2.66,
            "research_to_sale_ratio": 3.26,
            "price_fair": 196.75,
            "eps_avg_yearly": 5.62,
            "eps_latest_yearly": 4.96,
            "eps_growth_yearly": 39.59
        },
        "20232": {
            "year_quarter": 20232,
            "year": 2023,
            "quarter": 2,
            "eps": 1.48,
            "eps_growth_year": 20.33,
            "eps_4q": 6.55,
            "eps_4q_growth_year": 113.06,
            "roe": 2.71,
            "roe_4q": 12.18,
            "gross_profit": 252055,
            "gross_margin": 21.48,
            "gross_margin_4q_avg": 25.49,
            "net_income": 112676,
            "net_income_4q": null,
            "revenue": 1173319,
            "revenue_4q": null,
            "common_shares": 757803,
            "book_valuer_per_share": 53.14,
            "book_valuer_per_share_4q_avg": 54.51,
            "equity": 4027201,
            "current_ratio": 288.67,
            "debt_ratio": 32.06,
            "inventory_turnover_ratio": 0.94,
            "account_receivable_turnover_ratio": 1.09,
            "reinvestment_rate": -3.43,
            "research_to_sale_ratio": 3.39,
            "price_fair": 188.78,
            "eps_avg_yearly": 5.39,
            "eps_latest_yearly": 5.92,
            "eps_growth_yearly": 33.08
        },
        "20233": {
            "year_quarter": 20233,
            "year": 2023,
            "quarter": 3,
            "eps": 1.85,
            "eps_growth_year": -26.29,
            "eps_4q": 5.9,
            "eps_4q_growth_year": 15.63,
            "roe": 3.41,
            "roe_4q": 10.77,
            "gross_profit": 349800,
            "gross_margin": 26.21,
            "gross_margin_4q_avg": 24.86,
            "net_income": 140923,
            "net_income_4q": null,
            "revenue": 1334695,
            "revenue_4q": null,
            "common_shares": 757803,
            "book_valuer_per_share": 56,
            "book_valuer_per_share_4q_avg": 55.13,
            "equity": 4243358,
            "current_ratio": 365.91,
            "debt_ratio": 27.79,
            "inventory_turnover_ratio": 1.05,
            "account_receivable_turnover_ratio": 1.13,
            "reinvestment_rate": -5.59,
            "research_to_sale_ratio": 2.94,
            "price_fair": 184.8,
            "eps_avg_yearly": 5.28,
            "eps_latest_yearly": 7.4,
            "eps_growth_yearly": 40.78
        },
        "20234": {
            "year_quarter": 20234,
            "year": 2023,
            "quarter": 4,
            "eps": 2.19,
            "eps_growth_year": 67.56,
            "eps_4q": 6.78,
            "eps_4q_growth_year": 13.53,
            "roe": 3.85,
            "roe_4q": 12.209999999999999,
            "gross_profit": 344415,
            "gross_margin": 27.32,
            "gross_margin_4q_avg": 24.68,
            "net_income": 165640,
            "net_income_4q": null,
            "revenue": 1260804,
            "revenue_4q": null,
            "common_shares": 757803,
            "book_valuer_per_share": 57.58,
            "book_valuer_per_share_4q_avg": 55.79,
            "equity": 4363570,
            "current_ratio": 353.5,
            "debt_ratio": 28.88,
            "inventory_turnover_ratio": 0.94,
            "account_receivable_turnover_ratio": 1.02,
            "reinvestment_rate": -9.75,
            "research_to_sale_ratio": 3.02,
            "price_fair": 179.95,
            "eps_avg_yearly": 5.14,
            "eps_latest_yearly": 8.76,
            "eps_growth_yearly": 40.61
        }
    },
    "months": {
        "2012-10": {
            "month": "2012-10",
            "price": "57.30",
            "revenue": 139418
        },
        "2012-11": {
            "month": "2012-11",
            "price": "49.29",
            "revenue": 119971
        },
        "2012-12": {
            "month": "2012-12",
            "price": "47.79",
            "revenue": 113337
        },
        "2013-01": {
            "month": "2013-01",
            "price": "45.73",
            "revenue": 314948
        },
        "2013-02": {
            "month": "2013-02",
            "price": "53.10",
            "revenue": 205141
        },
        "2013-03": {
            "month": "2013-03",
            "price": "58.91",
            "revenue": 243582
        },
        "2013-04": {
            "month": "2013-04",
            "price": "58.81",
            "revenue": 255289
        },
        "2013-05": {
            "month": "2013-05",
            "price": "59.43",
            "revenue": 251123
        },
        "2013-06": {
            "month": "2013-06",
            "price": "66.89",
            "revenue": 215091
        },
        "2013-07": {
            "month": "2013-07",
            "price": "71.35",
            "revenue": 266044
        },
        "2013-08": {
            "month": "2013-08",
            "price": "80.57",
            "revenue": 256549
        },
        "2013-09": {
            "month": "2013-09",
            "price": "83.91",
            "revenue": 292371
        },
        "2013-10": {
            "month": "2013-10",
            "price": "98.98",
            "revenue": 249602
        },
        "2013-11": {
            "month": "2013-11",
            "price": "92.96",
            "revenue": 244383
        },
        "2013-12": {
            "month": "2013-12",
            "price": "111.50",
            "revenue": 236760
        },
        "2014-01": {
            "month": "2014-01",
            "price": "103.34",
            "revenue": 305573
        },
        "2014-02": {
            "month": "2014-02",
            "price": "100.80",
            "revenue": 279196
        },
        "2014-03": {
            "month": "2014-03",
            "price": "109.24",
            "revenue": 298713
        },
        "2014-04": {
            "month": "2014-04",
            "price": "105.10",
            "revenue": 278789
        },
        "2014-05": {
            "month": "2014-05",
            "price": "122.29",
            "revenue": 273155
        },
        "2014-06": {
            "month": "2014-06",
            "price": "143.78",
            "revenue": 257219
        },
        "2014-07": {
            "month": "2014-07",
            "price": "133.09",
            "revenue": 305201
        },
        "2014-08": {
            "month": "2014-08",
            "price": "124.90",
            "revenue": 327603
        },
        "2014-09": {
            "month": "2014-09",
            "price": "133.48",
            "revenue": 348712
        },
        "2014-10": {
            "month": "2014-10",
            "price": "125.68",
            "revenue": 264584
        },
        "2014-11": {
            "month": "2014-11",
            "price": "114.85",
            "revenue": 271780
        },
        "2014-12": {
            "month": "2014-12",
            "price": "122.88",
            "revenue": 294033
        },
        "2015-01": {
            "month": "2015-01",
            "price": "120.85",
            "revenue": 356205
        },
        "2015-02": {
            "month": "2015-02",
            "price": "118.15",
            "revenue": 281142
        },
        "2015-03": {
            "month": "2015-03",
            "price": "125.91",
            "revenue": 301684
        },
        "2015-04": {
            "month": "2015-04",
            "price": "133.10",
            "revenue": 313999
        },
        "2015-05": {
            "month": "2015-05",
            "price": "137.90",
            "revenue": 277437
        },
        "2015-06": {
            "month": "2015-06",
            "price": "153.19",
            "revenue": 310244
        },
        "2015-07": {
            "month": "2015-07",
            "price": "143.82",
            "revenue": 345873
        },
        "2015-08": {
            "month": "2015-08",
            "price": "134.83",
            "revenue": 387051
        },
        "2015-09": {
            "month": "2015-09",
            "price": "148.42",
            "revenue": 372056
        },
        "2015-10": {
            "month": "2015-10",
            "price": "171.17",
            "revenue": 312494
        },
        "2015-11": {
            "month": "2015-11",
            "price": "167.36",
            "revenue": 334301
        },
        "2015-12": {
            "month": "2015-12",
            "price": "154.89",
            "revenue": 357257
        },
        "2016-01": {
            "month": "2016-01",
            "price": "166.43",
            "revenue": 413835
        },
        "2016-02": {
            "month": "2016-02",
            "price": "178.73",
            "revenue": 303056
        },
        "2016-03": {
            "month": "2016-03",
            "price": "183.00",
            "revenue": 383343
        },
        "2016-04": {
            "month": "2016-04",
            "price": "213.34",
            "revenue": 377359
        },
        "2016-05": {
            "month": "2016-05",
            "price": "197.40",
            "revenue": 364081
        },
        "2016-06": {
            "month": "2016-06",
            "price": "204.00",
            "revenue": 387089
        },
        "2016-07": {
            "month": "2016-07",
            "price": "223.00",
            "revenue": 364290
        },
        "2016-08": {
            "month": "2016-08",
            "price": "231.37",
            "revenue": 403503
        },
        "2016-09": {
            "month": "2016-09",
            "price": "235.71",
            "revenue": 373365
        },
        "2016-10": {
            "month": "2016-10",
            "price": "201.80",
            "revenue": 359780
        },
        "2016-11": {
            "month": "2016-11",
            "price": "184.93",
            "revenue": 334983
        },
        "2016-12": {
            "month": "2016-12",
            "price": "165.75",
            "revenue": 392003
        },
        "2017-01": {
            "month": "2017-01",
            "price": "174.59",
            "revenue": 375135
        },
        "2017-02": {
            "month": "2017-02",
            "price": "179.28",
            "revenue": 361243
        },
        "2017-03": {
            "month": "2017-03",
            "price": "179.61",
            "revenue": 429394
        },
        "2017-04": {
            "month": "2017-04",
            "price": "163.89",
            "revenue": 323539
        },
        "2017-05": {
            "month": "2017-05",
            "price": "148.12",
            "revenue": 333666
        },
        "2017-06": {
            "month": "2017-06",
            "price": "150.17",
            "revenue": 361316
        },
        "2017-07": {
            "month": "2017-07",
            "price": "148.00",
            "revenue": 314251
        },
        "2017-08": {
            "month": "2017-08",
            "price": "126.43",
            "revenue": 386659
        },
        "2017-09": {
            "month": "2017-09",
            "price": "130.23",
            "revenue": 391892
        },
        "2017-10": {
            "month": "2017-10",
            "price": "135.11",
            "revenue": 318780
        },
        "2017-11": {
            "month": "2017-11",
            "price": "124.50",
            "revenue": 356615
        },
        "2017-12": {
            "month": "2017-12",
            "price": "117.93",
            "revenue": 374264
        },
        "2018-01": {
            "month": "2018-01",
            "price": "105.86",
            "revenue": 371550
        },
        "2018-02": {
            "month": "2018-02",
            "price": "101.21",
            "revenue": 267990
        },
        "2018-03": {
            "month": "2018-03",
            "price": "99.72",
            "revenue": 368868
        },
        "2018-04": {
            "month": "2018-04",
            "price": "96.21",
            "revenue": 361477
        },
        "2018-05": {
            "month": "2018-05",
            "price": "88.71",
            "revenue": 358617
        },
        "2018-06": {
            "month": "2018-06",
            "price": "89.51",
            "revenue": 336813
        },
        "2018-07": {
            "month": "2018-07",
            "price": "87.90",
            "revenue": 341253
        },
        "2018-08": {
            "month": "2018-08",
            "price": "84.85",
            "revenue": 397744
        },
        "2018-09": {
            "month": "2018-09",
            "price": "78.56",
            "revenue": 354903
        },
        "2018-10": {
            "month": "2018-10",
            "price": "66.18",
            "revenue": 383552
        },
        "2018-11": {
            "month": "2018-11",
            "price": "71.34",
            "revenue": 342352
        },
        "2018-12": {
            "month": "2018-12",
            "price": "83.15",
            "revenue": 346164
        },
        "2019-01": {
            "month": "2019-01",
            "price": "82.96",
            "revenue": 388825
        },
        "2019-02": {
            "month": "2019-02",
            "price": "89.02",
            "revenue": 323503
        },
        "2019-03": {
            "month": "2019-03",
            "price": "87.52",
            "revenue": 377473
        },
        "2019-04": {
            "month": "2019-04",
            "price": "90.16",
            "revenue": 392396
        },
        "2019-05": {
            "month": "2019-05",
            "price": "84.67",
            "revenue": 409672
        },
        "2019-06": {
            "month": "2019-06",
            "price": "86.91",
            "revenue": 346983
        },
        "2019-07": {
            "month": "2019-07",
            "price": "95.18",
            "revenue": 440654
        },
        "2019-08": {
            "month": "2019-08",
            "price": "127.50",
            "revenue": 381240
        },
        "2019-09": {
            "month": "2019-09",
            "price": "128.00",
            "revenue": 411573
        },
        "2019-10": {
            "month": "2019-10",
            "price": "132.05",
            "revenue": 368258
        },
        "2019-11": {
            "month": "2019-11",
            "price": "122.40",
            "revenue": 364899
        },
        "2019-12": {
            "month": "2019-12",
            "price": "113.93",
            "revenue": 396274
        },
        "2020-01": {
            "month": "2020-01",
            "price": "112.77",
            "revenue": 336678
        },
        "2020-02": {
            "month": "2020-02",
            "price": "99.04",
            "revenue": 248372
        },
        "2020-03": {
            "month": "2020-03",
            "price": "78.04",
            "revenue": 361030
        },
        "2020-04": {
            "month": "2020-04",
            "price": "84.14",
            "revenue": 193910
        },
        "2020-05": {
            "month": "2020-05",
            "price": "88.02",
            "revenue": 164160
        },
        "2020-06": {
            "month": "2020-06",
            "price": "95.04",
            "revenue": 161378
        },
        "2020-07": {
            "month": "2020-07",
            "price": "92.86",
            "revenue": 234231
        },
        "2020-08": {
            "month": "2020-08",
            "price": "80.17",
            "revenue": 267486
        },
        "2020-09": {
            "month": "2020-09",
            "price": "78.55",
            "revenue": 354792
        },
        "2020-10": {
            "month": "2020-10",
            "price": "78.79",
            "revenue": 383993
        },
        "2020-11": {
            "month": "2020-11",
            "price": "83.27",
            "revenue": 376842
        },
        "2020-12": {
            "month": "2020-12",
            "price": "82.88",
            "revenue": 367160
        },
        "2021-01": {
            "month": "2021-01",
            "price": "80.84",
            "revenue": 349773
        },
        "2021-02": {
            "month": "2021-02",
            "price": "75.89",
            "revenue": 256407
        },
        "2021-03": {
            "month": "2021-03",
            "price": "78.12",
            "revenue": 379937
        },
        "2021-04": {
            "month": "2021-04",
            "price": "81.83",
            "revenue": 303370
        },
        "2021-05": {
            "month": "2021-05",
            "price": "72.66",
            "revenue": 279701
        },
        "2021-06": {
            "month": "2021-06",
            "price": "71.31",
            "revenue": 298224
        },
        "2021-07": {
            "month": "2021-07",
            "price": "74.90",
            "revenue": 307318
        },
        "2021-08": {
            "month": "2021-08",
            "price": "70.90",
            "revenue": 318942
        },
        "2021-09": {
            "month": "2021-09",
            "price": "69.46",
            "revenue": 275645
        },
        "2021-10": {
            "month": "2021-10",
            "price": "68.15",
            "revenue": 281261
        },
        "2021-11": {
            "month": "2021-11",
            "price": "68.91",
            "revenue": 299161
        },
        "2021-12": {
            "month": "2021-12",
            "price": "67.96",
            "revenue": 293555
        },
        "2022-01": {
            "month": "2022-01",
            "price": "69.81",
            "revenue": 369668
        },
        "2022-02": {
            "month": "2022-02",
            "price": "69.91",
            "revenue": 285852
        },
        "2022-03": {
            "month": "2022-03",
            "price": "68.30",
            "revenue": 413767
        },
        "2022-04": {
            "month": "2022-04",
            "price": "67.55",
            "revenue": 306431
        },
        "2022-05": {
            "month": "2022-05",
            "price": "65.19",
            "revenue": 318180
        },
        "2022-06": {
            "month": "2022-06",
            "price": "65.99",
            "revenue": 335703
        },
        "2022-07": {
            "month": "2022-07",
            "price": "63.40",
            "revenue": 405907
        },
        "2022-08": {
            "month": "2022-08",
            "price": "70.20",
            "revenue": 413377
        },
        "2022-09": {
            "month": "2022-09",
            "price": "79.36",
            "revenue": 442582
        },
        "2022-10": {
            "month": "2022-10",
            "price": "72.54",
            "revenue": 355191
        },
        "2022-11": {
            "month": "2022-11",
            "price": "78.18",
            "revenue": 363680
        },
        "2022-12": {
            "month": "2022-12",
            "price": "77.78",
            "revenue": 342761
        },
        "2023-01": {
            "month": "2023-01",
            "price": "75.54",
            "revenue": 355219
        },
        "2023-02": {
            "month": "2023-02",
            "price": "79.73",
            "revenue": 341809
        },
        "2023-03": {
            "month": "2023-03",
            "price": "84.06",
            "revenue": 411328
        },
        "2023-04": {
            "month": "2023-04",
            "price": "83.50",
            "revenue": 341839
        },
        "2023-05": {
            "month": "2023-05",
            "price": "83.00",
            "revenue": 411177
        },
        "2023-06": {
            "month": "2023-06",
            "price": "92.29",
            "revenue": 412771
        },
        "2023-07": {
            "month": "2023-07",
            "price": "100.19",
            "revenue": 433281
        },
        "2023-08": {
            "month": "2023-08",
            "price": "88.44",
            "revenue": 462232
        },
        "2023-09": {
            "month": "2023-09",
            "price": "94.51",
            "revenue": 445420
        },
        "2023-10": {
            "month": "2023-10",
            "price": "90.24",
            "revenue": 453675
        },
        "2023-11": {
            "month": "2023-11",
            "price": "90.88",
            "revenue": 392764
        },
        "2023-12": {
            "month": "2023-12",
            "price": "92.54",
            "revenue": 416054
        }
    }
}
