{
    "summary": {
        "stock_name": "泰茂",
        "stock_id": "2230",
        "category": "電機機械",
        "main_business": "引擎活塞環之製造與銷售暨引擎零組件及汽車零配件之買賣",
        "website_url": "http://www.ctico.com.tw/",
        "ceo": "呂萬傑",
        "pe_ratio": 100,
        "report_year_from": 2007,
        "report_year_to": 2023,
        "age": 17,
        "eps_negative_percentage": 21,
        "eps_growth_avg": {
            "last_all": -36.14,
            "last_2y": -45.43,
            "last_4y": -77.96,
            "last_8y": -77.89,
            "last_12y": null,
            "last_16y": null,
            "last_20y": null,
            "at_2006_last_3y": null,
            "at_2007_last_3y": null,
            "at_2008_last_3y": null,
            "at_2009_last_3y": null,
            "at_2010_last_3y": null,
            "at_2011_last_3y": null,
            "at_2012_last_3y": null,
            "at_2013_last_3y": null,
            "at_2014_last_3y": null,
            "at_2015_last_3y": null,
            "at_2016_last_3y": -23.55,
            "at_2017_last_3y": -43.83,
            "at_2018_last_3y": -77.82,
            "at_2019_last_3y": -94.57,
            "at_2020_last_3y": -96.15,
            "at_2021_last_3y": -94.23,
            "at_2022_last_3y": -94.23,
            "at_2023_last_3y": -72.71,
            "at_2024_last_3y": -72.71,
            "at_2006_last_all": null,
            "at_2007_last_all": null,
            "at_2008_last_all": null,
            "at_2009_last_all": null,
            "at_2010_last_all": null,
            "at_2011_last_all": null,
            "at_2012_last_all": 33.33,
            "at_2013_last_all": 15.93,
            "at_2014_last_all": 26.48,
            "at_2015_last_all": 13.54,
            "at_2016_last_all": -4.59,
            "at_2017_last_all": -18.22,
            "at_2018_last_all": -18.22,
            "at_2019_last_all": -27,
            "at_2020_last_all": -35.11,
            "at_2021_last_all": -35.11,
            "at_2022_last_all": -35.11,
            "at_2023_last_all": -36.14,
            "at_2024_last_all": -36.14
        },
        "latest_eps": 1.21,
        "latest_price": 162.5,
        "latest_roe": 5.58,
        "latest_gross_margin": 35.14,
        "latest_equity": 808028,
        "latest_revenue": 184390,
        "latest_gross_profit": 64793,
        "latest_net_income": 43684,
        "latest_debt_ratio": 34.81,
        "latest_current_ratio": 442.65,
        "latest_account_receivable_turnover_ratio": 1.32,
        "latest_inventory_turnover_ratio": 0.56,
        "latest_reinvestment_rate": -40.51,
        "latest_research_to_sale_ratio": 1
    },
    "eps_dividends": {
        "2001": {
            "cash": 0,
            "stock": 0,
            "eps": 0
        },
        "2002": {
            "cash": 0,
            "stock": 0,
            "eps": 0
        },
        "2003": {
            "cash": 0,
            "stock": 0,
            "eps": 0
        },
        "2004": {
            "cash": 0,
            "stock": 0,
            "eps": 0
        },
        "2005": {
            "cash": 0,
            "stock": 0,
            "eps": 0
        },
        "2006": {
            "cash": 0,
            "stock": 0,
            "eps": 0
        },
        "2007": {
            "cash": 0,
            "stock": 0,
            "eps": 0
        },
        "2008": {
            "cash": 0.3,
            "stock": 0.76,
            "eps": 0
        },
        "2009": {
            "cash": 0.2,
            "stock": 0.51,
            "eps": 0.3
        },
        "2010": {
            "cash": 0.15,
            "stock": 0.2,
            "eps": 0.2
        },
        "2011": {
            "cash": 0.2,
            "stock": 0,
            "eps": 0
        },
        "2012": {
            "cash": 0.7,
            "stock": 0,
            "eps": 0.53
        },
        "2013": {
            "cash": 1.02,
            "stock": 0,
            "eps": 0.43
        },
        "2014": {
            "cash": 0.6,
            "stock": 0,
            "eps": 0.68
        },
        "2015": {
            "cash": 0.8,
            "stock": 0,
            "eps": 0.42
        },
        "2016": {
            "cash": 0.6,
            "stock": 0,
            "eps": 0.02
        },
        "2017": {
            "cash": 0.2,
            "stock": 0,
            "eps": -0.44
        },
        "2018": {
            "cash": 0,
            "stock": 0,
            "eps": 0.26
        },
        "2019": {
            "cash": 0.15,
            "stock": 0,
            "eps": 0.03
        },
        "2020": {
            "cash": 0,
            "stock": 0,
            "eps": -0.48
        },
        "2021": {
            "cash": 0.2,
            "stock": 0,
            "eps": -0.08
        },
        "2022": {
            "cash": 0,
            "stock": 0,
            "eps": 3.17
        },
        "2023": {
            "cash": 0.15,
            "stock": 1.35,
            "eps": 1.73
        }
    },
    "dividends": {
        "2008-04-15": {
            "cash": 0.3,
            "stock": 0.76
        },
        "2009-04-17": {
            "cash": 0.2,
            "stock": 0.51
        },
        "2010-03-23": {
            "cash": 0.15,
            "stock": 0.2
        },
        "2011-03-16": {
            "cash": 0.2,
            "stock": 0
        },
        "2012-03-06": {
            "cash": 0.7,
            "stock": 0
        },
        "2013-06-17": {
            "cash": 1.02,
            "stock": 0
        },
        "2014-06-16": {
            "cash": 0.6,
            "stock": 0
        },
        "2015-07-24": {
            "cash": 0.8,
            "stock": 0
        },
        "2016-08-19": {
            "cash": 0.6,
            "stock": 0
        },
        "2017-08-10": {
            "cash": 0.2,
            "stock": 0
        },
        "2019-09-30": {
            "cash": 0.15,
            "stock": 0
        },
        "2021-09-30": {
            "cash": 0.2,
            "stock": 0
        },
        "2023-09-15": {
            "cash": 0.15,
            "stock": 1.35
        }
    },
    "prices": {
        "200101": "無",
        "200102": "無",
        "200103": "無",
        "200104": "無",
        "200105": "無",
        "200106": "無",
        "200107": "無",
        "200108": "無",
        "200109": "無",
        "200110": "無",
        "200111": "無",
        "200112": "無",
        "200201": "無",
        "200202": "無",
        "200203": "無",
        "200204": "無",
        "200205": "無",
        "200206": "無",
        "200207": "無",
        "200208": "無",
        "200209": "無",
        "200210": "無",
        "200211": "無",
        "200212": "無",
        "200301": "無",
        "200302": "無",
        "200303": "無",
        "200304": "無",
        "200305": "無",
        "200306": "無",
        "200307": "無",
        "200308": "無",
        "200309": "無",
        "200310": "無",
        "200311": "無",
        "200312": "無",
        "200401": "無",
        "200402": "無",
        "200403": "無",
        "200404": "無",
        "200405": "無",
        "200406": "無",
        "200407": "無",
        "200408": "無",
        "200409": "無",
        "200410": "無",
        "200411": "無",
        "200412": "無",
        "200501": "無",
        "200502": "無",
        "200503": "無",
        "200504": "無",
        "200505": "無",
        "200506": "無",
        "200507": "無",
        "200508": "無",
        "200509": "無",
        "200510": "無",
        "200511": "無",
        "200512": "無",
        "200601": "無",
        "200602": "無",
        "200603": "無",
        "200604": "無",
        "200605": "無",
        "200606": "無",
        "200607": "無",
        "200608": "無",
        "200609": "無",
        "200610": "無",
        "200611": "無",
        "200612": "無",
        "200701": "無",
        "200702": "無",
        "200703": "無",
        "200704": "無",
        "200705": "無",
        "200706": "無",
        "200707": "無",
        "200708": "無",
        "200709": "無",
        "200710": "35.00",
        "200711": "35.49",
        "200712": "24.74",
        "200801": "36.00",
        "200802": "無",
        "200803": "31.91",
        "200804": "無",
        "200805": "35.23",
        "200806": "無",
        "200807": "34.92",
        "200808": "34.86",
        "200809": "無",
        "200810": "無",
        "200811": "無",
        "200812": "無",
        "200901": "無",
        "200902": "無",
        "200903": "31.90",
        "200904": "無",
        "200905": "29.28",
        "200906": "無",
        "200907": "無",
        "200908": "無",
        "200909": "無",
        "200910": "23.95",
        "200911": "無",
        "200912": "22.44",
        "201001": "無",
        "201002": "24.93",
        "201003": "24.77",
        "201004": "27.08",
        "201005": "28.40",
        "201006": "26.05",
        "201007": "23.38",
        "201008": "22.67",
        "201009": "21.95",
        "201010": "21.10",
        "201011": "20.29",
        "201012": "18.58",
        "201101": "19.17",
        "201102": "18.61",
        "201103": "19.17",
        "201104": "19.20",
        "201105": "18.47",
        "201106": "無",
        "201107": "17.72",
        "201108": "16.06",
        "201109": "12.86",
        "201110": "無",
        "201111": "12.47",
        "201112": "12.96",
        "201201": "13.45",
        "201202": "16.77",
        "201203": "20.32",
        "201204": "19.50",
        "201205": "18.22",
        "201206": "15.24",
        "201207": "無",
        "201208": "14.01",
        "201209": "13.96",
        "201210": "14.14",
        "201211": "15.45",
        "201212": "15.08",
        "201301": "17.03",
        "201302": "17.61",
        "201303": "18.80",
        "201304": "21.39",
        "201305": "24.78",
        "201306": "25.92",
        "201307": "24.68",
        "201308": "25.19",
        "201309": "23.24",
        "201310": "22.14",
        "201311": "19.77",
        "201312": "19.72",
        "201401": "20.12",
        "201402": "20.69",
        "201403": "21.91",
        "201404": "22.26",
        "201405": "19.21",
        "201406": "19.98",
        "201407": "19.24",
        "201408": "17.01",
        "201409": "16.74",
        "201410": "14.90",
        "201411": "13.94",
        "201412": "14.74",
        "201501": "15.73",
        "201502": "15.38",
        "201503": "15.62",
        "201504": "18.00",
        "201505": "16.50",
        "201506": "16.36",
        "201507": "17.27",
        "201508": "15.89",
        "201509": "14.92",
        "201510": "14.87",
        "201511": "14.55",
        "201512": "14.23",
        "201601": "13.88",
        "201602": "14.25",
        "201603": "16.11",
        "201604": "16.57",
        "201605": "14.46",
        "201606": "14.71",
        "201607": "15.52",
        "201608": "14.41",
        "201609": "13.85",
        "201610": "13.81",
        "201611": "13.64",
        "201612": "13.68",
        "201701": "14.33",
        "201702": "14.38",
        "201703": "13.90",
        "201704": "13.43",
        "201705": "13.01",
        "201706": "13.26",
        "201707": "13.96",
        "201708": "13.53",
        "201709": "13.76",
        "201710": "13.51",
        "201711": "13.39",
        "201712": "13.04",
        "201801": "13.09",
        "201802": "12.92",
        "201803": "12.36",
        "201804": "12.60",
        "201805": "12.30",
        "201806": "12.19",
        "201807": "11.63",
        "201808": "10.99",
        "201809": "11.33",
        "201810": "11.55",
        "201811": "11.37",
        "201812": "11.60",
        "201901": "13.26",
        "201902": "16.17",
        "201903": "14.59",
        "201904": "13.15",
        "201905": "13.43",
        "201906": "14.78",
        "201907": "14.86",
        "201908": "15.41",
        "201909": "15.24",
        "201910": "15.02",
        "201911": "14.45",
        "201912": "12.94",
        "202001": "12.50",
        "202002": "12.37",
        "202003": "10.26",
        "202004": "9.45",
        "202005": "9.94",
        "202006": "12.04",
        "202007": "12.58",
        "202008": "12.11",
        "202009": "13.10",
        "202010": "15.08",
        "202011": "14.40",
        "202012": "14.06",
        "202101": "14.08",
        "202102": "15.99",
        "202103": "16.15",
        "202104": "18.12",
        "202105": "15.71",
        "202106": "15.52",
        "202107": "16.03",
        "202108": "14.93",
        "202109": "14.11",
        "202110": "13.81",
        "202111": "13.43",
        "202112": "13.73",
        "202201": "15.02",
        "202202": "14.70",
        "202203": "15.56",
        "202204": "16.15",
        "202205": "18.00",
        "202206": "19.99",
        "202207": "19.84",
        "202208": "24.91",
        "202209": "33.86",
        "202210": "27.49",
        "202211": "28.61",
        "202212": "30.11",
        "202301": "40.62",
        "202302": "57.29",
        "202303": "77.53",
        "202304": "81.96",
        "202305": "82.34",
        "202306": "85.85",
        "202307": "112.46",
        "202308": "101.17",
        "202309": "100.63",
        "202310": "109.96",
        "202311": "137.95",
        "202312": "163.02"
    },
    "quarters": {
        "20011": {
            "year_quarter": 20011,
            "year": 2001,
            "quarter": 1,
            "eps": null,
            "eps_growth_year": null,
            "eps_4q": null,
            "eps_4q_growth_year": null,
            "roe": null,
            "roe_4q": 0,
            "gross_profit": null,
            "gross_margin": null,
            "gross_margin_4q_avg": 0,
            "net_income": null,
            "net_income_4q": null,
            "revenue": null,
            "revenue_4q": null,
            "common_shares": null,
            "book_valuer_per_share": null,
            "book_valuer_per_share_4q_avg": 0,
            "equity": null,
            "current_ratio": null,
            "debt_ratio": null,
            "inventory_turnover_ratio": null,
            "account_receivable_turnover_ratio": null,
            "reinvestment_rate": null,
            "research_to_sale_ratio": null,
            "price_fair": 0,
            "eps_avg_yearly": 0,
            "eps_latest_yearly": 0,
            "eps_growth_yearly": 0
        },
        "20012": {
            "year_quarter": 20012,
            "year": 2001,
            "quarter": 2,
            "eps": null,
            "eps_growth_year": null,
            "eps_4q": null,
            "eps_4q_growth_year": null,
            "roe": null,
            "roe_4q": 0,
            "gross_profit": null,
            "gross_margin": null,
            "gross_margin_4q_avg": 0,
            "net_income": null,
            "net_income_4q": null,
            "revenue": null,
            "revenue_4q": null,
            "common_shares": null,
            "book_valuer_per_share": null,
            "book_valuer_per_share_4q_avg": 0,
            "equity": null,
            "current_ratio": null,
            "debt_ratio": null,
            "inventory_turnover_ratio": null,
            "account_receivable_turnover_ratio": null,
            "reinvestment_rate": null,
            "research_to_sale_ratio": null,
            "price_fair": 0,
            "eps_avg_yearly": 0,
            "eps_latest_yearly": 0,
            "eps_growth_yearly": 0
        },
        "20013": {
            "year_quarter": 20013,
            "year": 2001,
            "quarter": 3,
            "eps": null,
            "eps_growth_year": null,
            "eps_4q": null,
            "eps_4q_growth_year": null,
            "roe": null,
            "roe_4q": 0,
            "gross_profit": null,
            "gross_margin": null,
            "gross_margin_4q_avg": 0,
            "net_income": null,
            "net_income_4q": null,
            "revenue": null,
            "revenue_4q": null,
            "common_shares": null,
            "book_valuer_per_share": null,
            "book_valuer_per_share_4q_avg": 0,
            "equity": null,
            "current_ratio": null,
            "debt_ratio": null,
            "inventory_turnover_ratio": null,
            "account_receivable_turnover_ratio": null,
            "reinvestment_rate": null,
            "research_to_sale_ratio": null,
            "price_fair": 0,
            "eps_avg_yearly": 0,
            "eps_latest_yearly": 0,
            "eps_growth_yearly": 0
        },
        "20014": {
            "year_quarter": 20014,
            "year": 2001,
            "quarter": 4,
            "eps": null,
            "eps_growth_year": null,
            "eps_4q": null,
            "eps_4q_growth_year": null,
            "roe": null,
            "roe_4q": 0,
            "gross_profit": null,
            "gross_margin": null,
            "gross_margin_4q_avg": 0,
            "net_income": null,
            "net_income_4q": null,
            "revenue": null,
            "revenue_4q": null,
            "common_shares": null,
            "book_valuer_per_share": null,
            "book_valuer_per_share_4q_avg": 0,
            "equity": null,
            "current_ratio": null,
            "debt_ratio": null,
            "inventory_turnover_ratio": null,
            "account_receivable_turnover_ratio": null,
            "reinvestment_rate": null,
            "research_to_sale_ratio": null,
            "price_fair": 0,
            "eps_avg_yearly": 0,
            "eps_latest_yearly": 0,
            "eps_growth_yearly": 0
        },
        "20021": {
            "year_quarter": 20021,
            "year": 2002,
            "quarter": 1,
            "eps": null,
            "eps_growth_year": null,
            "eps_4q": null,
            "eps_4q_growth_year": null,
            "roe": null,
            "roe_4q": 0,
            "gross_profit": null,
            "gross_margin": null,
            "gross_margin_4q_avg": 0,
            "net_income": null,
            "net_income_4q": null,
            "revenue": null,
            "revenue_4q": null,
            "common_shares": null,
            "book_valuer_per_share": null,
            "book_valuer_per_share_4q_avg": 0,
            "equity": null,
            "current_ratio": null,
            "debt_ratio": null,
            "inventory_turnover_ratio": null,
            "account_receivable_turnover_ratio": null,
            "reinvestment_rate": null,
            "research_to_sale_ratio": null,
            "price_fair": 0,
            "eps_avg_yearly": 0,
            "eps_latest_yearly": 0,
            "eps_growth_yearly": 0
        },
        "20022": {
            "year_quarter": 20022,
            "year": 2002,
            "quarter": 2,
            "eps": null,
            "eps_growth_year": null,
            "eps_4q": null,
            "eps_4q_growth_year": null,
            "roe": null,
            "roe_4q": 0,
            "gross_profit": null,
            "gross_margin": null,
            "gross_margin_4q_avg": 0,
            "net_income": null,
            "net_income_4q": null,
            "revenue": null,
            "revenue_4q": null,
            "common_shares": null,
            "book_valuer_per_share": null,
            "book_valuer_per_share_4q_avg": 0,
            "equity": null,
            "current_ratio": null,
            "debt_ratio": null,
            "inventory_turnover_ratio": null,
            "account_receivable_turnover_ratio": null,
            "reinvestment_rate": null,
            "research_to_sale_ratio": null,
            "price_fair": 0,
            "eps_avg_yearly": 0,
            "eps_latest_yearly": 0,
            "eps_growth_yearly": 0
        },
        "20023": {
            "year_quarter": 20023,
            "year": 2002,
            "quarter": 3,
            "eps": null,
            "eps_growth_year": null,
            "eps_4q": null,
            "eps_4q_growth_year": null,
            "roe": null,
            "roe_4q": 0,
            "gross_profit": null,
            "gross_margin": null,
            "gross_margin_4q_avg": 0,
            "net_income": null,
            "net_income_4q": null,
            "revenue": null,
            "revenue_4q": null,
            "common_shares": null,
            "book_valuer_per_share": null,
            "book_valuer_per_share_4q_avg": 0,
            "equity": null,
            "current_ratio": null,
            "debt_ratio": null,
            "inventory_turnover_ratio": null,
            "account_receivable_turnover_ratio": null,
            "reinvestment_rate": null,
            "research_to_sale_ratio": null,
            "price_fair": 0,
            "eps_avg_yearly": 0,
            "eps_latest_yearly": 0,
            "eps_growth_yearly": 0
        },
        "20024": {
            "year_quarter": 20024,
            "year": 2002,
            "quarter": 4,
            "eps": null,
            "eps_growth_year": null,
            "eps_4q": null,
            "eps_4q_growth_year": null,
            "roe": null,
            "roe_4q": 0,
            "gross_profit": null,
            "gross_margin": null,
            "gross_margin_4q_avg": 0,
            "net_income": null,
            "net_income_4q": null,
            "revenue": null,
            "revenue_4q": null,
            "common_shares": 50000,
            "book_valuer_per_share": 11.62,
            "book_valuer_per_share_4q_avg": 2.91,
            "equity": 58099,
            "current_ratio": 134.26,
            "debt_ratio": 62.06,
            "inventory_turnover_ratio": null,
            "account_receivable_turnover_ratio": null,
            "reinvestment_rate": null,
            "research_to_sale_ratio": null,
            "price_fair": 0,
            "eps_avg_yearly": 0,
            "eps_latest_yearly": 0,
            "eps_growth_yearly": 0
        },
        "20031": {
            "year_quarter": 20031,
            "year": 2003,
            "quarter": 1,
            "eps": null,
            "eps_growth_year": null,
            "eps_4q": null,
            "eps_4q_growth_year": null,
            "roe": null,
            "roe_4q": 0,
            "gross_profit": null,
            "gross_margin": null,
            "gross_margin_4q_avg": 0,
            "net_income": null,
            "net_income_4q": null,
            "revenue": null,
            "revenue_4q": null,
            "common_shares": null,
            "book_valuer_per_share": null,
            "book_valuer_per_share_4q_avg": 2.91,
            "equity": null,
            "current_ratio": null,
            "debt_ratio": null,
            "inventory_turnover_ratio": null,
            "account_receivable_turnover_ratio": null,
            "reinvestment_rate": null,
            "research_to_sale_ratio": null,
            "price_fair": 0,
            "eps_avg_yearly": 0,
            "eps_latest_yearly": 0,
            "eps_growth_yearly": 0
        },
        "20032": {
            "year_quarter": 20032,
            "year": 2003,
            "quarter": 2,
            "eps": null,
            "eps_growth_year": null,
            "eps_4q": null,
            "eps_4q_growth_year": null,
            "roe": null,
            "roe_4q": 0,
            "gross_profit": null,
            "gross_margin": null,
            "gross_margin_4q_avg": 0,
            "net_income": null,
            "net_income_4q": null,
            "revenue": null,
            "revenue_4q": null,
            "common_shares": null,
            "book_valuer_per_share": null,
            "book_valuer_per_share_4q_avg": 2.91,
            "equity": null,
            "current_ratio": null,
            "debt_ratio": null,
            "inventory_turnover_ratio": null,
            "account_receivable_turnover_ratio": null,
            "reinvestment_rate": null,
            "research_to_sale_ratio": null,
            "price_fair": 0,
            "eps_avg_yearly": 0,
            "eps_latest_yearly": 0,
            "eps_growth_yearly": 0
        },
        "20033": {
            "year_quarter": 20033,
            "year": 2003,
            "quarter": 3,
            "eps": null,
            "eps_growth_year": null,
            "eps_4q": null,
            "eps_4q_growth_year": null,
            "roe": null,
            "roe_4q": 0,
            "gross_profit": null,
            "gross_margin": null,
            "gross_margin_4q_avg": 0,
            "net_income": null,
            "net_income_4q": null,
            "revenue": null,
            "revenue_4q": null,
            "common_shares": null,
            "book_valuer_per_share": null,
            "book_valuer_per_share_4q_avg": 2.91,
            "equity": null,
            "current_ratio": null,
            "debt_ratio": null,
            "inventory_turnover_ratio": null,
            "account_receivable_turnover_ratio": null,
            "reinvestment_rate": null,
            "research_to_sale_ratio": null,
            "price_fair": 0,
            "eps_avg_yearly": 0,
            "eps_latest_yearly": 0,
            "eps_growth_yearly": 0
        },
        "20034": {
            "year_quarter": 20034,
            "year": 2003,
            "quarter": 4,
            "eps": null,
            "eps_growth_year": null,
            "eps_4q": null,
            "eps_4q_growth_year": null,
            "roe": null,
            "roe_4q": 0,
            "gross_profit": null,
            "gross_margin": null,
            "gross_margin_4q_avg": 0,
            "net_income": null,
            "net_income_4q": null,
            "revenue": null,
            "revenue_4q": null,
            "common_shares": 50000,
            "book_valuer_per_share": 12.08,
            "book_valuer_per_share_4q_avg": 3.02,
            "equity": 60392,
            "current_ratio": 133.38,
            "debt_ratio": 60.43,
            "inventory_turnover_ratio": null,
            "account_receivable_turnover_ratio": null,
            "reinvestment_rate": null,
            "research_to_sale_ratio": null,
            "price_fair": 0,
            "eps_avg_yearly": 0,
            "eps_latest_yearly": 0,
            "eps_growth_yearly": 0
        },
        "20041": {
            "year_quarter": 20041,
            "year": 2004,
            "quarter": 1,
            "eps": null,
            "eps_growth_year": null,
            "eps_4q": null,
            "eps_4q_growth_year": null,
            "roe": null,
            "roe_4q": 0,
            "gross_profit": null,
            "gross_margin": null,
            "gross_margin_4q_avg": 0,
            "net_income": null,
            "net_income_4q": null,
            "revenue": null,
            "revenue_4q": null,
            "common_shares": null,
            "book_valuer_per_share": null,
            "book_valuer_per_share_4q_avg": 3.02,
            "equity": null,
            "current_ratio": null,
            "debt_ratio": null,
            "inventory_turnover_ratio": null,
            "account_receivable_turnover_ratio": null,
            "reinvestment_rate": null,
            "research_to_sale_ratio": null,
            "price_fair": 0,
            "eps_avg_yearly": 0,
            "eps_latest_yearly": 0,
            "eps_growth_yearly": 0
        },
        "20042": {
            "year_quarter": 20042,
            "year": 2004,
            "quarter": 2,
            "eps": null,
            "eps_growth_year": null,
            "eps_4q": null,
            "eps_4q_growth_year": null,
            "roe": null,
            "roe_4q": 0,
            "gross_profit": null,
            "gross_margin": null,
            "gross_margin_4q_avg": 0,
            "net_income": null,
            "net_income_4q": null,
            "revenue": null,
            "revenue_4q": null,
            "common_shares": null,
            "book_valuer_per_share": null,
            "book_valuer_per_share_4q_avg": 3.02,
            "equity": null,
            "current_ratio": null,
            "debt_ratio": null,
            "inventory_turnover_ratio": null,
            "account_receivable_turnover_ratio": null,
            "reinvestment_rate": null,
            "research_to_sale_ratio": null,
            "price_fair": 0,
            "eps_avg_yearly": 0,
            "eps_latest_yearly": 0,
            "eps_growth_yearly": 0
        },
        "20043": {
            "year_quarter": 20043,
            "year": 2004,
            "quarter": 3,
            "eps": null,
            "eps_growth_year": null,
            "eps_4q": null,
            "eps_4q_growth_year": null,
            "roe": null,
            "roe_4q": 0,
            "gross_profit": null,
            "gross_margin": null,
            "gross_margin_4q_avg": 0,
            "net_income": null,
            "net_income_4q": null,
            "revenue": null,
            "revenue_4q": null,
            "common_shares": null,
            "book_valuer_per_share": null,
            "book_valuer_per_share_4q_avg": 3.02,
            "equity": null,
            "current_ratio": null,
            "debt_ratio": null,
            "inventory_turnover_ratio": null,
            "account_receivable_turnover_ratio": null,
            "reinvestment_rate": null,
            "research_to_sale_ratio": null,
            "price_fair": 0,
            "eps_avg_yearly": 0,
            "eps_latest_yearly": 0,
            "eps_growth_yearly": 0
        },
        "20044": {
            "year_quarter": 20044,
            "year": 2004,
            "quarter": 4,
            "eps": null,
            "eps_growth_year": null,
            "eps_4q": null,
            "eps_4q_growth_year": null,
            "roe": null,
            "roe_4q": 0,
            "gross_profit": null,
            "gross_margin": null,
            "gross_margin_4q_avg": 0,
            "net_income": null,
            "net_income_4q": null,
            "revenue": null,
            "revenue_4q": null,
            "common_shares": 100000,
            "book_valuer_per_share": 11.13,
            "book_valuer_per_share_4q_avg": 2.78,
            "equity": 111345,
            "current_ratio": 146.48,
            "debt_ratio": 48.97,
            "inventory_turnover_ratio": null,
            "account_receivable_turnover_ratio": null,
            "reinvestment_rate": null,
            "research_to_sale_ratio": null,
            "price_fair": 0,
            "eps_avg_yearly": 0,
            "eps_latest_yearly": 0,
            "eps_growth_yearly": 0
        },
        "20051": {
            "year_quarter": 20051,
            "year": 2005,
            "quarter": 1,
            "eps": null,
            "eps_growth_year": null,
            "eps_4q": null,
            "eps_4q_growth_year": null,
            "roe": null,
            "roe_4q": 0,
            "gross_profit": null,
            "gross_margin": null,
            "gross_margin_4q_avg": 0,
            "net_income": null,
            "net_income_4q": null,
            "revenue": null,
            "revenue_4q": null,
            "common_shares": null,
            "book_valuer_per_share": null,
            "book_valuer_per_share_4q_avg": 2.78,
            "equity": null,
            "current_ratio": null,
            "debt_ratio": null,
            "inventory_turnover_ratio": null,
            "account_receivable_turnover_ratio": null,
            "reinvestment_rate": null,
            "research_to_sale_ratio": null,
            "price_fair": 0,
            "eps_avg_yearly": 0,
            "eps_latest_yearly": 0,
            "eps_growth_yearly": 0
        },
        "20052": {
            "year_quarter": 20052,
            "year": 2005,
            "quarter": 2,
            "eps": null,
            "eps_growth_year": null,
            "eps_4q": null,
            "eps_4q_growth_year": null,
            "roe": null,
            "roe_4q": 0,
            "gross_profit": null,
            "gross_margin": null,
            "gross_margin_4q_avg": 0,
            "net_income": null,
            "net_income_4q": null,
            "revenue": null,
            "revenue_4q": null,
            "common_shares": null,
            "book_valuer_per_share": null,
            "book_valuer_per_share_4q_avg": 2.78,
            "equity": null,
            "current_ratio": null,
            "debt_ratio": null,
            "inventory_turnover_ratio": null,
            "account_receivable_turnover_ratio": null,
            "reinvestment_rate": null,
            "research_to_sale_ratio": null,
            "price_fair": 0,
            "eps_avg_yearly": 0,
            "eps_latest_yearly": 0,
            "eps_growth_yearly": 0
        },
        "20053": {
            "year_quarter": 20053,
            "year": 2005,
            "quarter": 3,
            "eps": null,
            "eps_growth_year": null,
            "eps_4q": null,
            "eps_4q_growth_year": null,
            "roe": null,
            "roe_4q": 0,
            "gross_profit": null,
            "gross_margin": null,
            "gross_margin_4q_avg": 0,
            "net_income": null,
            "net_income_4q": null,
            "revenue": null,
            "revenue_4q": null,
            "common_shares": null,
            "book_valuer_per_share": null,
            "book_valuer_per_share_4q_avg": 2.78,
            "equity": null,
            "current_ratio": null,
            "debt_ratio": null,
            "inventory_turnover_ratio": null,
            "account_receivable_turnover_ratio": null,
            "reinvestment_rate": null,
            "research_to_sale_ratio": null,
            "price_fair": 0,
            "eps_avg_yearly": 0,
            "eps_latest_yearly": 0,
            "eps_growth_yearly": 0
        },
        "20054": {
            "year_quarter": 20054,
            "year": 2005,
            "quarter": 4,
            "eps": null,
            "eps_growth_year": null,
            "eps_4q": null,
            "eps_4q_growth_year": null,
            "roe": null,
            "roe_4q": 0,
            "gross_profit": null,
            "gross_margin": null,
            "gross_margin_4q_avg": 0,
            "net_income": null,
            "net_income_4q": null,
            "revenue": null,
            "revenue_4q": null,
            "common_shares": 194934,
            "book_valuer_per_share": 11.32,
            "book_valuer_per_share_4q_avg": 2.83,
            "equity": 220738,
            "current_ratio": 211.27,
            "debt_ratio": 30.28,
            "inventory_turnover_ratio": null,
            "account_receivable_turnover_ratio": null,
            "reinvestment_rate": null,
            "research_to_sale_ratio": null,
            "price_fair": 0,
            "eps_avg_yearly": 0,
            "eps_latest_yearly": 0,
            "eps_growth_yearly": 0
        },
        "20061": {
            "year_quarter": 20061,
            "year": 2006,
            "quarter": 1,
            "eps": null,
            "eps_growth_year": null,
            "eps_4q": null,
            "eps_4q_growth_year": null,
            "roe": null,
            "roe_4q": 0,
            "gross_profit": null,
            "gross_margin": null,
            "gross_margin_4q_avg": 0,
            "net_income": null,
            "net_income_4q": null,
            "revenue": null,
            "revenue_4q": null,
            "common_shares": null,
            "book_valuer_per_share": null,
            "book_valuer_per_share_4q_avg": 2.83,
            "equity": null,
            "current_ratio": null,
            "debt_ratio": null,
            "inventory_turnover_ratio": null,
            "account_receivable_turnover_ratio": null,
            "reinvestment_rate": null,
            "research_to_sale_ratio": null,
            "price_fair": 0,
            "eps_avg_yearly": 0,
            "eps_latest_yearly": 0,
            "eps_growth_yearly": 0
        },
        "20062": {
            "year_quarter": 20062,
            "year": 2006,
            "quarter": 2,
            "eps": null,
            "eps_growth_year": null,
            "eps_4q": null,
            "eps_4q_growth_year": null,
            "roe": null,
            "roe_4q": 0,
            "gross_profit": null,
            "gross_margin": null,
            "gross_margin_4q_avg": 0,
            "net_income": null,
            "net_income_4q": null,
            "revenue": null,
            "revenue_4q": null,
            "common_shares": null,
            "book_valuer_per_share": null,
            "book_valuer_per_share_4q_avg": 2.83,
            "equity": null,
            "current_ratio": null,
            "debt_ratio": null,
            "inventory_turnover_ratio": null,
            "account_receivable_turnover_ratio": null,
            "reinvestment_rate": null,
            "research_to_sale_ratio": null,
            "price_fair": 0,
            "eps_avg_yearly": 0,
            "eps_latest_yearly": 0,
            "eps_growth_yearly": 0
        },
        "20063": {
            "year_quarter": 20063,
            "year": 2006,
            "quarter": 3,
            "eps": null,
            "eps_growth_year": null,
            "eps_4q": null,
            "eps_4q_growth_year": null,
            "roe": null,
            "roe_4q": 0,
            "gross_profit": null,
            "gross_margin": null,
            "gross_margin_4q_avg": 0,
            "net_income": null,
            "net_income_4q": null,
            "revenue": null,
            "revenue_4q": null,
            "common_shares": null,
            "book_valuer_per_share": null,
            "book_valuer_per_share_4q_avg": 2.83,
            "equity": null,
            "current_ratio": null,
            "debt_ratio": null,
            "inventory_turnover_ratio": null,
            "account_receivable_turnover_ratio": null,
            "reinvestment_rate": null,
            "research_to_sale_ratio": null,
            "price_fair": 0,
            "eps_avg_yearly": 0,
            "eps_latest_yearly": 0,
            "eps_growth_yearly": 0
        },
        "20064": {
            "year_quarter": 20064,
            "year": 2006,
            "quarter": 4,
            "eps": null,
            "eps_growth_year": null,
            "eps_4q": null,
            "eps_4q_growth_year": null,
            "roe": null,
            "roe_4q": 0,
            "gross_profit": null,
            "gross_margin": null,
            "gross_margin_4q_avg": 0,
            "net_income": null,
            "net_income_4q": null,
            "revenue": null,
            "revenue_4q": null,
            "common_shares": 206992,
            "book_valuer_per_share": 12.62,
            "book_valuer_per_share_4q_avg": 3.16,
            "equity": 261289,
            "current_ratio": 213.39,
            "debt_ratio": 31.55,
            "inventory_turnover_ratio": null,
            "account_receivable_turnover_ratio": null,
            "reinvestment_rate": null,
            "research_to_sale_ratio": null,
            "price_fair": 0,
            "eps_avg_yearly": 0,
            "eps_latest_yearly": 0,
            "eps_growth_yearly": 0
        },
        "20071": {
            "year_quarter": 20071,
            "year": 2007,
            "quarter": 1,
            "eps": null,
            "eps_growth_year": null,
            "eps_4q": null,
            "eps_4q_growth_year": null,
            "roe": null,
            "roe_4q": 0,
            "gross_profit": null,
            "gross_margin": null,
            "gross_margin_4q_avg": 0,
            "net_income": null,
            "net_income_4q": null,
            "revenue": null,
            "revenue_4q": null,
            "common_shares": null,
            "book_valuer_per_share": null,
            "book_valuer_per_share_4q_avg": 3.16,
            "equity": null,
            "current_ratio": null,
            "debt_ratio": null,
            "inventory_turnover_ratio": null,
            "account_receivable_turnover_ratio": null,
            "reinvestment_rate": null,
            "research_to_sale_ratio": null,
            "price_fair": 0,
            "eps_avg_yearly": 0,
            "eps_latest_yearly": 0,
            "eps_growth_yearly": 0
        },
        "20072": {
            "year_quarter": 20072,
            "year": 2007,
            "quarter": 2,
            "eps": null,
            "eps_growth_year": null,
            "eps_4q": null,
            "eps_4q_growth_year": null,
            "roe": null,
            "roe_4q": 0,
            "gross_profit": null,
            "gross_margin": null,
            "gross_margin_4q_avg": 0,
            "net_income": null,
            "net_income_4q": null,
            "revenue": null,
            "revenue_4q": null,
            "common_shares": null,
            "book_valuer_per_share": null,
            "book_valuer_per_share_4q_avg": 3.16,
            "equity": null,
            "current_ratio": null,
            "debt_ratio": null,
            "inventory_turnover_ratio": null,
            "account_receivable_turnover_ratio": null,
            "reinvestment_rate": null,
            "research_to_sale_ratio": null,
            "price_fair": 0,
            "eps_avg_yearly": 0,
            "eps_latest_yearly": 0,
            "eps_growth_yearly": 0
        },
        "20073": {
            "year_quarter": 20073,
            "year": 2007,
            "quarter": 3,
            "eps": null,
            "eps_growth_year": null,
            "eps_4q": null,
            "eps_4q_growth_year": null,
            "roe": null,
            "roe_4q": 0,
            "gross_profit": null,
            "gross_margin": null,
            "gross_margin_4q_avg": 0,
            "net_income": null,
            "net_income_4q": null,
            "revenue": null,
            "revenue_4q": null,
            "common_shares": null,
            "book_valuer_per_share": null,
            "book_valuer_per_share_4q_avg": 3.16,
            "equity": null,
            "current_ratio": null,
            "debt_ratio": null,
            "inventory_turnover_ratio": null,
            "account_receivable_turnover_ratio": null,
            "reinvestment_rate": null,
            "research_to_sale_ratio": null,
            "price_fair": 0,
            "eps_avg_yearly": 0,
            "eps_latest_yearly": 0,
            "eps_growth_yearly": 0
        },
        "20074": {
            "year_quarter": 20074,
            "year": 2007,
            "quarter": 4,
            "eps": null,
            "eps_growth_year": null,
            "eps_4q": null,
            "eps_4q_growth_year": null,
            "roe": null,
            "roe_4q": 0,
            "gross_profit": null,
            "gross_margin": null,
            "gross_margin_4q_avg": 0,
            "net_income": null,
            "net_income_4q": null,
            "revenue": null,
            "revenue_4q": null,
            "common_shares": 265431,
            "book_valuer_per_share": 12.44,
            "book_valuer_per_share_4q_avg": 3.11,
            "equity": 330160,
            "current_ratio": 269.28,
            "debt_ratio": 34.05,
            "inventory_turnover_ratio": null,
            "account_receivable_turnover_ratio": null,
            "reinvestment_rate": null,
            "research_to_sale_ratio": null,
            "price_fair": 0,
            "eps_avg_yearly": 0,
            "eps_latest_yearly": 0,
            "eps_growth_yearly": 0
        },
        "20081": {
            "year_quarter": 20081,
            "year": 2008,
            "quarter": 1,
            "eps": null,
            "eps_growth_year": null,
            "eps_4q": null,
            "eps_4q_growth_year": null,
            "roe": null,
            "roe_4q": 0,
            "gross_profit": null,
            "gross_margin": null,
            "gross_margin_4q_avg": 0,
            "net_income": null,
            "net_income_4q": null,
            "revenue": null,
            "revenue_4q": null,
            "common_shares": null,
            "book_valuer_per_share": null,
            "book_valuer_per_share_4q_avg": 3.11,
            "equity": null,
            "current_ratio": null,
            "debt_ratio": null,
            "inventory_turnover_ratio": null,
            "account_receivable_turnover_ratio": null,
            "reinvestment_rate": null,
            "research_to_sale_ratio": null,
            "price_fair": 0,
            "eps_avg_yearly": 0,
            "eps_latest_yearly": 0,
            "eps_growth_yearly": 0
        },
        "20082": {
            "year_quarter": 20082,
            "year": 2008,
            "quarter": 2,
            "eps": null,
            "eps_growth_year": null,
            "eps_4q": null,
            "eps_4q_growth_year": null,
            "roe": null,
            "roe_4q": 0,
            "gross_profit": null,
            "gross_margin": null,
            "gross_margin_4q_avg": 0,
            "net_income": null,
            "net_income_4q": null,
            "revenue": null,
            "revenue_4q": null,
            "common_shares": null,
            "book_valuer_per_share": null,
            "book_valuer_per_share_4q_avg": 3.11,
            "equity": null,
            "current_ratio": null,
            "debt_ratio": null,
            "inventory_turnover_ratio": null,
            "account_receivable_turnover_ratio": null,
            "reinvestment_rate": null,
            "research_to_sale_ratio": null,
            "price_fair": 0,
            "eps_avg_yearly": 0,
            "eps_latest_yearly": 0,
            "eps_growth_yearly": 0
        },
        "20083": {
            "year_quarter": 20083,
            "year": 2008,
            "quarter": 3,
            "eps": null,
            "eps_growth_year": null,
            "eps_4q": null,
            "eps_4q_growth_year": null,
            "roe": null,
            "roe_4q": 0,
            "gross_profit": null,
            "gross_margin": null,
            "gross_margin_4q_avg": 0,
            "net_income": null,
            "net_income_4q": null,
            "revenue": null,
            "revenue_4q": null,
            "common_shares": null,
            "book_valuer_per_share": null,
            "book_valuer_per_share_4q_avg": 3.11,
            "equity": null,
            "current_ratio": null,
            "debt_ratio": null,
            "inventory_turnover_ratio": null,
            "account_receivable_turnover_ratio": null,
            "reinvestment_rate": null,
            "research_to_sale_ratio": null,
            "price_fair": 0,
            "eps_avg_yearly": 0,
            "eps_latest_yearly": 0,
            "eps_growth_yearly": 0
        },
        "20084": {
            "year_quarter": 20084,
            "year": 2008,
            "quarter": 4,
            "eps": null,
            "eps_growth_year": null,
            "eps_4q": null,
            "eps_4q_growth_year": null,
            "roe": null,
            "roe_4q": 0,
            "gross_profit": null,
            "gross_margin": null,
            "gross_margin_4q_avg": 0,
            "net_income": null,
            "net_income_4q": null,
            "revenue": null,
            "revenue_4q": null,
            "common_shares": 285604,
            "book_valuer_per_share": 12.62,
            "book_valuer_per_share_4q_avg": 3.16,
            "equity": 460653,
            "current_ratio": 205.84,
            "debt_ratio": 32.6,
            "inventory_turnover_ratio": null,
            "account_receivable_turnover_ratio": null,
            "reinvestment_rate": null,
            "research_to_sale_ratio": null,
            "price_fair": 0,
            "eps_avg_yearly": 0,
            "eps_latest_yearly": 0,
            "eps_growth_yearly": 0
        },
        "20091": {
            "year_quarter": 20091,
            "year": 2009,
            "quarter": 1,
            "eps": 0.1,
            "eps_growth_year": null,
            "eps_4q": null,
            "eps_4q_growth_year": null,
            "roe": 0.75,
            "roe_4q": 0.75,
            "gross_profit": 9891,
            "gross_margin": 17.54,
            "gross_margin_4q_avg": 4.39,
            "net_income": 3078,
            "net_income_4q": null,
            "revenue": 56395,
            "revenue_4q": null,
            "common_shares": 285604,
            "book_valuer_per_share": 12.73,
            "book_valuer_per_share_4q_avg": 6.34,
            "equity": 363560,
            "current_ratio": 194.21,
            "debt_ratio": 29.97,
            "inventory_turnover_ratio": 0.36,
            "account_receivable_turnover_ratio": 0.99,
            "reinvestment_rate": null,
            "research_to_sale_ratio": null,
            "price_fair": 0,
            "eps_avg_yearly": 0,
            "eps_latest_yearly": 0,
            "eps_growth_yearly": 0
        },
        "20092": {
            "year_quarter": 20092,
            "year": 2009,
            "quarter": 2,
            "eps": 0.2,
            "eps_growth_year": null,
            "eps_4q": null,
            "eps_4q_growth_year": null,
            "roe": 1.54,
            "roe_4q": 2.29,
            "gross_profit": 17528,
            "gross_margin": 21.39,
            "gross_margin_4q_avg": 9.73,
            "net_income": 5610,
            "net_income_4q": null,
            "revenue": 81930,
            "revenue_4q": null,
            "common_shares": 285604,
            "book_valuer_per_share": 12.72,
            "book_valuer_per_share_4q_avg": 9.52,
            "equity": 363308,
            "current_ratio": 187.35,
            "debt_ratio": 30.57,
            "inventory_turnover_ratio": 0.83,
            "account_receivable_turnover_ratio": 1.57,
            "reinvestment_rate": null,
            "research_to_sale_ratio": null,
            "price_fair": 28,
            "eps_avg_yearly": 0.8,
            "eps_latest_yearly": 0.8,
            "eps_growth_yearly": 400
        },
        "20093": {
            "year_quarter": 20093,
            "year": 2009,
            "quarter": 3,
            "eps": null,
            "eps_growth_year": null,
            "eps_4q": null,
            "eps_4q_growth_year": null,
            "roe": null,
            "roe_4q": 2.29,
            "gross_profit": null,
            "gross_margin": null,
            "gross_margin_4q_avg": 9.73,
            "net_income": null,
            "net_income_4q": null,
            "revenue": null,
            "revenue_4q": null,
            "common_shares": null,
            "book_valuer_per_share": null,
            "book_valuer_per_share_4q_avg": 9.52,
            "equity": null,
            "current_ratio": null,
            "debt_ratio": null,
            "inventory_turnover_ratio": null,
            "account_receivable_turnover_ratio": null,
            "reinvestment_rate": null,
            "research_to_sale_ratio": null,
            "price_fair": 28,
            "eps_avg_yearly": 0.8,
            "eps_latest_yearly": 0.8,
            "eps_growth_yearly": 400
        },
        "20094": {
            "year_quarter": 20094,
            "year": 2009,
            "quarter": 4,
            "eps": null,
            "eps_growth_year": null,
            "eps_4q": null,
            "eps_4q_growth_year": null,
            "roe": null,
            "roe_4q": 2.29,
            "gross_profit": null,
            "gross_margin": null,
            "gross_margin_4q_avg": 9.73,
            "net_income": null,
            "net_income_4q": null,
            "revenue": null,
            "revenue_4q": null,
            "common_shares": 300170,
            "book_valuer_per_share": 12.55,
            "book_valuer_per_share_4q_avg": 9.5,
            "equity": 479258,
            "current_ratio": 230.4,
            "debt_ratio": 30.59,
            "inventory_turnover_ratio": null,
            "account_receivable_turnover_ratio": null,
            "reinvestment_rate": null,
            "research_to_sale_ratio": null,
            "price_fair": 28,
            "eps_avg_yearly": 0.8,
            "eps_latest_yearly": 0.8,
            "eps_growth_yearly": 400
        },
        "20101": {
            "year_quarter": 20101,
            "year": 2010,
            "quarter": 1,
            "eps": 0.07,
            "eps_growth_year": -30,
            "eps_4q": null,
            "eps_4q_growth_year": null,
            "roe": 0.26,
            "roe_4q": 1.8,
            "gross_profit": 16081,
            "gross_margin": 20.53,
            "gross_margin_4q_avg": 10.48,
            "net_income": 1250,
            "net_income_4q": null,
            "revenue": 78318,
            "revenue_4q": null,
            "common_shares": 300170,
            "book_valuer_per_share": 12.58,
            "book_valuer_per_share_4q_avg": 9.46,
            "equity": 478995,
            "current_ratio": 249.7,
            "debt_ratio": 28.72,
            "inventory_turnover_ratio": 0.34,
            "account_receivable_turnover_ratio": 0.92,
            "reinvestment_rate": null,
            "research_to_sale_ratio": 0.42,
            "price_fair": 28,
            "eps_avg_yearly": 0.8,
            "eps_latest_yearly": 0.8,
            "eps_growth_yearly": 400
        },
        "20102": {
            "year_quarter": 20102,
            "year": 2010,
            "quarter": 2,
            "eps": 0.13,
            "eps_growth_year": -36.88,
            "eps_4q": null,
            "eps_4q_growth_year": null,
            "roe": 0.69,
            "roe_4q": 0.95,
            "gross_profit": 20329,
            "gross_margin": 18.34,
            "gross_margin_4q_avg": 9.72,
            "net_income": 3338,
            "net_income_4q": null,
            "revenue": 110866,
            "revenue_4q": null,
            "common_shares": 300170,
            "book_valuer_per_share": 12.64,
            "book_valuer_per_share_4q_avg": 9.44,
            "equity": 482059,
            "current_ratio": 242.13,
            "debt_ratio": 29.41,
            "inventory_turnover_ratio": 0.51,
            "account_receivable_turnover_ratio": 1.3,
            "reinvestment_rate": null,
            "research_to_sale_ratio": 0.56,
            "price_fair": 23.1,
            "eps_avg_yearly": 0.66,
            "eps_latest_yearly": 0.52,
            "eps_growth_yearly": 371.43
        },
        "20103": {
            "year_quarter": 20103,
            "year": 2010,
            "quarter": 3,
            "eps": null,
            "eps_growth_year": null,
            "eps_4q": null,
            "eps_4q_growth_year": null,
            "roe": null,
            "roe_4q": 0.95,
            "gross_profit": null,
            "gross_margin": null,
            "gross_margin_4q_avg": 9.72,
            "net_income": null,
            "net_income_4q": null,
            "revenue": null,
            "revenue_4q": null,
            "common_shares": null,
            "book_valuer_per_share": null,
            "book_valuer_per_share_4q_avg": 9.44,
            "equity": null,
            "current_ratio": null,
            "debt_ratio": null,
            "inventory_turnover_ratio": null,
            "account_receivable_turnover_ratio": null,
            "reinvestment_rate": null,
            "research_to_sale_ratio": null,
            "price_fair": 23.1,
            "eps_avg_yearly": 0.66,
            "eps_latest_yearly": 0.52,
            "eps_growth_yearly": 371.43
        },
        "20104": {
            "year_quarter": 20104,
            "year": 2010,
            "quarter": 4,
            "eps": null,
            "eps_growth_year": null,
            "eps_4q": null,
            "eps_4q_growth_year": null,
            "roe": null,
            "roe_4q": 0.95,
            "gross_profit": null,
            "gross_margin": null,
            "gross_margin_4q_avg": 9.72,
            "net_income": null,
            "net_income_4q": null,
            "revenue": null,
            "revenue_4q": null,
            "common_shares": 306173,
            "book_valuer_per_share": 12.17,
            "book_valuer_per_share_4q_avg": 9.35,
            "equity": 372536,
            "current_ratio": 180.02,
            "debt_ratio": 37.09,
            "inventory_turnover_ratio": null,
            "account_receivable_turnover_ratio": null,
            "reinvestment_rate": null,
            "research_to_sale_ratio": null,
            "price_fair": 23.1,
            "eps_avg_yearly": 0.66,
            "eps_latest_yearly": 0.52,
            "eps_growth_yearly": 371.43
        },
        "20111": {
            "year_quarter": 20111,
            "year": 2011,
            "quarter": 1,
            "eps": null,
            "eps_growth_year": null,
            "eps_4q": null,
            "eps_4q_growth_year": null,
            "roe": null,
            "roe_4q": 0.69,
            "gross_profit": null,
            "gross_margin": null,
            "gross_margin_4q_avg": 4.59,
            "net_income": null,
            "net_income_4q": null,
            "revenue": null,
            "revenue_4q": null,
            "common_shares": null,
            "book_valuer_per_share": null,
            "book_valuer_per_share_4q_avg": 6.2,
            "equity": null,
            "current_ratio": null,
            "debt_ratio": null,
            "inventory_turnover_ratio": null,
            "account_receivable_turnover_ratio": null,
            "reinvestment_rate": null,
            "research_to_sale_ratio": null,
            "price_fair": 23.1,
            "eps_avg_yearly": 0.66,
            "eps_latest_yearly": 0.52,
            "eps_growth_yearly": 371.43
        },
        "20112": {
            "year_quarter": 20112,
            "year": 2011,
            "quarter": 2,
            "eps": null,
            "eps_growth_year": null,
            "eps_4q": null,
            "eps_4q_growth_year": null,
            "roe": null,
            "roe_4q": 0,
            "gross_profit": null,
            "gross_margin": null,
            "gross_margin_4q_avg": 0,
            "net_income": null,
            "net_income_4q": null,
            "revenue": null,
            "revenue_4q": null,
            "common_shares": 306173,
            "book_valuer_per_share": 12.41,
            "book_valuer_per_share_4q_avg": 6.15,
            "equity": 379878,
            "current_ratio": 213.22,
            "debt_ratio": 36.72,
            "inventory_turnover_ratio": null,
            "account_receivable_turnover_ratio": null,
            "reinvestment_rate": null,
            "research_to_sale_ratio": null,
            "price_fair": 23.1,
            "eps_avg_yearly": 0.66,
            "eps_latest_yearly": 0.52,
            "eps_growth_yearly": 371.43
        },
        "20113": {
            "year_quarter": 20113,
            "year": 2011,
            "quarter": 3,
            "eps": null,
            "eps_growth_year": null,
            "eps_4q": null,
            "eps_4q_growth_year": null,
            "roe": null,
            "roe_4q": 0,
            "gross_profit": 32033,
            "gross_margin": null,
            "gross_margin_4q_avg": 0,
            "net_income": 17455,
            "net_income_4q": null,
            "revenue": 110107,
            "revenue_4q": null,
            "common_shares": 306173,
            "book_valuer_per_share": 13.53,
            "book_valuer_per_share_4q_avg": 9.53,
            "equity": 414148,
            "current_ratio": 230.08,
            "debt_ratio": 34.95,
            "inventory_turnover_ratio": null,
            "account_receivable_turnover_ratio": null,
            "reinvestment_rate": null,
            "research_to_sale_ratio": null,
            "price_fair": 23.1,
            "eps_avg_yearly": 0.66,
            "eps_latest_yearly": 0.52,
            "eps_growth_yearly": 371.43
        },
        "20114": {
            "year_quarter": 20114,
            "year": 2011,
            "quarter": 4,
            "eps": null,
            "eps_growth_year": null,
            "eps_4q": null,
            "eps_4q_growth_year": null,
            "roe": null,
            "roe_4q": 0,
            "gross_profit": 29434,
            "gross_margin": null,
            "gross_margin_4q_avg": 0,
            "net_income": 8933,
            "net_income_4q": null,
            "revenue": 142992,
            "revenue_4q": null,
            "common_shares": 306173,
            "book_valuer_per_share": 13.72,
            "book_valuer_per_share_4q_avg": 9.92,
            "equity": 419932,
            "current_ratio": 228.19,
            "debt_ratio": 35.69,
            "inventory_turnover_ratio": null,
            "account_receivable_turnover_ratio": null,
            "reinvestment_rate": null,
            "research_to_sale_ratio": null,
            "price_fair": 23.1,
            "eps_avg_yearly": 0.66,
            "eps_latest_yearly": 0.52,
            "eps_growth_yearly": 371.43
        },
        "20121": {
            "year_quarter": 20121,
            "year": 2012,
            "quarter": 1,
            "eps": null,
            "eps_growth_year": null,
            "eps_4q": null,
            "eps_4q_growth_year": null,
            "roe": null,
            "roe_4q": 0,
            "gross_profit": 27762,
            "gross_margin": null,
            "gross_margin_4q_avg": 0,
            "net_income": 7684,
            "net_income_4q": null,
            "revenue": 104544,
            "revenue_4q": null,
            "common_shares": 306173,
            "book_valuer_per_share": null,
            "book_valuer_per_share_4q_avg": 9.92,
            "equity": 416801,
            "current_ratio": null,
            "debt_ratio": null,
            "inventory_turnover_ratio": null,
            "account_receivable_turnover_ratio": null,
            "reinvestment_rate": null,
            "research_to_sale_ratio": null,
            "price_fair": 23.1,
            "eps_avg_yearly": 0.66,
            "eps_latest_yearly": 0.52,
            "eps_growth_yearly": 371.43
        },
        "20122": {
            "year_quarter": 20122,
            "year": 2012,
            "quarter": 2,
            "eps": null,
            "eps_growth_year": null,
            "eps_4q": null,
            "eps_4q_growth_year": null,
            "roe": null,
            "roe_4q": 0,
            "gross_profit": 27563,
            "gross_margin": null,
            "gross_margin_4q_avg": 0,
            "net_income": 4434,
            "net_income_4q": null,
            "revenue": 113563,
            "revenue_4q": null,
            "common_shares": 306173,
            "book_valuer_per_share": 13.31,
            "book_valuer_per_share_4q_avg": 10.14,
            "equity": 407488,
            "current_ratio": 220.43,
            "debt_ratio": 36.28,
            "inventory_turnover_ratio": null,
            "account_receivable_turnover_ratio": null,
            "reinvestment_rate": null,
            "research_to_sale_ratio": null,
            "price_fair": 23.1,
            "eps_avg_yearly": 0.66,
            "eps_latest_yearly": 0.52,
            "eps_growth_yearly": 371.43
        },
        "20123": {
            "year_quarter": 20123,
            "year": 2012,
            "quarter": 3,
            "eps": 0.28,
            "eps_growth_year": null,
            "eps_4q": 0.28,
            "eps_4q_growth_year": null,
            "roe": 2.12,
            "roe_4q": 2.12,
            "gross_profit": 26373,
            "gross_margin": 23.47,
            "gross_margin_4q_avg": 5.87,
            "net_income": 8706,
            "net_income_4q": null,
            "revenue": 112359,
            "revenue_4q": null,
            "common_shares": 306173,
            "book_valuer_per_share": 13.45,
            "book_valuer_per_share_4q_avg": 10.12,
            "equity": 411943,
            "current_ratio": 237.17,
            "debt_ratio": 33.66,
            "inventory_turnover_ratio": 0.59,
            "account_receivable_turnover_ratio": 0.96,
            "reinvestment_rate": null,
            "research_to_sale_ratio": 2.31,
            "price_fair": 23.1,
            "eps_avg_yearly": 0.66,
            "eps_latest_yearly": 0.52,
            "eps_growth_yearly": 371.43
        },
        "20124": {
            "year_quarter": 20124,
            "year": 2012,
            "quarter": 4,
            "eps": 0.25,
            "eps_growth_year": null,
            "eps_4q": 0.53,
            "eps_4q_growth_year": null,
            "roe": 1.84,
            "roe_4q": 3.96,
            "gross_profit": 28858,
            "gross_margin": 22.15,
            "gross_margin_4q_avg": 11.41,
            "net_income": 7627,
            "net_income_4q": null,
            "revenue": 130295,
            "revenue_4q": null,
            "common_shares": 306173,
            "book_valuer_per_share": 13.65,
            "book_valuer_per_share_4q_avg": 10.1,
            "equity": 417937,
            "current_ratio": 228.89,
            "debt_ratio": 34.99,
            "inventory_turnover_ratio": 0.7,
            "account_receivable_turnover_ratio": 1.08,
            "reinvestment_rate": null,
            "research_to_sale_ratio": 1.56,
            "price_fair": 27.07,
            "eps_avg_yearly": 0.77,
            "eps_latest_yearly": 1,
            "eps_growth_yearly": 233.33
        },
        "20131": {
            "year_quarter": 20131,
            "year": 2013,
            "quarter": 1,
            "eps": 0.17,
            "eps_growth_year": null,
            "eps_4q": 0.7,
            "eps_4q_growth_year": null,
            "roe": 1.22,
            "roe_4q": 5.18,
            "gross_profit": 20043,
            "gross_margin": 20.65,
            "gross_margin_4q_avg": 16.57,
            "net_income": 5116,
            "net_income_4q": null,
            "revenue": 97061,
            "revenue_4q": null,
            "common_shares": 306173,
            "book_valuer_per_share": 13.82,
            "book_valuer_per_share_4q_avg": 13.56,
            "equity": 423164,
            "current_ratio": 252.58,
            "debt_ratio": 32.67,
            "inventory_turnover_ratio": 0.56,
            "account_receivable_turnover_ratio": 0.81,
            "reinvestment_rate": null,
            "research_to_sale_ratio": 1.38,
            "price_fair": 26.25,
            "eps_avg_yearly": 0.75,
            "eps_latest_yearly": 0.68,
            "eps_growth_yearly": 143
        },
        "20132": {
            "year_quarter": 20132,
            "year": 2013,
            "quarter": 2,
            "eps": 0.03,
            "eps_growth_year": null,
            "eps_4q": 0.65,
            "eps_4q_growth_year": null,
            "roe": 0.25,
            "roe_4q": 5.43,
            "gross_profit": 19921,
            "gross_margin": 21.48,
            "gross_margin_4q_avg": 21.94,
            "net_income": 1070,
            "net_income_4q": null,
            "revenue": 92746,
            "revenue_4q": null,
            "common_shares": 346173,
            "book_valuer_per_share": 12.99,
            "book_valuer_per_share_4q_avg": 13.48,
            "equity": 449825,
            "current_ratio": 285.19,
            "debt_ratio": 30.11,
            "inventory_turnover_ratio": 0.54,
            "account_receivable_turnover_ratio": 0.81,
            "reinvestment_rate": null,
            "research_to_sale_ratio": 0.8,
            "price_fair": 1.74,
            "eps_avg_yearly": 0.58,
            "eps_latest_yearly": 0.12,
            "eps_growth_yearly": -39.35
        },
        "20133": {
            "year_quarter": 20133,
            "year": 2013,
            "quarter": 3,
            "eps": 0.09,
            "eps_growth_year": -68.35,
            "eps_4q": 0.48,
            "eps_4q_growth_year": 70.28,
            "roe": 0.65,
            "roe_4q": 3.96,
            "gross_profit": 18672,
            "gross_margin": 21.11,
            "gross_margin_4q_avg": 21.35,
            "net_income": 2948,
            "net_income_4q": null,
            "revenue": 88433,
            "revenue_4q": null,
            "common_shares": 346173,
            "book_valuer_per_share": 13.02,
            "book_valuer_per_share_4q_avg": 13.37,
            "equity": 450768,
            "current_ratio": 267.77,
            "debt_ratio": 31.33,
            "inventory_turnover_ratio": 0.49,
            "account_receivable_turnover_ratio": 0.82,
            "reinvestment_rate": null,
            "research_to_sale_ratio": 1.11,
            "price_fair": 18.76,
            "eps_avg_yearly": 0.54,
            "eps_latest_yearly": 0.36,
            "eps_growth_yearly": 128.52
        },
        "20134": {
            "year_quarter": 20134,
            "year": 2013,
            "quarter": 4,
            "eps": 0.14,
            "eps_growth_year": -44.7,
            "eps_4q": 0.4,
            "eps_4q_growth_year": -24.71,
            "roe": 1.05,
            "roe_4q": 3.17,
            "gross_profit": 16002,
            "gross_margin": 20.5,
            "gross_margin_4q_avg": 20.94,
            "net_income": 4769,
            "net_income_4q": null,
            "revenue": 78058,
            "revenue_4q": null,
            "common_shares": 346173,
            "book_valuer_per_share": 13.23,
            "book_valuer_per_share_4q_avg": 13.27,
            "equity": 457988,
            "current_ratio": 259.27,
            "debt_ratio": 31.72,
            "inventory_turnover_ratio": 0.42,
            "account_receivable_turnover_ratio": 0.84,
            "reinvestment_rate": null,
            "research_to_sale_ratio": 1.02,
            "price_fair": 18.9,
            "eps_avg_yearly": 0.54,
            "eps_latest_yearly": 0.56,
            "eps_growth_yearly": 144.14
        },
        "20141": {
            "year_quarter": 20141,
            "year": 2014,
            "quarter": 1,
            "eps": 0.08,
            "eps_growth_year": -52.94,
            "eps_4q": 0.3,
            "eps_4q_growth_year": -57.39,
            "roe": 0.61,
            "roe_4q": 2.56,
            "gross_profit": 18992,
            "gross_margin": 22.3,
            "gross_margin_4q_avg": 21.35,
            "net_income": 3039,
            "net_income_4q": null,
            "revenue": 85174,
            "revenue_4q": null,
            "common_shares": 396173,
            "book_valuer_per_share": 13.77,
            "book_valuer_per_share_4q_avg": 13.25,
            "equity": 545591,
            "current_ratio": 394.72,
            "debt_ratio": 24.11,
            "inventory_turnover_ratio": 0.44,
            "account_receivable_turnover_ratio": 1.04,
            "reinvestment_rate": null,
            "research_to_sale_ratio": 0.83,
            "price_fair": 17.8,
            "eps_avg_yearly": 0.51,
            "eps_latest_yearly": 0.32,
            "eps_growth_yearly": 99.05
        },
        "20142": {
            "year_quarter": 20142,
            "year": 2014,
            "quarter": 2,
            "eps": 0.1,
            "eps_growth_year": 233.33,
            "eps_4q": 0.37,
            "eps_4q_growth_year": -43.16,
            "roe": 0.73,
            "roe_4q": 3.0399999999999996,
            "gross_profit": 20338,
            "gross_margin": 22.84,
            "gross_margin_4q_avg": 21.69,
            "net_income": 3893,
            "net_income_4q": null,
            "revenue": 89032,
            "revenue_4q": null,
            "common_shares": 396173,
            "book_valuer_per_share": 13.17,
            "book_valuer_per_share_4q_avg": 13.3,
            "equity": 521767,
            "current_ratio": 338.51,
            "debt_ratio": 25.31,
            "inventory_turnover_ratio": 0.46,
            "account_receivable_turnover_ratio": 1.08,
            "reinvestment_rate": null,
            "research_to_sale_ratio": 1.98,
            "price_fair": 17.2,
            "eps_avg_yearly": 0.49,
            "eps_latest_yearly": 0.4,
            "eps_growth_yearly": 64.36
        },
        "20143": {
            "year_quarter": 20143,
            "year": 2014,
            "quarter": 3,
            "eps": 0.05,
            "eps_growth_year": -44.44,
            "eps_4q": 0.35,
            "eps_4q_growth_year": -28.23,
            "roe": 0.39,
            "roe_4q": 2.7800000000000002,
            "gross_profit": 17821,
            "gross_margin": 20.36,
            "gross_margin_4q_avg": 21.5,
            "net_income": 2065,
            "net_income_4q": null,
            "revenue": 87524,
            "revenue_4q": null,
            "common_shares": 396173,
            "book_valuer_per_share": 13.31,
            "book_valuer_per_share_4q_avg": 13.37,
            "equity": 527362,
            "current_ratio": 298.04,
            "debt_ratio": 22.25,
            "inventory_turnover_ratio": 0.46,
            "account_receivable_turnover_ratio": 0.97,
            "reinvestment_rate": null,
            "research_to_sale_ratio": 1.46,
            "price_fair": 15.93,
            "eps_avg_yearly": 0.46,
            "eps_latest_yearly": 0.2,
            "eps_growth_yearly": 31.32
        },
        "20144": {
            "year_quarter": 20144,
            "year": 2014,
            "quarter": 4,
            "eps": 0.45,
            "eps_growth_year": 229.33,
            "eps_4q": 0.68,
            "eps_4q_growth_year": 69.51,
            "roe": 3.33,
            "roe_4q": 5.0600000000000005,
            "gross_profit": 25546,
            "gross_margin": 26.08,
            "gross_margin_4q_avg": 22.9,
            "net_income": 17974,
            "net_income_4q": null,
            "revenue": 97946,
            "revenue_4q": null,
            "common_shares": 396173,
            "book_valuer_per_share": 13.96,
            "book_valuer_per_share_4q_avg": 13.55,
            "equity": 552976,
            "current_ratio": 326,
            "debt_ratio": 28.71,
            "inventory_turnover_ratio": 0.47,
            "account_receivable_turnover_ratio": 0.99,
            "reinvestment_rate": null,
            "research_to_sale_ratio": 0.86,
            "price_fair": 21.16,
            "eps_avg_yearly": 0.6,
            "eps_latest_yearly": 1.8,
            "eps_growth_yearly": 383.39
        },
        "20151": {
            "year_quarter": 20151,
            "year": 2015,
            "quarter": 1,
            "eps": 0.11,
            "eps_growth_year": 37.5,
            "eps_4q": 0.71,
            "eps_4q_growth_year": 138.34,
            "roe": 0.77,
            "roe_4q": 5.219999999999999,
            "gross_profit": 22838,
            "gross_margin": 24.42,
            "gross_margin_4q_avg": 23.43,
            "net_income": 4254,
            "net_income_4q": null,
            "revenue": 93526,
            "revenue_4q": null,
            "common_shares": 396173,
            "book_valuer_per_share": 13.99,
            "book_valuer_per_share_4q_avg": 13.61,
            "equity": 554376,
            "current_ratio": 296.04,
            "debt_ratio": 29.67,
            "inventory_turnover_ratio": 0.46,
            "account_receivable_turnover_ratio": 0.88,
            "reinvestment_rate": null,
            "research_to_sale_ratio": 0.87,
            "price_fair": 20.58,
            "eps_avg_yearly": 0.59,
            "eps_latest_yearly": 0.44,
            "eps_growth_yearly": 314.83
        },
        "20152": {
            "year_quarter": 20152,
            "year": 2015,
            "quarter": 2,
            "eps": 0,
            "eps_growth_year": -100,
            "eps_4q": 0.62,
            "eps_4q_growth_year": 66.42,
            "roe": 0.02,
            "roe_4q": 4.51,
            "gross_profit": 18462,
            "gross_margin": 19.89,
            "gross_margin_4q_avg": 22.69,
            "net_income": 86,
            "net_income_4q": null,
            "revenue": 92810,
            "revenue_4q": null,
            "common_shares": 396173,
            "book_valuer_per_share": 13.14,
            "book_valuer_per_share_4q_avg": 13.6,
            "equity": 520755,
            "current_ratio": 229.53,
            "debt_ratio": 34.9,
            "inventory_turnover_ratio": 0.48,
            "account_receivable_turnover_ratio": 0.79,
            "reinvestment_rate": -185.33,
            "research_to_sale_ratio": 0.85,
            "price_fair": 20.58,
            "eps_avg_yearly": 0.59,
            "eps_latest_yearly": 0.44,
            "eps_growth_yearly": 314.83
        },
        "20153": {
            "year_quarter": 20153,
            "year": 2015,
            "quarter": 3,
            "eps": 0.29,
            "eps_growth_year": 480,
            "eps_4q": 0.86,
            "eps_4q_growth_year": 146.86,
            "roe": 2.2,
            "roe_4q": 6.32,
            "gross_profit": 17737,
            "gross_margin": 19.5,
            "gross_margin_4q_avg": 22.47,
            "net_income": 11668,
            "net_income_4q": null,
            "revenue": 90958,
            "revenue_4q": null,
            "common_shares": 396173,
            "book_valuer_per_share": 13.59,
            "book_valuer_per_share_4q_avg": 13.67,
            "equity": 538531,
            "current_ratio": 238.41,
            "debt_ratio": 35.59,
            "inventory_turnover_ratio": 0.46,
            "account_receivable_turnover_ratio": 0.7,
            "reinvestment_rate": 21.76,
            "research_to_sale_ratio": 0.99,
            "price_fair": 20.58,
            "eps_avg_yearly": 0.59,
            "eps_latest_yearly": 0.44,
            "eps_growth_yearly": 314.83
        },
        "20154": {
            "year_quarter": 20154,
            "year": 2015,
            "quarter": 4,
            "eps": 0.02,
            "eps_growth_year": -96.53,
            "eps_4q": 0.42,
            "eps_4q_growth_year": -38.33,
            "roe": 0.12,
            "roe_4q": 3.1100000000000003,
            "gross_profit": 17767,
            "gross_margin": 20.86,
            "gross_margin_4q_avg": 21.17,
            "net_income": 624,
            "net_income_4q": null,
            "revenue": 85179,
            "revenue_4q": null,
            "common_shares": 396173,
            "book_valuer_per_share": 13.5,
            "book_valuer_per_share_4q_avg": 13.56,
            "equity": 534818,
            "current_ratio": 213.9,
            "debt_ratio": 33.8,
            "inventory_turnover_ratio": 0.41,
            "account_receivable_turnover_ratio": 0.72,
            "reinvestment_rate": -246.15,
            "research_to_sale_ratio": 0.85,
            "price_fair": 18.96,
            "eps_avg_yearly": 0.54,
            "eps_latest_yearly": 0.08,
            "eps_growth_yearly": 252.35
        },
        "20161": {
            "year_quarter": 20161,
            "year": 2016,
            "quarter": 1,
            "eps": 0.01,
            "eps_growth_year": -90.91,
            "eps_4q": 0.32,
            "eps_4q_growth_year": -54.82,
            "roe": 0.27,
            "roe_4q": 2.6100000000000003,
            "gross_profit": 20248,
            "gross_margin": 20.38,
            "gross_margin_4q_avg": 20.16,
            "net_income": 1518,
            "net_income_4q": null,
            "revenue": 99355,
            "revenue_4q": null,
            "common_shares": 396173,
            "book_valuer_per_share": 13.48,
            "book_valuer_per_share_4q_avg": 13.43,
            "equity": 576199,
            "current_ratio": 284,
            "debt_ratio": 43.77,
            "inventory_turnover_ratio": 0.45,
            "account_receivable_turnover_ratio": 0.81,
            "reinvestment_rate": 68.01,
            "research_to_sale_ratio": 0.62,
            "price_fair": 17.5,
            "eps_avg_yearly": 0.5,
            "eps_latest_yearly": 0.04,
            "eps_growth_yearly": 214.66
        },
        "20162": {
            "year_quarter": 20162,
            "year": 2016,
            "quarter": 2,
            "eps": -0.19,
            "eps_growth_year": null,
            "eps_4q": 0.13,
            "eps_4q_growth_year": -78.7,
            "roe": -0.96,
            "roe_4q": 1.6300000000000003,
            "gross_profit": 19432,
            "gross_margin": 16.92,
            "gross_margin_4q_avg": 19.42,
            "net_income": -5362,
            "net_income_4q": null,
            "revenue": 114863,
            "revenue_4q": null,
            "common_shares": 396173,
            "book_valuer_per_share": 12.62,
            "book_valuer_per_share_4q_avg": 13.3,
            "equity": 543136,
            "current_ratio": 364.61,
            "debt_ratio": 40.45,
            "inventory_turnover_ratio": 0.51,
            "account_receivable_turnover_ratio": 0.8,
            "reinvestment_rate": -277.32,
            "research_to_sale_ratio": 0.69,
            "price_fair": 17.5,
            "eps_avg_yearly": 0.5,
            "eps_latest_yearly": 0.04,
            "eps_growth_yearly": 214.66
        },
        "20163": {
            "year_quarter": 20163,
            "year": 2016,
            "quarter": 3,
            "eps": 0.01,
            "eps_growth_year": -96.55,
            "eps_4q": -0.15,
            "eps_4q_growth_year": -117.61,
            "roe": 0.44,
            "roe_4q": -0.13,
            "gross_profit": 22591,
            "gross_margin": 19.12,
            "gross_margin_4q_avg": 19.32,
            "net_income": 2372,
            "net_income_4q": null,
            "revenue": 118173,
            "revenue_4q": null,
            "common_shares": 396173,
            "book_valuer_per_share": 12.44,
            "book_valuer_per_share_4q_avg": 13.01,
            "equity": 536342,
            "current_ratio": 317.38,
            "debt_ratio": 44.88,
            "inventory_turnover_ratio": 0.51,
            "account_receivable_turnover_ratio": 0.84,
            "reinvestment_rate": -326.68,
            "research_to_sale_ratio": 0.57,
            "price_fair": 17.5,
            "eps_avg_yearly": 0.5,
            "eps_latest_yearly": 0.04,
            "eps_growth_yearly": 214.66
        },
        "20164": {
            "year_quarter": 20164,
            "year": 2016,
            "quarter": 4,
            "eps": 0.19,
            "eps_growth_year": 1109.43,
            "eps_4q": 0.02,
            "eps_4q_growth_year": -94.36,
            "roe": 1.93,
            "roe_4q": 1.6800000000000002,
            "gross_profit": 30768,
            "gross_margin": 22.76,
            "gross_margin_4q_avg": 19.8,
            "net_income": 10435,
            "net_income_4q": null,
            "revenue": 135188,
            "revenue_4q": null,
            "common_shares": 396173,
            "book_valuer_per_share": 12.59,
            "book_valuer_per_share_4q_avg": 12.78,
            "equity": 544837,
            "current_ratio": 297.39,
            "debt_ratio": 45.68,
            "inventory_turnover_ratio": 0.56,
            "account_receivable_turnover_ratio": 0.9,
            "reinvestment_rate": -331.48,
            "research_to_sale_ratio": 0.57,
            "price_fair": 16.8,
            "eps_avg_yearly": 0.48,
            "eps_latest_yearly": 0.76,
            "eps_growth_yearly": 818.23
        },
        "20171": {
            "year_quarter": 20171,
            "year": 2017,
            "quarter": 1,
            "eps": -0.3,
            "eps_growth_year": -3100,
            "eps_4q": -0.29,
            "eps_4q_growth_year": -190.03,
            "roe": -2.11,
            "roe_4q": -0.7,
            "gross_profit": 22357,
            "gross_margin": 18.97,
            "gross_margin_4q_avg": 19.44,
            "net_income": -11238,
            "net_income_4q": null,
            "revenue": 117831,
            "revenue_4q": null,
            "common_shares": 396173,
            "book_valuer_per_share": 11.96,
            "book_valuer_per_share_4q_avg": 12.4,
            "equity": 518039,
            "current_ratio": 275.38,
            "debt_ratio": 48.87,
            "inventory_turnover_ratio": 0.51,
            "account_receivable_turnover_ratio": 0.75,
            "reinvestment_rate": 84.18,
            "research_to_sale_ratio": 0.89,
            "price_fair": 16.16,
            "eps_avg_yearly": 0.46,
            "eps_latest_yearly": 0.76,
            "eps_growth_yearly": 904.25
        },
        "20172": {
            "year_quarter": 20172,
            "year": 2017,
            "quarter": 2,
            "eps": -0.02,
            "eps_growth_year": null,
            "eps_4q": -0.12,
            "eps_4q_growth_year": -194.8,
            "roe": -0.18,
            "roe_4q": 0.0799999999999999,
            "gross_profit": 30045,
            "gross_margin": 22.34,
            "gross_margin_4q_avg": 20.8,
            "net_income": -913,
            "net_income_4q": null,
            "revenue": 134461,
            "revenue_4q": null,
            "common_shares": 396173,
            "book_valuer_per_share": 12.07,
            "book_valuer_per_share_4q_avg": 12.27,
            "equity": 478255,
            "current_ratio": 142.17,
            "debt_ratio": 50.98,
            "inventory_turnover_ratio": 0.54,
            "account_receivable_turnover_ratio": 0.89,
            "reinvestment_rate": 92.64,
            "research_to_sale_ratio": 0.59,
            "price_fair": 17.36,
            "eps_avg_yearly": 0.5,
            "eps_latest_yearly": 0.76,
            "eps_growth_yearly": 1027.62
        },
        "20173": {
            "year_quarter": 20173,
            "year": 2017,
            "quarter": 3,
            "eps": -0.11,
            "eps_growth_year": -1200,
            "eps_4q": -0.25,
            "eps_4q_growth_year": null,
            "roe": -0.93,
            "roe_4q": -1.2899999999999998,
            "gross_profit": 20497,
            "gross_margin": 14.73,
            "gross_margin_4q_avg": 19.7,
            "net_income": -4441,
            "net_income_4q": null,
            "revenue": 139110,
            "revenue_4q": null,
            "common_shares": 396173,
            "book_valuer_per_share": 12.05,
            "book_valuer_per_share_4q_avg": 12.17,
            "equity": 477414,
            "current_ratio": 142.92,
            "debt_ratio": 51.84,
            "inventory_turnover_ratio": 0.61,
            "account_receivable_turnover_ratio": 0.97,
            "reinvestment_rate": 166.04,
            "research_to_sale_ratio": 0.65,
            "price_fair": 17.89,
            "eps_avg_yearly": 0.51,
            "eps_latest_yearly": 0.76,
            "eps_growth_yearly": 1052.91
        },
        "20174": {
            "year_quarter": 20174,
            "year": 2017,
            "quarter": 4,
            "eps": -0.01,
            "eps_growth_year": -102.94,
            "eps_4q": -0.44,
            "eps_4q_growth_year": -1978.75,
            "roe": -0.05,
            "roe_4q": -3.27,
            "gross_profit": 30927,
            "gross_margin": 19.36,
            "gross_margin_4q_avg": 18.85,
            "net_income": -222,
            "net_income_4q": null,
            "revenue": 159736,
            "revenue_4q": null,
            "common_shares": 396173,
            "book_valuer_per_share": 11.99,
            "book_valuer_per_share_4q_avg": 12.02,
            "equity": 475047,
            "current_ratio": 132.4,
            "debt_ratio": 53.68,
            "inventory_turnover_ratio": 0.66,
            "account_receivable_turnover_ratio": 1.16,
            "reinvestment_rate": 185.02,
            "research_to_sale_ratio": 0.54,
            "price_fair": 17.68,
            "eps_avg_yearly": 0.51,
            "eps_latest_yearly": 0.76,
            "eps_growth_yearly": 1156.74
        },
        "20181": {
            "year_quarter": 20181,
            "year": 2018,
            "quarter": 1,
            "eps": -0.24,
            "eps_growth_year": null,
            "eps_4q": -0.38,
            "eps_4q_growth_year": null,
            "roe": -2.04,
            "roe_4q": -3.2,
            "gross_profit": 16171,
            "gross_margin": 12.48,
            "gross_margin_4q_avg": 17.23,
            "net_income": -9616,
            "net_income_4q": null,
            "revenue": 129601,
            "revenue_4q": null,
            "common_shares": 396173,
            "book_valuer_per_share": 11.82,
            "book_valuer_per_share_4q_avg": 11.98,
            "equity": 468449,
            "current_ratio": 128.9,
            "debt_ratio": 55.39,
            "inventory_turnover_ratio": 0.59,
            "account_receivable_turnover_ratio": 1.04,
            "reinvestment_rate": 280.63,
            "research_to_sale_ratio": 0.51,
            "price_fair": 18.6,
            "eps_avg_yearly": 0.53,
            "eps_latest_yearly": 0.76,
            "eps_growth_yearly": 1346.48
        },
        "20182": {
            "year_quarter": 20182,
            "year": 2018,
            "quarter": 2,
            "eps": 0.33,
            "eps_growth_year": null,
            "eps_4q": -0.03,
            "eps_4q_growth_year": null,
            "roe": 2.71,
            "roe_4q": -0.31000000000000016,
            "gross_profit": 24803,
            "gross_margin": 17.12,
            "gross_margin_4q_avg": 15.92,
            "net_income": 12902,
            "net_income_4q": null,
            "revenue": 144875,
            "revenue_4q": null,
            "common_shares": 396173,
            "book_valuer_per_share": 12.17,
            "book_valuer_per_share_4q_avg": 12.01,
            "equity": 482069,
            "current_ratio": 141.97,
            "debt_ratio": 50.48,
            "inventory_turnover_ratio": 0.63,
            "account_receivable_turnover_ratio": 1.17,
            "reinvestment_rate": 79.19,
            "research_to_sale_ratio": 0.44,
            "price_fair": 19.37,
            "eps_avg_yearly": 0.55,
            "eps_latest_yearly": 0.76,
            "eps_growth_yearly": 1554.23
        },
        "20183": {
            "year_quarter": 20183,
            "year": 2018,
            "quarter": 3,
            "eps": 0.11,
            "eps_growth_year": null,
            "eps_4q": 0.19,
            "eps_4q_growth_year": null,
            "roe": 0.93,
            "roe_4q": 1.55,
            "gross_profit": 28724,
            "gross_margin": 19.99,
            "gross_margin_4q_avg": 17.24,
            "net_income": 4469,
            "net_income_4q": null,
            "revenue": 143688,
            "revenue_4q": null,
            "common_shares": 396173,
            "book_valuer_per_share": 12.05,
            "book_valuer_per_share_4q_avg": 12.01,
            "equity": 477497,
            "current_ratio": 140.39,
            "debt_ratio": 51.16,
            "inventory_turnover_ratio": 0.61,
            "account_receivable_turnover_ratio": 1.04,
            "reinvestment_rate": 10.98,
            "research_to_sale_ratio": 0.49,
            "price_fair": 20.77,
            "eps_avg_yearly": 0.59,
            "eps_latest_yearly": 0.44,
            "eps_growth_yearly": 1543.12
        },
        "20184": {
            "year_quarter": 20184,
            "year": 2018,
            "quarter": 4,
            "eps": 0.06,
            "eps_growth_year": null,
            "eps_4q": 0.25,
            "eps_4q_growth_year": null,
            "roe": 0.49,
            "roe_4q": 2.09,
            "gross_profit": 29880,
            "gross_margin": 20.34,
            "gross_margin_4q_avg": 17.48,
            "net_income": 2336,
            "net_income_4q": null,
            "revenue": 146875,
            "revenue_4q": null,
            "common_shares": 396173,
            "book_valuer_per_share": 12.16,
            "book_valuer_per_share_4q_avg": 12.05,
            "equity": 481883,
            "current_ratio": 142.94,
            "debt_ratio": 50.65,
            "inventory_turnover_ratio": 0.62,
            "account_receivable_turnover_ratio": 0.99,
            "reinvestment_rate": -51.35,
            "research_to_sale_ratio": 0.42,
            "price_fair": 11.67,
            "eps_avg_yearly": 0.33,
            "eps_latest_yearly": 0.24,
            "eps_growth_yearly": 979.48
        },
        "20191": {
            "year_quarter": 20191,
            "year": 2019,
            "quarter": 1,
            "eps": 0.04,
            "eps_growth_year": null,
            "eps_4q": 0.54,
            "eps_4q_growth_year": null,
            "roe": 0.35,
            "roe_4q": 4.48,
            "gross_profit": 19134,
            "gross_margin": 16.01,
            "gross_margin_4q_avg": 18.37,
            "net_income": 1702,
            "net_income_4q": null,
            "revenue": 119484,
            "revenue_4q": null,
            "common_shares": 396173,
            "book_valuer_per_share": 12.39,
            "book_valuer_per_share_4q_avg": 12.19,
            "equity": 494380,
            "current_ratio": 145.14,
            "debt_ratio": 49.69,
            "inventory_turnover_ratio": 0.52,
            "account_receivable_turnover_ratio": 0.82,
            "reinvestment_rate": -152.82,
            "research_to_sale_ratio": 0.46,
            "price_fair": 10.03,
            "eps_avg_yearly": 0.29,
            "eps_latest_yearly": 0.16,
            "eps_growth_yearly": 1007.63
        },
        "20192": {
            "year_quarter": 20192,
            "year": 2019,
            "quarter": 2,
            "eps": 0.1,
            "eps_growth_year": -69.7,
            "eps_4q": 0.31,
            "eps_4q_growth_year": null,
            "roe": 0.82,
            "roe_4q": 2.59,
            "gross_profit": 23507,
            "gross_margin": 17.14,
            "gross_margin_4q_avg": 18.37,
            "net_income": 4025,
            "net_income_4q": null,
            "revenue": 137108,
            "revenue_4q": null,
            "common_shares": 396173,
            "book_valuer_per_share": 12.26,
            "book_valuer_per_share_4q_avg": 12.22,
            "equity": 489493,
            "current_ratio": 157.67,
            "debt_ratio": 42.8,
            "inventory_turnover_ratio": 0.59,
            "account_receivable_turnover_ratio": 1.05,
            "reinvestment_rate": -117.4,
            "research_to_sale_ratio": 0.41,
            "price_fair": 10.6,
            "eps_avg_yearly": 0.3,
            "eps_latest_yearly": 0.4,
            "eps_growth_yearly": 949.4
        },
        "20193": {
            "year_quarter": 20193,
            "year": 2019,
            "quarter": 3,
            "eps": -0.14,
            "eps_growth_year": -227.27,
            "eps_4q": 0.06,
            "eps_4q_growth_year": -66.93,
            "roe": -1.15,
            "roe_4q": 0.51,
            "gross_profit": 13707,
            "gross_margin": 10.82,
            "gross_margin_4q_avg": 16.08,
            "net_income": -5553,
            "net_income_4q": null,
            "revenue": 126681,
            "revenue_4q": null,
            "common_shares": 399132,
            "book_valuer_per_share": 11.94,
            "book_valuer_per_share_4q_avg": 12.19,
            "equity": 476644,
            "current_ratio": 145.24,
            "debt_ratio": 45.03,
            "inventory_turnover_ratio": 0.6,
            "account_receivable_turnover_ratio": 1.04,
            "reinvestment_rate": null,
            "research_to_sale_ratio": 0.5,
            "price_fair": 10.6,
            "eps_avg_yearly": 0.3,
            "eps_latest_yearly": 0.4,
            "eps_growth_yearly": 949.4
        },
        "20194": {
            "year_quarter": 20194,
            "year": 2019,
            "quarter": 4,
            "eps": 0.03,
            "eps_growth_year": -55.13,
            "eps_4q": 0.03,
            "eps_4q_growth_year": -87.9,
            "roe": 0.22,
            "roe_4q": 0.24,
            "gross_profit": 24100,
            "gross_margin": 15.18,
            "gross_margin_4q_avg": 14.79,
            "net_income": 1056,
            "net_income_4q": null,
            "revenue": 158713,
            "revenue_4q": null,
            "common_shares": 399132,
            "book_valuer_per_share": 11.78,
            "book_valuer_per_share_4q_avg": 12.09,
            "equity": 470109,
            "current_ratio": 143.06,
            "debt_ratio": 45.57,
            "inventory_turnover_ratio": 0.71,
            "account_receivable_turnover_ratio": 1.29,
            "reinvestment_rate": null,
            "research_to_sale_ratio": 0.29,
            "price_fair": 11.9,
            "eps_avg_yearly": 0.34,
            "eps_latest_yearly": 0.4,
            "eps_growth_yearly": 1169.7
        },
        "20201": {
            "year_quarter": 20201,
            "year": 2020,
            "quarter": 1,
            "eps": -0.1,
            "eps_growth_year": -350,
            "eps_4q": -0.11,
            "eps_4q_growth_year": -120.86,
            "roe": -1.06,
            "roe_4q": -1.17,
            "gross_profit": 12626,
            "gross_margin": 13.18,
            "gross_margin_4q_avg": 14.08,
            "net_income": -5127,
            "net_income_4q": null,
            "revenue": 95790,
            "revenue_4q": null,
            "common_shares": 399132,
            "book_valuer_per_share": 11.59,
            "book_valuer_per_share_4q_avg": 11.89,
            "equity": 497791,
            "current_ratio": 144.73,
            "debt_ratio": 42.84,
            "inventory_turnover_ratio": 0.44,
            "account_receivable_turnover_ratio": 0.83,
            "reinvestment_rate": null,
            "research_to_sale_ratio": 1.05,
            "price_fair": 14,
            "eps_avg_yearly": 0.4,
            "eps_latest_yearly": 0.4,
            "eps_growth_yearly": 1443.64
        },
        "20202": {
            "year_quarter": 20202,
            "year": 2020,
            "quarter": 2,
            "eps": -0.04,
            "eps_growth_year": -140,
            "eps_4q": -0.26,
            "eps_4q_growth_year": -181.95,
            "roe": -0.3,
            "roe_4q": -2.29,
            "gross_profit": 16336,
            "gross_margin": 15.95,
            "gross_margin_4q_avg": 13.78,
            "net_income": -1469,
            "net_income_4q": null,
            "revenue": 102421,
            "revenue_4q": null,
            "common_shares": 399132,
            "book_valuer_per_share": 11.41,
            "book_valuer_per_share_4q_avg": 11.68,
            "equity": 489916,
            "current_ratio": 142.28,
            "debt_ratio": 43.77,
            "inventory_turnover_ratio": 0.47,
            "account_receivable_turnover_ratio": 1.06,
            "reinvestment_rate": null,
            "research_to_sale_ratio": 1.09,
            "price_fair": 14,
            "eps_avg_yearly": 0.4,
            "eps_latest_yearly": 0.4,
            "eps_growth_yearly": 1443.64
        },
        "20203": {
            "year_quarter": 20203,
            "year": 2020,
            "quarter": 3,
            "eps": -0.28,
            "eps_growth_year": null,
            "eps_4q": -0.4,
            "eps_4q_growth_year": -737.65,
            "roe": -2.09,
            "roe_4q": -3.2299999999999995,
            "gross_profit": 15576,
            "gross_margin": 12.67,
            "gross_margin_4q_avg": 14.25,
            "net_income": -10165,
            "net_income_4q": null,
            "revenue": 122964,
            "revenue_4q": null,
            "common_shares": 399132,
            "book_valuer_per_share": 11.22,
            "book_valuer_per_share_4q_avg": 11.5,
            "equity": 484550,
            "current_ratio": 136.11,
            "debt_ratio": 46.27,
            "inventory_turnover_ratio": 0.56,
            "account_receivable_turnover_ratio": 1.28,
            "reinvestment_rate": null,
            "research_to_sale_ratio": 1.65,
            "price_fair": 14,
            "eps_avg_yearly": 0.4,
            "eps_latest_yearly": 0.4,
            "eps_growth_yearly": 1443.64
        },
        "20204": {
            "year_quarter": 20204,
            "year": 2020,
            "quarter": 4,
            "eps": -0.06,
            "eps_growth_year": -309.47,
            "eps_4q": -0.48,
            "eps_4q_growth_year": -1666.9,
            "roe": -0.28,
            "roe_4q": -3.73,
            "gross_profit": 14362,
            "gross_margin": 9.13,
            "gross_margin_4q_avg": 12.73,
            "net_income": -1374,
            "net_income_4q": null,
            "revenue": 157309,
            "revenue_4q": null,
            "common_shares": 399132,
            "book_valuer_per_share": 11.36,
            "book_valuer_per_share_4q_avg": 11.4,
            "equity": 491561,
            "current_ratio": 134.05,
            "debt_ratio": 46.94,
            "inventory_turnover_ratio": 0.74,
            "account_receivable_turnover_ratio": 1.39,
            "reinvestment_rate": null,
            "research_to_sale_ratio": 0.78,
            "price_fair": 4.51,
            "eps_avg_yearly": 0.31,
            "eps_latest_yearly": 0.4,
            "eps_growth_yearly": 4.55
        },
        "20211": {
            "year_quarter": 20211,
            "year": 2021,
            "quarter": 1,
            "eps": -0.03,
            "eps_growth_year": null,
            "eps_4q": -0.41,
            "eps_4q_growth_year": null,
            "roe": -0.35,
            "roe_4q": -3.0199999999999996,
            "gross_profit": 19262,
            "gross_margin": 13.06,
            "gross_margin_4q_avg": 12.7,
            "net_income": -1695,
            "net_income_4q": null,
            "revenue": 147493,
            "revenue_4q": null,
            "common_shares": 399132,
            "book_valuer_per_share": 11.3,
            "book_valuer_per_share_4q_avg": 11.32,
            "equity": 488508,
            "current_ratio": 136.42,
            "debt_ratio": 46.78,
            "inventory_turnover_ratio": 0.65,
            "account_receivable_turnover_ratio": 1.17,
            "reinvestment_rate": null,
            "research_to_sale_ratio": 0.8,
            "price_fair": 4.51,
            "eps_avg_yearly": 0.31,
            "eps_latest_yearly": 0.4,
            "eps_growth_yearly": 4.55
        },
        "20212": {
            "year_quarter": 20212,
            "year": 2021,
            "quarter": 2,
            "eps": 0.04,
            "eps_growth_year": null,
            "eps_4q": -0.32,
            "eps_4q_growth_year": null,
            "roe": 0.51,
            "roe_4q": -2.21,
            "gross_profit": 25700,
            "gross_margin": 17.14,
            "gross_margin_4q_avg": 13,
            "net_income": 2474,
            "net_income_4q": null,
            "revenue": 149969,
            "revenue_4q": null,
            "common_shares": 399132,
            "book_valuer_per_share": 11.27,
            "book_valuer_per_share_4q_avg": 11.29,
            "equity": 487719,
            "current_ratio": 143.81,
            "debt_ratio": 47.86,
            "inventory_turnover_ratio": 0.6,
            "account_receivable_turnover_ratio": 1.16,
            "reinvestment_rate": null,
            "research_to_sale_ratio": 1.02,
            "price_fair": 4.51,
            "eps_avg_yearly": 0.31,
            "eps_latest_yearly": 0.4,
            "eps_growth_yearly": 4.55
        },
        "20213": {
            "year_quarter": 20213,
            "year": 2021,
            "quarter": 3,
            "eps": -0.01,
            "eps_growth_year": null,
            "eps_4q": -0.05,
            "eps_4q_growth_year": null,
            "roe": -0.32,
            "roe_4q": -0.44,
            "gross_profit": 18840,
            "gross_margin": 14.51,
            "gross_margin_4q_avg": 13.46,
            "net_income": -1536,
            "net_income_4q": null,
            "revenue": 129853,
            "revenue_4q": null,
            "common_shares": 399132,
            "book_valuer_per_share": 11.03,
            "book_valuer_per_share_4q_avg": 11.24,
            "equity": 476970,
            "current_ratio": 145.77,
            "debt_ratio": 48.38,
            "inventory_turnover_ratio": 0.51,
            "account_receivable_turnover_ratio": 1.03,
            "reinvestment_rate": null,
            "research_to_sale_ratio": 1.24,
            "price_fair": 4.51,
            "eps_avg_yearly": 0.31,
            "eps_latest_yearly": 0.4,
            "eps_growth_yearly": 4.55
        },
        "20214": {
            "year_quarter": 20214,
            "year": 2021,
            "quarter": 4,
            "eps": -0.08,
            "eps_growth_year": null,
            "eps_4q": -0.08,
            "eps_4q_growth_year": null,
            "roe": -1.51,
            "roe_4q": -1.67,
            "gross_profit": 25766,
            "gross_margin": 18.74,
            "gross_margin_4q_avg": 15.86,
            "net_income": -7156,
            "net_income_4q": null,
            "revenue": 137479,
            "revenue_4q": null,
            "common_shares": 399132,
            "book_valuer_per_share": 10.99,
            "book_valuer_per_share_4q_avg": 11.15,
            "equity": 472033,
            "current_ratio": 137.3,
            "debt_ratio": 54.31,
            "inventory_turnover_ratio": 0.5,
            "account_receivable_turnover_ratio": 1.08,
            "reinvestment_rate": null,
            "research_to_sale_ratio": 1.52,
            "price_fair": 4.51,
            "eps_avg_yearly": 0.31,
            "eps_latest_yearly": 0.4,
            "eps_growth_yearly": 4.55
        },
        "20221": {
            "year_quarter": 20221,
            "year": 2022,
            "quarter": 1,
            "eps": 0.02,
            "eps_growth_year": null,
            "eps_4q": -0.03,
            "eps_4q_growth_year": null,
            "roe": -0.1,
            "roe_4q": -1.4200000000000002,
            "gross_profit": 16396,
            "gross_margin": 13.86,
            "gross_margin_4q_avg": 16.06,
            "net_income": -490,
            "net_income_4q": null,
            "revenue": 118293,
            "revenue_4q": null,
            "common_shares": 399132,
            "book_valuer_per_share": 11.36,
            "book_valuer_per_share_4q_avg": 11.16,
            "equity": 486677,
            "current_ratio": 139.61,
            "debt_ratio": 52.75,
            "inventory_turnover_ratio": 0.46,
            "account_receivable_turnover_ratio": 0.91,
            "reinvestment_rate": null,
            "research_to_sale_ratio": 0.72,
            "price_fair": 4.51,
            "eps_avg_yearly": 0.31,
            "eps_latest_yearly": 0.4,
            "eps_growth_yearly": 4.55
        },
        "20222": {
            "year_quarter": 20222,
            "year": 2022,
            "quarter": 2,
            "eps": 3.24,
            "eps_growth_year": 8000,
            "eps_4q": 3.16,
            "eps_4q_growth_year": null,
            "roe": 23.46,
            "roe_4q": 21.529999999999998,
            "gross_profit": 8671,
            "gross_margin": 7.98,
            "gross_margin_4q_avg": 13.77,
            "net_income": 128728,
            "net_income_4q": null,
            "revenue": 108636,
            "revenue_4q": null,
            "common_shares": 399132,
            "book_valuer_per_share": 14.5,
            "book_valuer_per_share_4q_avg": 11.97,
            "equity": 610973,
            "current_ratio": 192.11,
            "debt_ratio": 41.22,
            "inventory_turnover_ratio": 0.46,
            "account_receivable_turnover_ratio": 0.89,
            "reinvestment_rate": -80.87,
            "research_to_sale_ratio": 0.99,
            "price_fair": 99.4,
            "eps_avg_yearly": 2.84,
            "eps_latest_yearly": 12.96,
            "eps_growth_yearly": 12883.64
        },
        "20223": {
            "year_quarter": 20223,
            "year": 2022,
            "quarter": 3,
            "eps": 0.36,
            "eps_growth_year": null,
            "eps_4q": 3.54,
            "eps_4q_growth_year": null,
            "roe": 2.24,
            "roe_4q": 24.09,
            "gross_profit": 28879,
            "gross_margin": 20.15,
            "gross_margin_4q_avg": 15.18,
            "net_income": 13940,
            "net_income_4q": null,
            "revenue": 143312,
            "revenue_4q": null,
            "common_shares": 399132,
            "book_valuer_per_share": 15.09,
            "book_valuer_per_share_4q_avg": 12.99,
            "equity": 634172,
            "current_ratio": 196.76,
            "debt_ratio": 39.88,
            "inventory_turnover_ratio": 0.53,
            "account_receivable_turnover_ratio": 1.08,
            "reinvestment_rate": -67.63,
            "research_to_sale_ratio": 0.72,
            "price_fair": 106.4,
            "eps_avg_yearly": 3.04,
            "eps_latest_yearly": 1.44,
            "eps_growth_yearly": 12865.86
        },
        "20224": {
            "year_quarter": 20224,
            "year": 2022,
            "quarter": 4,
            "eps": -0.45,
            "eps_growth_year": null,
            "eps_4q": 3.17,
            "eps_4q_growth_year": null,
            "roe": -5.58,
            "roe_4q": 20.02,
            "gross_profit": 29894,
            "gross_margin": 22.29,
            "gross_margin_4q_avg": 16.07,
            "net_income": -34205,
            "net_income_4q": null,
            "revenue": 134136,
            "revenue_4q": null,
            "common_shares": 399132,
            "book_valuer_per_share": 14.42,
            "book_valuer_per_share_4q_avg": 13.84,
            "equity": 591126,
            "current_ratio": 193.68,
            "debt_ratio": 41.16,
            "inventory_turnover_ratio": 0.49,
            "account_receivable_turnover_ratio": 0.94,
            "reinvestment_rate": -87.62,
            "research_to_sale_ratio": 0.95,
            "price_fair": 130.9,
            "eps_avg_yearly": 3.74,
            "eps_latest_yearly": 1.44,
            "eps_growth_yearly": 16127.78
        },
        "20231": {
            "year_quarter": 20231,
            "year": 2023,
            "quarter": 1,
            "eps": 0.33,
            "eps_growth_year": 1550,
            "eps_4q": 3.48,
            "eps_4q_growth_year": null,
            "roe": 2.02,
            "roe_4q": 22.14,
            "gross_profit": 31897,
            "gross_margin": 28.55,
            "gross_margin_4q_avg": 19.74,
            "net_income": 12590,
            "net_income_4q": null,
            "revenue": 111735,
            "revenue_4q": null,
            "common_shares": 399132,
            "book_valuer_per_share": 16.01,
            "book_valuer_per_share_4q_avg": 15.01,
            "equity": 653916,
            "current_ratio": 577.64,
            "debt_ratio": 41.05,
            "inventory_turnover_ratio": 0.38,
            "account_receivable_turnover_ratio": 0.86,
            "reinvestment_rate": -71.29,
            "research_to_sale_ratio": 0.98,
            "price_fair": 172.67,
            "eps_avg_yearly": 4.93,
            "eps_latest_yearly": 1.44,
            "eps_growth_yearly": 21548.15
        },
        "20232": {
            "year_quarter": 20232,
            "year": 2023,
            "quarter": 2,
            "eps": 0.47,
            "eps_growth_year": -85.49,
            "eps_4q": 0.61,
            "eps_4q_growth_year": -80.71,
            "roe": 2.65,
            "roe_4q": 1.33,
            "gross_profit": 37293,
            "gross_margin": 27.99,
            "gross_margin_4q_avg": 24.75,
            "net_income": 18174,
            "net_income_4q": null,
            "revenue": 133219,
            "revenue_4q": null,
            "common_shares": 399132,
            "book_valuer_per_share": 17.64,
            "book_valuer_per_share_4q_avg": 15.79,
            "equity": 717356,
            "current_ratio": 461.27,
            "debt_ratio": 37.72,
            "inventory_turnover_ratio": 0.44,
            "account_receivable_turnover_ratio": 1.07,
            "reinvestment_rate": -56.1,
            "research_to_sale_ratio": 1.2,
            "price_fair": 189.93,
            "eps_avg_yearly": 5.43,
            "eps_latest_yearly": 1.88,
            "eps_growth_yearly": 21404.71
        },
        "20233": {
            "year_quarter": 20233,
            "year": 2023,
            "quarter": 3,
            "eps": 0.93,
            "eps_growth_year": 158.33,
            "eps_4q": 1.21,
            "eps_4q_growth_year": -65.77,
            "roe": 5.73,
            "roe_4q": 4.82,
            "gross_profit": 64793,
            "gross_margin": 35.14,
            "gross_margin_4q_avg": 28.49,
            "net_income": 43684,
            "net_income_4q": null,
            "revenue": 184390,
            "revenue_4q": null,
            "common_shares": 475773,
            "book_valuer_per_share": 16.35,
            "book_valuer_per_share_4q_avg": 16.11,
            "equity": 808028,
            "current_ratio": 442.65,
            "debt_ratio": 34.81,
            "inventory_turnover_ratio": 0.56,
            "account_receivable_turnover_ratio": 1.32,
            "reinvestment_rate": -40.51,
            "research_to_sale_ratio": 1,
            "price_fair": 175,
            "eps_avg_yearly": 5,
            "eps_latest_yearly": 3.72,
            "eps_growth_yearly": 16151.41
        }
    },
    "months": {
        "2007-10": {
            "month": "2007-10",
            "price": "35.00",
            "revenue": 30815
        },
        "2007-11": {
            "month": "2007-11",
            "price": "35.49",
            "revenue": 31542
        },
        "2007-12": {
            "month": "2007-12",
            "price": "24.74",
            "revenue": 45380
        },
        "2008-01": {
            "month": "2008-01",
            "price": "36.00",
            "revenue": 28223
        },
        "2008-03": {
            "month": "2008-03",
            "price": "31.91",
            "revenue": 26286
        },
        "2008-05": {
            "month": "2008-05",
            "price": "35.23",
            "revenue": 30837
        },
        "2008-07": {
            "month": "2008-07",
            "price": "34.92",
            "revenue": 32082
        },
        "2008-08": {
            "month": "2008-08",
            "price": "34.86",
            "revenue": 45610
        },
        "2009-03": {
            "month": "2009-03",
            "price": "31.90",
            "revenue": 24955
        },
        "2009-05": {
            "month": "2009-05",
            "price": "29.28",
            "revenue": 18459
        },
        "2009-10": {
            "month": "2009-10",
            "price": "23.95",
            "revenue": 28235
        },
        "2009-12": {
            "month": "2009-12",
            "price": "22.44",
            "revenue": 37169
        },
        "2010-02": {
            "month": "2010-02",
            "price": "24.93",
            "revenue": 12995
        },
        "2010-03": {
            "month": "2010-03",
            "price": "24.77",
            "revenue": 28425
        },
        "2010-04": {
            "month": "2010-04",
            "price": "27.08",
            "revenue": 23956
        },
        "2010-05": {
            "month": "2010-05",
            "price": "28.40",
            "revenue": 30547
        },
        "2010-06": {
            "month": "2010-06",
            "price": "26.05",
            "revenue": 28076
        },
        "2010-07": {
            "month": "2010-07",
            "price": "23.38",
            "revenue": 33966
        },
        "2010-08": {
            "month": "2010-08",
            "price": "22.67",
            "revenue": 31226
        },
        "2010-09": {
            "month": "2010-09",
            "price": "21.95",
            "revenue": 30351
        },
        "2010-10": {
            "month": "2010-10",
            "price": "21.10",
            "revenue": 31750
        },
        "2010-11": {
            "month": "2010-11",
            "price": "20.29",
            "revenue": 33213
        },
        "2010-12": {
            "month": "2010-12",
            "price": "18.58",
            "revenue": 27225
        },
        "2011-01": {
            "month": "2011-01",
            "price": "19.17",
            "revenue": 29058
        },
        "2011-02": {
            "month": "2011-02",
            "price": "18.61",
            "revenue": 17889
        },
        "2011-03": {
            "month": "2011-03",
            "price": "19.17",
            "revenue": 36760
        },
        "2011-04": {
            "month": "2011-04",
            "price": "19.20",
            "revenue": 26594
        },
        "2011-05": {
            "month": "2011-05",
            "price": "18.47",
            "revenue": 28111
        },
        "2011-07": {
            "month": "2011-07",
            "price": "17.72",
            "revenue": 35567
        },
        "2011-08": {
            "month": "2011-08",
            "price": "16.06",
            "revenue": 26980
        },
        "2011-09": {
            "month": "2011-09",
            "price": "12.86",
            "revenue": 36705
        },
        "2011-11": {
            "month": "2011-11",
            "price": "12.47",
            "revenue": 35709
        },
        "2011-12": {
            "month": "2011-12",
            "price": "12.96",
            "revenue": 44651
        },
        "2012-01": {
            "month": "2012-01",
            "price": "13.45",
            "revenue": 24576
        },
        "2012-02": {
            "month": "2012-02",
            "price": "16.77",
            "revenue": 30690
        },
        "2012-03": {
            "month": "2012-03",
            "price": "20.32",
            "revenue": 31798
        },
        "2012-04": {
            "month": "2012-04",
            "price": "19.50",
            "revenue": 30017
        },
        "2012-05": {
            "month": "2012-05",
            "price": "18.22",
            "revenue": 31048
        },
        "2012-06": {
            "month": "2012-06",
            "price": "15.24",
            "revenue": 32617
        },
        "2012-08": {
            "month": "2012-08",
            "price": "14.01",
            "revenue": 31451
        },
        "2012-09": {
            "month": "2012-09",
            "price": "13.96",
            "revenue": 27433
        },
        "2012-10": {
            "month": "2012-10",
            "price": "14.14",
            "revenue": 30748
        },
        "2012-11": {
            "month": "2012-11",
            "price": "15.45",
            "revenue": 30233
        },
        "2012-12": {
            "month": "2012-12",
            "price": "15.08",
            "revenue": 35327
        },
        "2013-01": {
            "month": "2013-01",
            "price": "17.03",
            "revenue": 33969
        },
        "2013-02": {
            "month": "2013-02",
            "price": "17.61",
            "revenue": 25764
        },
        "2013-03": {
            "month": "2013-03",
            "price": "18.80",
            "revenue": 34511
        },
        "2013-04": {
            "month": "2013-04",
            "price": "21.39",
            "revenue": 30537
        },
        "2013-05": {
            "month": "2013-05",
            "price": "24.78",
            "revenue": 34537
        },
        "2013-06": {
            "month": "2013-06",
            "price": "25.92",
            "revenue": 32654
        },
        "2013-07": {
            "month": "2013-07",
            "price": "24.68",
            "revenue": 28333
        },
        "2013-08": {
            "month": "2013-08",
            "price": "25.19",
            "revenue": 30813
        },
        "2013-09": {
            "month": "2013-09",
            "price": "23.24",
            "revenue": 30136
        },
        "2013-10": {
            "month": "2013-10",
            "price": "22.14",
            "revenue": 32779
        },
        "2013-11": {
            "month": "2013-11",
            "price": "19.77",
            "revenue": 22360
        },
        "2013-12": {
            "month": "2013-12",
            "price": "19.72",
            "revenue": 26273
        },
        "2014-01": {
            "month": "2014-01",
            "price": "20.12",
            "revenue": 32183
        },
        "2014-02": {
            "month": "2014-02",
            "price": "20.69",
            "revenue": 22400
        },
        "2014-03": {
            "month": "2014-03",
            "price": "21.91",
            "revenue": 30688
        },
        "2014-04": {
            "month": "2014-04",
            "price": "22.26",
            "revenue": 26721
        },
        "2014-05": {
            "month": "2014-05",
            "price": "19.21",
            "revenue": 33559
        },
        "2014-06": {
            "month": "2014-06",
            "price": "19.98",
            "revenue": 28874
        },
        "2014-07": {
            "month": "2014-07",
            "price": "19.24",
            "revenue": 30612
        },
        "2014-08": {
            "month": "2014-08",
            "price": "17.01",
            "revenue": 32652
        },
        "2014-09": {
            "month": "2014-09",
            "price": "16.74",
            "revenue": 24105
        },
        "2014-10": {
            "month": "2014-10",
            "price": "14.90",
            "revenue": 31535
        },
        "2014-11": {
            "month": "2014-11",
            "price": "13.94",
            "revenue": 33144
        },
        "2014-12": {
            "month": "2014-12",
            "price": "14.74",
            "revenue": 33145
        },
        "2015-01": {
            "month": "2015-01",
            "price": "15.73",
            "revenue": 33643
        },
        "2015-02": {
            "month": "2015-02",
            "price": "15.38",
            "revenue": 23882
        },
        "2015-03": {
            "month": "2015-03",
            "price": "15.62",
            "revenue": 36458
        },
        "2015-04": {
            "month": "2015-04",
            "price": "18.00",
            "revenue": 29121
        },
        "2015-05": {
            "month": "2015-05",
            "price": "16.50",
            "revenue": 30937
        },
        "2015-06": {
            "month": "2015-06",
            "price": "16.36",
            "revenue": 32998
        },
        "2015-07": {
            "month": "2015-07",
            "price": "17.27",
            "revenue": 29789
        },
        "2015-08": {
            "month": "2015-08",
            "price": "15.89",
            "revenue": 33230
        },
        "2015-09": {
            "month": "2015-09",
            "price": "14.92",
            "revenue": 29212
        },
        "2015-10": {
            "month": "2015-10",
            "price": "14.87",
            "revenue": 21824
        },
        "2015-11": {
            "month": "2015-11",
            "price": "14.55",
            "revenue": 22790
        },
        "2015-12": {
            "month": "2015-12",
            "price": "14.23",
            "revenue": 36102
        },
        "2016-01": {
            "month": "2016-01",
            "price": "13.88",
            "revenue": 30371
        },
        "2016-02": {
            "month": "2016-02",
            "price": "14.25",
            "revenue": 29984
        },
        "2016-03": {
            "month": "2016-03",
            "price": "16.11",
            "revenue": 43108
        },
        "2016-04": {
            "month": "2016-04",
            "price": "16.57",
            "revenue": 39839
        },
        "2016-05": {
            "month": "2016-05",
            "price": "14.46",
            "revenue": 41859
        },
        "2016-06": {
            "month": "2016-06",
            "price": "14.71",
            "revenue": 36066
        },
        "2016-07": {
            "month": "2016-07",
            "price": "15.52",
            "revenue": 36624
        },
        "2016-08": {
            "month": "2016-08",
            "price": "14.41",
            "revenue": 41363
        },
        "2016-09": {
            "month": "2016-09",
            "price": "13.85",
            "revenue": 37788
        },
        "2016-10": {
            "month": "2016-10",
            "price": "13.81",
            "revenue": 43167
        },
        "2016-11": {
            "month": "2016-11",
            "price": "13.64",
            "revenue": 37134
        },
        "2016-12": {
            "month": "2016-12",
            "price": "13.68",
            "revenue": 52652
        },
        "2017-01": {
            "month": "2017-01",
            "price": "14.33",
            "revenue": 39194
        },
        "2017-02": {
            "month": "2017-02",
            "price": "14.38",
            "revenue": 28413
        },
        "2017-03": {
            "month": "2017-03",
            "price": "13.90",
            "revenue": 46092
        },
        "2017-04": {
            "month": "2017-04",
            "price": "13.43",
            "revenue": 42314
        },
        "2017-05": {
            "month": "2017-05",
            "price": "13.01",
            "revenue": 42722
        },
        "2017-06": {
            "month": "2017-06",
            "price": "13.26",
            "revenue": 55465
        },
        "2017-07": {
            "month": "2017-07",
            "price": "13.96",
            "revenue": 43192
        },
        "2017-08": {
            "month": "2017-08",
            "price": "13.53",
            "revenue": 49147
        },
        "2017-09": {
            "month": "2017-09",
            "price": "13.76",
            "revenue": 45256
        },
        "2017-10": {
            "month": "2017-10",
            "price": "13.51",
            "revenue": 44663
        },
        "2017-11": {
            "month": "2017-11",
            "price": "13.39",
            "revenue": 53397
        },
        "2017-12": {
            "month": "2017-12",
            "price": "13.04",
            "revenue": 55478
        },
        "2018-01": {
            "month": "2018-01",
            "price": "13.09",
            "revenue": 42749
        },
        "2018-02": {
            "month": "2018-02",
            "price": "12.92",
            "revenue": 30771
        },
        "2018-03": {
            "month": "2018-03",
            "price": "12.36",
            "revenue": 49496
        },
        "2018-04": {
            "month": "2018-04",
            "price": "12.60",
            "revenue": 45132
        },
        "2018-05": {
            "month": "2018-05",
            "price": "12.30",
            "revenue": 50489
        },
        "2018-06": {
            "month": "2018-06",
            "price": "12.19",
            "revenue": 50426
        },
        "2018-07": {
            "month": "2018-07",
            "price": "11.63",
            "revenue": 46443
        },
        "2018-08": {
            "month": "2018-08",
            "price": "10.99",
            "revenue": 41990
        },
        "2018-09": {
            "month": "2018-09",
            "price": "11.33",
            "revenue": 57253
        },
        "2018-10": {
            "month": "2018-10",
            "price": "11.55",
            "revenue": 42266
        },
        "2018-11": {
            "month": "2018-11",
            "price": "11.37",
            "revenue": 49836
        },
        "2018-12": {
            "month": "2018-12",
            "price": "11.60",
            "revenue": 52954
        },
        "2019-01": {
            "month": "2019-01",
            "price": "13.26",
            "revenue": 42936
        },
        "2019-02": {
            "month": "2019-02",
            "price": "16.17",
            "revenue": 30078
        },
        "2019-03": {
            "month": "2019-03",
            "price": "14.59",
            "revenue": 43054
        },
        "2019-04": {
            "month": "2019-04",
            "price": "13.15",
            "revenue": 49422
        },
        "2019-05": {
            "month": "2019-05",
            "price": "13.43",
            "revenue": 48817
        },
        "2019-06": {
            "month": "2019-06",
            "price": "14.78",
            "revenue": 43721
        },
        "2019-07": {
            "month": "2019-07",
            "price": "14.86",
            "revenue": 41328
        },
        "2019-08": {
            "month": "2019-08",
            "price": "15.41",
            "revenue": 39917
        },
        "2019-09": {
            "month": "2019-09",
            "price": "15.24",
            "revenue": 47409
        },
        "2019-10": {
            "month": "2019-10",
            "price": "15.02",
            "revenue": 41900
        },
        "2019-11": {
            "month": "2019-11",
            "price": "14.45",
            "revenue": 48803
        },
        "2019-12": {
            "month": "2019-12",
            "price": "12.94",
            "revenue": 58786
        },
        "2020-01": {
            "month": "2020-01",
            "price": "12.50",
            "revenue": 32477
        },
        "2020-02": {
            "month": "2020-02",
            "price": "12.37",
            "revenue": 26366
        },
        "2020-03": {
            "month": "2020-03",
            "price": "10.26",
            "revenue": 38705
        },
        "2020-04": {
            "month": "2020-04",
            "price": "9.45",
            "revenue": 26873
        },
        "2020-05": {
            "month": "2020-05",
            "price": "9.94",
            "revenue": 35321
        },
        "2020-06": {
            "month": "2020-06",
            "price": "12.04",
            "revenue": 38624
        },
        "2020-07": {
            "month": "2020-07",
            "price": "12.58",
            "revenue": 40596
        },
        "2020-08": {
            "month": "2020-08",
            "price": "12.11",
            "revenue": 41040
        },
        "2020-09": {
            "month": "2020-09",
            "price": "13.10",
            "revenue": 48507
        },
        "2020-10": {
            "month": "2020-10",
            "price": "15.08",
            "revenue": 45925
        },
        "2020-11": {
            "month": "2020-11",
            "price": "14.40",
            "revenue": 57172
        },
        "2020-12": {
            "month": "2020-12",
            "price": "14.06",
            "revenue": 54988
        },
        "2021-01": {
            "month": "2021-01",
            "price": "14.08",
            "revenue": 54499
        },
        "2021-02": {
            "month": "2021-02",
            "price": "15.99",
            "revenue": 46587
        },
        "2021-03": {
            "month": "2021-03",
            "price": "16.15",
            "revenue": 46580
        },
        "2021-04": {
            "month": "2021-04",
            "price": "18.12",
            "revenue": 62465
        },
        "2021-05": {
            "month": "2021-05",
            "price": "15.71",
            "revenue": 66813
        },
        "2021-06": {
            "month": "2021-06",
            "price": "15.52",
            "revenue": 77029
        },
        "2021-07": {
            "month": "2021-07",
            "price": "16.03",
            "revenue": 46656
        },
        "2021-08": {
            "month": "2021-08",
            "price": "14.93",
            "revenue": 38065
        },
        "2021-09": {
            "month": "2021-09",
            "price": "14.11",
            "revenue": 41030
        },
        "2021-10": {
            "month": "2021-10",
            "price": "13.81",
            "revenue": 41038
        },
        "2021-11": {
            "month": "2021-11",
            "price": "13.43",
            "revenue": 47344
        },
        "2021-12": {
            "month": "2021-12",
            "price": "13.73",
            "revenue": 47500
        },
        "2022-01": {
            "month": "2022-01",
            "price": "15.02",
            "revenue": 39960
        },
        "2022-02": {
            "month": "2022-02",
            "price": "14.70",
            "revenue": 40068
        },
        "2022-03": {
            "month": "2022-03",
            "price": "15.56",
            "revenue": 38002
        },
        "2022-04": {
            "month": "2022-04",
            "price": "16.15",
            "revenue": 43174
        },
        "2022-05": {
            "month": "2022-05",
            "price": "18.00",
            "revenue": 31311
        },
        "2022-06": {
            "month": "2022-06",
            "price": "19.99",
            "revenue": 40265
        },
        "2022-07": {
            "month": "2022-07",
            "price": "19.84",
            "revenue": 46885
        },
        "2022-08": {
            "month": "2022-08",
            "price": "24.91",
            "revenue": 53485
        },
        "2022-09": {
            "month": "2022-09",
            "price": "33.86",
            "revenue": 37643
        },
        "2022-10": {
            "month": "2022-10",
            "price": "27.49",
            "revenue": 42806
        },
        "2022-11": {
            "month": "2022-11",
            "price": "28.61",
            "revenue": 46546
        },
        "2022-12": {
            "month": "2022-12",
            "price": "30.11",
            "revenue": 48496
        },
        "2023-01": {
            "month": "2023-01",
            "price": "40.62",
            "revenue": 24269
        },
        "2023-02": {
            "month": "2023-02",
            "price": "57.29",
            "revenue": 46763
        },
        "2023-03": {
            "month": "2023-03",
            "price": "77.53",
            "revenue": 42343
        },
        "2023-04": {
            "month": "2023-04",
            "price": "81.96",
            "revenue": 37370
        },
        "2023-05": {
            "month": "2023-05",
            "price": "82.34",
            "revenue": 48556
        },
        "2023-06": {
            "month": "2023-06",
            "price": "85.85",
            "revenue": 43011
        },
        "2023-07": {
            "month": "2023-07",
            "price": "112.46",
            "revenue": 65598
        },
        "2023-08": {
            "month": "2023-08",
            "price": "101.17",
            "revenue": 59293
        },
        "2023-09": {
            "month": "2023-09",
            "price": "100.63",
            "revenue": 62200
        },
        "2023-10": {
            "month": "2023-10",
            "price": "109.96",
            "revenue": 66590
        },
        "2023-11": {
            "month": "2023-11",
            "price": "137.95",
            "revenue": 83624
        },
        "2023-12": {
            "month": "2023-12",
            "price": "163.02",
            "revenue": 78829
        }
    }
}
