{
    "summary": {
        "stock_name": "為升",
        "stock_id": "2231",
        "category": "汽車",
        "main_business": "汽車及其零件製造<br>汽、機車零件配備批發<br>汽、機車零件配備零售",
        "website_url": "http://www.cubelec.com",
        "ceo": "尤山泉",
        "pe_ratio": 38,
        "report_year_from": 2007,
        "report_year_to": 2023,
        "age": 17,
        "eps_negative_percentage": 0,
        "eps_growth_avg": {
            "last_all": 12.35,
            "last_2y": 27.68,
            "last_4y": -1.77,
            "last_8y": -1.4,
            "last_12y": 11.3,
            "last_16y": null,
            "last_20y": null,
            "at_2006_last_3y": null,
            "at_2007_last_3y": null,
            "at_2008_last_3y": null,
            "at_2009_last_3y": null,
            "at_2010_last_3y": null,
            "at_2011_last_3y": -1.94,
            "at_2012_last_3y": 24.31,
            "at_2013_last_3y": 23.07,
            "at_2014_last_3y": 39.87,
            "at_2015_last_3y": 63.36,
            "at_2016_last_3y": 37.95,
            "at_2017_last_3y": 21.78,
            "at_2018_last_3y": -0.95,
            "at_2019_last_3y": -13.93,
            "at_2020_last_3y": -29.54,
            "at_2021_last_3y": 0.38,
            "at_2022_last_3y": 6.18,
            "at_2023_last_3y": 1.89,
            "at_2024_last_3y": 1.89,
            "at_2006_last_all": null,
            "at_2007_last_all": null,
            "at_2008_last_all": null,
            "at_2009_last_all": 16.78,
            "at_2010_last_all": 16.89,
            "at_2011_last_all": -1.94,
            "at_2012_last_all": 16.16,
            "at_2013_last_all": 20.98,
            "at_2014_last_all": 30.02,
            "at_2015_last_all": 30.71,
            "at_2016_last_all": 25.85,
            "at_2017_last_all": 21.3,
            "at_2018_last_all": 18.76,
            "at_2019_last_all": 15.83,
            "at_2020_last_all": 8.81,
            "at_2021_last_all": 15.32,
            "at_2022_last_all": 15.4,
            "at_2023_last_all": 12.35,
            "at_2024_last_all": 12.35
        },
        "latest_eps": 3.15,
        "latest_price": 120,
        "latest_roe": 6.11,
        "latest_gross_margin": 29.85,
        "latest_equity": 5236131,
        "latest_revenue": 1069365,
        "latest_gross_profit": 319190,
        "latest_net_income": -56615,
        "latest_debt_ratio": 48.93,
        "latest_current_ratio": 250.57,
        "latest_account_receivable_turnover_ratio": 0.55,
        "latest_inventory_turnover_ratio": 0.6,
        "latest_reinvestment_rate": 34.92,
        "latest_research_to_sale_ratio": 13.62
    },
    "eps_dividends": {
        "2001": {
            "cash": 0,
            "stock": 0,
            "eps": 0
        },
        "2002": {
            "cash": 0,
            "stock": 0,
            "eps": 0
        },
        "2003": {
            "cash": 0,
            "stock": 0,
            "eps": 0
        },
        "2004": {
            "cash": 0,
            "stock": 0,
            "eps": 0
        },
        "2005": {
            "cash": 0,
            "stock": 0,
            "eps": 0
        },
        "2006": {
            "cash": 0,
            "stock": 0,
            "eps": 0
        },
        "2007": {
            "cash": 0,
            "stock": 0,
            "eps": 3.59
        },
        "2008": {
            "cash": 2,
            "stock": 0.3,
            "eps": 3
        },
        "2009": {
            "cash": 2,
            "stock": 0,
            "eps": 4.5
        },
        "2010": {
            "cash": 1,
            "stock": 2.23,
            "eps": 5.27
        },
        "2011": {
            "cash": 5.99,
            "stock": 0,
            "eps": 2.19
        },
        "2012": {
            "cash": 0,
            "stock": 0,
            "eps": 4.13
        },
        "2013": {
            "cash": 4,
            "stock": 0,
            "eps": 5.99
        },
        "2014": {
            "cash": 6,
            "stock": 1.5,
            "eps": 11.04
        },
        "2015": {
            "cash": 8,
            "stock": 1.5,
            "eps": 14.96
        },
        "2016": {
            "cash": 9,
            "stock": 1,
            "eps": 13.01
        },
        "2017": {
            "cash": 8.5,
            "stock": 1,
            "eps": 10.45
        },
        "2018": {
            "cash": 7.47,
            "stock": 1.3,
            "eps": 9.76
        },
        "2019": {
            "cash": 7.8,
            "stock": 0.5,
            "eps": 8.16
        },
        "2020": {
            "cash": 6.8,
            "stock": 0.2,
            "eps": 2
        },
        "2021": {
            "cash": 1.2,
            "stock": 0,
            "eps": 4.22
        },
        "2022": {
            "cash": 1,
            "stock": 1,
            "eps": 4.92
        },
        "2023": {
            "cash": 2.3,
            "stock": 0.5,
            "eps": 3.27
        },
        "2024": {
            "cash": 3,
            "stock": 0,
            "eps": 0
        }
    },
    "dividends": {
        "2008-04-17": {
            "cash": 2,
            "stock": 0.3
        },
        "2009-04-14": {
            "cash": 2,
            "stock": 0
        },
        "2010-03-05": {
            "cash": 1,
            "stock": 2.23
        },
        "2011-01-01": {
            "cash": 1.99,
            "stock": 0
        },
        "2011-03-14": {
            "cash": 4,
            "stock": 0
        },
        "2013-03-12": {
            "cash": 4,
            "stock": 0
        },
        "2014-09-05": {
            "cash": 6,
            "stock": 1.5
        },
        "2015-10-28": {
            "cash": 8,
            "stock": 1.5
        },
        "2016-08-17": {
            "cash": 9,
            "stock": 1
        },
        "2017-11-02": {
            "cash": 8.5,
            "stock": 1
        },
        "2018-08-10": {
            "cash": 7.47,
            "stock": 1.3
        },
        "2019-07-10": {
            "cash": 7.8,
            "stock": 0.5
        },
        "2020-08-06": {
            "cash": 6.8,
            "stock": 0.2
        },
        "2021-10-20": {
            "cash": 1.2,
            "stock": 0
        },
        "2022-07-08": {
            "cash": 1,
            "stock": 1
        },
        "2023-09-28": {
            "cash": 2.3,
            "stock": 0.5
        },
        "2024-03-04": {
            "cash": 3,
            "stock": 0
        }
    },
    "prices": {
        "200101": "無",
        "200102": "無",
        "200103": "無",
        "200104": "無",
        "200105": "無",
        "200106": "無",
        "200107": "無",
        "200108": "無",
        "200109": "無",
        "200110": "無",
        "200111": "無",
        "200112": "無",
        "200201": "無",
        "200202": "無",
        "200203": "無",
        "200204": "無",
        "200205": "無",
        "200206": "無",
        "200207": "無",
        "200208": "無",
        "200209": "無",
        "200210": "無",
        "200211": "無",
        "200212": "無",
        "200301": "無",
        "200302": "無",
        "200303": "無",
        "200304": "無",
        "200305": "無",
        "200306": "無",
        "200307": "無",
        "200308": "無",
        "200309": "無",
        "200310": "無",
        "200311": "無",
        "200312": "無",
        "200401": "無",
        "200402": "無",
        "200403": "無",
        "200404": "無",
        "200405": "無",
        "200406": "無",
        "200407": "無",
        "200408": "無",
        "200409": "無",
        "200410": "無",
        "200411": "無",
        "200412": "無",
        "200501": "無",
        "200502": "無",
        "200503": "無",
        "200504": "無",
        "200505": "無",
        "200506": "無",
        "200507": "無",
        "200508": "無",
        "200509": "無",
        "200510": "無",
        "200511": "無",
        "200512": "無",
        "200601": "無",
        "200602": "無",
        "200603": "無",
        "200604": "無",
        "200605": "無",
        "200606": "無",
        "200607": "無",
        "200608": "無",
        "200609": "無",
        "200610": "無",
        "200611": "無",
        "200612": "無",
        "200701": "無",
        "200702": "無",
        "200703": "無",
        "200704": "無",
        "200705": "無",
        "200706": "無",
        "200707": "無",
        "200708": "無",
        "200709": "無",
        "200710": "無",
        "200711": "66.73",
        "200712": "62.90",
        "200801": "57.47",
        "200802": "54.16",
        "200803": "58.83",
        "200804": "60.72",
        "200805": "61.07",
        "200806": "59.75",
        "200807": "60.05",
        "200808": "58.20",
        "200809": "51.80",
        "200810": "38.62",
        "200811": "31.96",
        "200812": "28.63",
        "200901": "26.03",
        "200902": "26.05",
        "200903": "29.03",
        "200904": "33.13",
        "200905": "37.77",
        "200906": "36.60",
        "200907": "37.33",
        "200908": "50.56",
        "200909": "57.32",
        "200910": "70.81",
        "200911": "70.23",
        "200912": "69.85",
        "201001": "64.98",
        "201002": "60.88",
        "201003": "72.48",
        "201004": "83.17",
        "201005": "77.97",
        "201006": "78.56",
        "201007": "93.01",
        "201008": "90.34",
        "201009": "83.71",
        "201010": "88.41",
        "201011": "93.76",
        "201012": "92.32",
        "201101": "81.64",
        "201102": "71.15",
        "201103": "75.69",
        "201104": "75.42",
        "201105": "71.06",
        "201106": "66.51",
        "201107": "62.84",
        "201108": "51.71",
        "201109": "42.31",
        "201110": "38.70",
        "201111": "40.19",
        "201112": "35.78",
        "201201": "35.60",
        "201202": "42.95",
        "201203": "52.88",
        "201204": "48.36",
        "201205": "43.43",
        "201206": "41.31",
        "201207": "45.33",
        "201208": "52.34",
        "201209": "57.70",
        "201210": "58.41",
        "201211": "62.53",
        "201212": "68.77",
        "201301": "71.27",
        "201302": "70.96",
        "201303": "70.46",
        "201304": "78.10",
        "201305": "84.76",
        "201306": "79.70",
        "201307": "84.34",
        "201308": "98.33",
        "201309": "103.26",
        "201310": "98.97",
        "201311": "99.73",
        "201312": "128.75",
        "201401": "131.92",
        "201402": "164.18",
        "201403": "219.31",
        "201404": "249.62",
        "201405": "279.95",
        "201406": "345.88",
        "201407": "378.50",
        "201408": "293.38",
        "201409": "331.64",
        "201410": "333.82",
        "201411": "300.35",
        "201412": "304.17",
        "201501": "305.28",
        "201502": "340.08",
        "201503": "351.64",
        "201504": "376.10",
        "201505": "395.70",
        "201506": "394.14",
        "201507": "352.00",
        "201508": "344.26",
        "201509": "373.48",
        "201510": "391.14",
        "201511": "388.55",
        "201512": "395.11",
        "201601": "372.48",
        "201602": "384.92",
        "201603": "382.26",
        "201604": "399.82",
        "201605": "363.62",
        "201606": "342.19",
        "201607": "371.95",
        "201608": "384.98",
        "201609": "366.53",
        "201610": "314.95",
        "201611": "261.73",
        "201612": "255.18",
        "201701": "250.72",
        "201702": "261.92",
        "201703": "255.54",
        "201704": "289.06",
        "201705": "330.88",
        "201706": "372.80",
        "201707": "379.00",
        "201708": "366.96",
        "201709": "363.50",
        "201710": "319.68",
        "201711": "303.73",
        "201712": "287.86",
        "201801": "293.93",
        "201802": "327.62",
        "201803": "396.39",
        "201804": "420.44",
        "201805": "364.73",
        "201806": "364.75",
        "201807": "358.09",
        "201808": "281.17",
        "201809": "237.58",
        "201810": "192.64",
        "201811": "212.00",
        "201812": "245.93",
        "201901": "250.00",
        "201902": "298.85",
        "201903": "311.98",
        "201904": "288.50",
        "201905": "274.09",
        "201906": "262.16",
        "201907": "270.91",
        "201908": "281.19",
        "201909": "263.63",
        "201910": "256.95",
        "201911": "241.02",
        "201912": "243.34",
        "202001": "243.77",
        "202002": "212.79",
        "202003": "141.02",
        "202004": "132.62",
        "202005": "152.15",
        "202006": "155.78",
        "202007": "139.07",
        "202008": "135.07",
        "202009": "166.45",
        "202010": "164.89",
        "202011": "193.29",
        "202012": "203.20",
        "202101": "197.55",
        "202102": "194.88",
        "202103": "221.18",
        "202104": "247.03",
        "202105": "203.29",
        "202106": "197.48",
        "202107": "184.34",
        "202108": "163.45",
        "202109": "147.92",
        "202110": "155.05",
        "202111": "169.05",
        "202112": "182.68",
        "202201": "183.28",
        "202202": "171.47",
        "202203": "151.89",
        "202204": "145.47",
        "202205": "143.86",
        "202206": "141.45",
        "202207": "135.67",
        "202208": "149.33",
        "202209": "167.31",
        "202210": "145.30",
        "202211": "141.36",
        "202212": "146.98",
        "202301": "140.08",
        "202302": "158.92",
        "202303": "169.89",
        "202304": "182.18",
        "202305": "170.09",
        "202306": "168.22",
        "202307": "158.95",
        "202308": "146.66",
        "202309": "143.62",
        "202310": "136.52",
        "202311": "135.09",
        "202312": "134.74",
        "202401": "130.84",
        "202402": "129.31",
        "202403": "119.52",
        "202404": "無"
    },
    "quarters": {
        "20011": {
            "year_quarter": 20011,
            "year": 2001,
            "quarter": 1,
            "eps": null,
            "eps_growth_year": null,
            "eps_4q": null,
            "eps_4q_growth_year": null,
            "roe": null,
            "roe_4q": 0,
            "gross_profit": null,
            "gross_margin": null,
            "gross_margin_4q_avg": 0,
            "net_income": null,
            "net_income_4q": null,
            "revenue": null,
            "revenue_4q": null,
            "common_shares": null,
            "book_valuer_per_share": null,
            "book_valuer_per_share_4q_avg": 0,
            "equity": null,
            "current_ratio": null,
            "debt_ratio": null,
            "inventory_turnover_ratio": null,
            "account_receivable_turnover_ratio": null,
            "reinvestment_rate": null,
            "research_to_sale_ratio": null,
            "price_fair": 0,
            "eps_avg_yearly": 0,
            "eps_latest_yearly": 0,
            "eps_growth_yearly": 0
        },
        "20012": {
            "year_quarter": 20012,
            "year": 2001,
            "quarter": 2,
            "eps": null,
            "eps_growth_year": null,
            "eps_4q": null,
            "eps_4q_growth_year": null,
            "roe": null,
            "roe_4q": 0,
            "gross_profit": null,
            "gross_margin": null,
            "gross_margin_4q_avg": 0,
            "net_income": null,
            "net_income_4q": null,
            "revenue": null,
            "revenue_4q": null,
            "common_shares": null,
            "book_valuer_per_share": null,
            "book_valuer_per_share_4q_avg": 0,
            "equity": null,
            "current_ratio": null,
            "debt_ratio": null,
            "inventory_turnover_ratio": null,
            "account_receivable_turnover_ratio": null,
            "reinvestment_rate": null,
            "research_to_sale_ratio": null,
            "price_fair": 0,
            "eps_avg_yearly": 0,
            "eps_latest_yearly": 0,
            "eps_growth_yearly": 0
        },
        "20013": {
            "year_quarter": 20013,
            "year": 2001,
            "quarter": 3,
            "eps": null,
            "eps_growth_year": null,
            "eps_4q": null,
            "eps_4q_growth_year": null,
            "roe": null,
            "roe_4q": 0,
            "gross_profit": null,
            "gross_margin": null,
            "gross_margin_4q_avg": 0,
            "net_income": null,
            "net_income_4q": null,
            "revenue": null,
            "revenue_4q": null,
            "common_shares": null,
            "book_valuer_per_share": null,
            "book_valuer_per_share_4q_avg": 0,
            "equity": null,
            "current_ratio": null,
            "debt_ratio": null,
            "inventory_turnover_ratio": null,
            "account_receivable_turnover_ratio": null,
            "reinvestment_rate": null,
            "research_to_sale_ratio": null,
            "price_fair": 0,
            "eps_avg_yearly": 0,
            "eps_latest_yearly": 0,
            "eps_growth_yearly": 0
        },
        "20014": {
            "year_quarter": 20014,
            "year": 2001,
            "quarter": 4,
            "eps": null,
            "eps_growth_year": null,
            "eps_4q": null,
            "eps_4q_growth_year": null,
            "roe": null,
            "roe_4q": 0,
            "gross_profit": null,
            "gross_margin": null,
            "gross_margin_4q_avg": 0,
            "net_income": null,
            "net_income_4q": null,
            "revenue": null,
            "revenue_4q": null,
            "common_shares": null,
            "book_valuer_per_share": null,
            "book_valuer_per_share_4q_avg": 0,
            "equity": null,
            "current_ratio": null,
            "debt_ratio": null,
            "inventory_turnover_ratio": null,
            "account_receivable_turnover_ratio": null,
            "reinvestment_rate": null,
            "research_to_sale_ratio": null,
            "price_fair": 0,
            "eps_avg_yearly": 0,
            "eps_latest_yearly": 0,
            "eps_growth_yearly": 0
        },
        "20021": {
            "year_quarter": 20021,
            "year": 2002,
            "quarter": 1,
            "eps": null,
            "eps_growth_year": null,
            "eps_4q": null,
            "eps_4q_growth_year": null,
            "roe": null,
            "roe_4q": 0,
            "gross_profit": null,
            "gross_margin": null,
            "gross_margin_4q_avg": 0,
            "net_income": null,
            "net_income_4q": null,
            "revenue": null,
            "revenue_4q": null,
            "common_shares": null,
            "book_valuer_per_share": null,
            "book_valuer_per_share_4q_avg": 0,
            "equity": null,
            "current_ratio": null,
            "debt_ratio": null,
            "inventory_turnover_ratio": null,
            "account_receivable_turnover_ratio": null,
            "reinvestment_rate": null,
            "research_to_sale_ratio": null,
            "price_fair": 0,
            "eps_avg_yearly": 0,
            "eps_latest_yearly": 0,
            "eps_growth_yearly": 0
        },
        "20022": {
            "year_quarter": 20022,
            "year": 2002,
            "quarter": 2,
            "eps": null,
            "eps_growth_year": null,
            "eps_4q": null,
            "eps_4q_growth_year": null,
            "roe": null,
            "roe_4q": 0,
            "gross_profit": null,
            "gross_margin": null,
            "gross_margin_4q_avg": 0,
            "net_income": null,
            "net_income_4q": null,
            "revenue": null,
            "revenue_4q": null,
            "common_shares": null,
            "book_valuer_per_share": null,
            "book_valuer_per_share_4q_avg": 0,
            "equity": null,
            "current_ratio": null,
            "debt_ratio": null,
            "inventory_turnover_ratio": null,
            "account_receivable_turnover_ratio": null,
            "reinvestment_rate": null,
            "research_to_sale_ratio": null,
            "price_fair": 0,
            "eps_avg_yearly": 0,
            "eps_latest_yearly": 0,
            "eps_growth_yearly": 0
        },
        "20023": {
            "year_quarter": 20023,
            "year": 2002,
            "quarter": 3,
            "eps": null,
            "eps_growth_year": null,
            "eps_4q": null,
            "eps_4q_growth_year": null,
            "roe": null,
            "roe_4q": 0,
            "gross_profit": null,
            "gross_margin": null,
            "gross_margin_4q_avg": 0,
            "net_income": null,
            "net_income_4q": null,
            "revenue": null,
            "revenue_4q": null,
            "common_shares": null,
            "book_valuer_per_share": null,
            "book_valuer_per_share_4q_avg": 0,
            "equity": null,
            "current_ratio": null,
            "debt_ratio": null,
            "inventory_turnover_ratio": null,
            "account_receivable_turnover_ratio": null,
            "reinvestment_rate": null,
            "research_to_sale_ratio": null,
            "price_fair": 0,
            "eps_avg_yearly": 0,
            "eps_latest_yearly": 0,
            "eps_growth_yearly": 0
        },
        "20024": {
            "year_quarter": 20024,
            "year": 2002,
            "quarter": 4,
            "eps": null,
            "eps_growth_year": null,
            "eps_4q": null,
            "eps_4q_growth_year": null,
            "roe": null,
            "roe_4q": 0,
            "gross_profit": null,
            "gross_margin": null,
            "gross_margin_4q_avg": 0,
            "net_income": null,
            "net_income_4q": null,
            "revenue": null,
            "revenue_4q": null,
            "common_shares": 15000,
            "book_valuer_per_share": 14.89,
            "book_valuer_per_share_4q_avg": 3.72,
            "equity": 22329,
            "current_ratio": 95.45,
            "debt_ratio": 78.3,
            "inventory_turnover_ratio": null,
            "account_receivable_turnover_ratio": null,
            "reinvestment_rate": null,
            "research_to_sale_ratio": null,
            "price_fair": 0,
            "eps_avg_yearly": 0,
            "eps_latest_yearly": 0,
            "eps_growth_yearly": 0
        },
        "20031": {
            "year_quarter": 20031,
            "year": 2003,
            "quarter": 1,
            "eps": null,
            "eps_growth_year": null,
            "eps_4q": null,
            "eps_4q_growth_year": null,
            "roe": null,
            "roe_4q": 0,
            "gross_profit": null,
            "gross_margin": null,
            "gross_margin_4q_avg": 0,
            "net_income": null,
            "net_income_4q": null,
            "revenue": null,
            "revenue_4q": null,
            "common_shares": null,
            "book_valuer_per_share": null,
            "book_valuer_per_share_4q_avg": 3.72,
            "equity": null,
            "current_ratio": null,
            "debt_ratio": null,
            "inventory_turnover_ratio": null,
            "account_receivable_turnover_ratio": null,
            "reinvestment_rate": null,
            "research_to_sale_ratio": null,
            "price_fair": 0,
            "eps_avg_yearly": 0,
            "eps_latest_yearly": 0,
            "eps_growth_yearly": 0
        },
        "20032": {
            "year_quarter": 20032,
            "year": 2003,
            "quarter": 2,
            "eps": null,
            "eps_growth_year": null,
            "eps_4q": null,
            "eps_4q_growth_year": null,
            "roe": null,
            "roe_4q": 0,
            "gross_profit": null,
            "gross_margin": null,
            "gross_margin_4q_avg": 0,
            "net_income": null,
            "net_income_4q": null,
            "revenue": null,
            "revenue_4q": null,
            "common_shares": null,
            "book_valuer_per_share": null,
            "book_valuer_per_share_4q_avg": 3.72,
            "equity": null,
            "current_ratio": null,
            "debt_ratio": null,
            "inventory_turnover_ratio": null,
            "account_receivable_turnover_ratio": null,
            "reinvestment_rate": null,
            "research_to_sale_ratio": null,
            "price_fair": 0,
            "eps_avg_yearly": 0,
            "eps_latest_yearly": 0,
            "eps_growth_yearly": 0
        },
        "20033": {
            "year_quarter": 20033,
            "year": 2003,
            "quarter": 3,
            "eps": null,
            "eps_growth_year": null,
            "eps_4q": null,
            "eps_4q_growth_year": null,
            "roe": null,
            "roe_4q": 0,
            "gross_profit": null,
            "gross_margin": null,
            "gross_margin_4q_avg": 0,
            "net_income": null,
            "net_income_4q": null,
            "revenue": null,
            "revenue_4q": null,
            "common_shares": null,
            "book_valuer_per_share": null,
            "book_valuer_per_share_4q_avg": 3.72,
            "equity": null,
            "current_ratio": null,
            "debt_ratio": null,
            "inventory_turnover_ratio": null,
            "account_receivable_turnover_ratio": null,
            "reinvestment_rate": null,
            "research_to_sale_ratio": null,
            "price_fair": 0,
            "eps_avg_yearly": 0,
            "eps_latest_yearly": 0,
            "eps_growth_yearly": 0
        },
        "20034": {
            "year_quarter": 20034,
            "year": 2003,
            "quarter": 4,
            "eps": null,
            "eps_growth_year": null,
            "eps_4q": null,
            "eps_4q_growth_year": null,
            "roe": null,
            "roe_4q": 0,
            "gross_profit": null,
            "gross_margin": null,
            "gross_margin_4q_avg": 0,
            "net_income": null,
            "net_income_4q": null,
            "revenue": null,
            "revenue_4q": null,
            "common_shares": 15000,
            "book_valuer_per_share": 14.36,
            "book_valuer_per_share_4q_avg": 3.59,
            "equity": 21536,
            "current_ratio": 80.77,
            "debt_ratio": 85.66,
            "inventory_turnover_ratio": null,
            "account_receivable_turnover_ratio": null,
            "reinvestment_rate": null,
            "research_to_sale_ratio": null,
            "price_fair": 0,
            "eps_avg_yearly": 0,
            "eps_latest_yearly": 0,
            "eps_growth_yearly": 0
        },
        "20041": {
            "year_quarter": 20041,
            "year": 2004,
            "quarter": 1,
            "eps": null,
            "eps_growth_year": null,
            "eps_4q": null,
            "eps_4q_growth_year": null,
            "roe": null,
            "roe_4q": 0,
            "gross_profit": null,
            "gross_margin": null,
            "gross_margin_4q_avg": 0,
            "net_income": null,
            "net_income_4q": null,
            "revenue": null,
            "revenue_4q": null,
            "common_shares": null,
            "book_valuer_per_share": null,
            "book_valuer_per_share_4q_avg": 3.59,
            "equity": null,
            "current_ratio": null,
            "debt_ratio": null,
            "inventory_turnover_ratio": null,
            "account_receivable_turnover_ratio": null,
            "reinvestment_rate": null,
            "research_to_sale_ratio": null,
            "price_fair": 0,
            "eps_avg_yearly": 0,
            "eps_latest_yearly": 0,
            "eps_growth_yearly": 0
        },
        "20042": {
            "year_quarter": 20042,
            "year": 2004,
            "quarter": 2,
            "eps": null,
            "eps_growth_year": null,
            "eps_4q": null,
            "eps_4q_growth_year": null,
            "roe": null,
            "roe_4q": 0,
            "gross_profit": null,
            "gross_margin": null,
            "gross_margin_4q_avg": 0,
            "net_income": null,
            "net_income_4q": null,
            "revenue": null,
            "revenue_4q": null,
            "common_shares": null,
            "book_valuer_per_share": null,
            "book_valuer_per_share_4q_avg": 3.59,
            "equity": null,
            "current_ratio": null,
            "debt_ratio": null,
            "inventory_turnover_ratio": null,
            "account_receivable_turnover_ratio": null,
            "reinvestment_rate": null,
            "research_to_sale_ratio": null,
            "price_fair": 0,
            "eps_avg_yearly": 0,
            "eps_latest_yearly": 0,
            "eps_growth_yearly": 0
        },
        "20043": {
            "year_quarter": 20043,
            "year": 2004,
            "quarter": 3,
            "eps": null,
            "eps_growth_year": null,
            "eps_4q": null,
            "eps_4q_growth_year": null,
            "roe": null,
            "roe_4q": 0,
            "gross_profit": null,
            "gross_margin": null,
            "gross_margin_4q_avg": 0,
            "net_income": null,
            "net_income_4q": null,
            "revenue": null,
            "revenue_4q": null,
            "common_shares": null,
            "book_valuer_per_share": null,
            "book_valuer_per_share_4q_avg": 3.59,
            "equity": null,
            "current_ratio": null,
            "debt_ratio": null,
            "inventory_turnover_ratio": null,
            "account_receivable_turnover_ratio": null,
            "reinvestment_rate": null,
            "research_to_sale_ratio": null,
            "price_fair": 0,
            "eps_avg_yearly": 0,
            "eps_latest_yearly": 0,
            "eps_growth_yearly": 0
        },
        "20044": {
            "year_quarter": 20044,
            "year": 2004,
            "quarter": 4,
            "eps": null,
            "eps_growth_year": null,
            "eps_4q": null,
            "eps_4q_growth_year": null,
            "roe": null,
            "roe_4q": 0,
            "gross_profit": null,
            "gross_margin": null,
            "gross_margin_4q_avg": 0,
            "net_income": null,
            "net_income_4q": null,
            "revenue": null,
            "revenue_4q": null,
            "common_shares": 31000,
            "book_valuer_per_share": 69.1,
            "book_valuer_per_share_4q_avg": 17.28,
            "equity": 214209,
            "current_ratio": 141.38,
            "debt_ratio": 44.21,
            "inventory_turnover_ratio": null,
            "account_receivable_turnover_ratio": null,
            "reinvestment_rate": null,
            "research_to_sale_ratio": null,
            "price_fair": 0,
            "eps_avg_yearly": 0,
            "eps_latest_yearly": 0,
            "eps_growth_yearly": 0
        },
        "20051": {
            "year_quarter": 20051,
            "year": 2005,
            "quarter": 1,
            "eps": null,
            "eps_growth_year": null,
            "eps_4q": null,
            "eps_4q_growth_year": null,
            "roe": null,
            "roe_4q": 0,
            "gross_profit": null,
            "gross_margin": null,
            "gross_margin_4q_avg": 0,
            "net_income": null,
            "net_income_4q": null,
            "revenue": null,
            "revenue_4q": null,
            "common_shares": null,
            "book_valuer_per_share": null,
            "book_valuer_per_share_4q_avg": 17.28,
            "equity": null,
            "current_ratio": null,
            "debt_ratio": null,
            "inventory_turnover_ratio": null,
            "account_receivable_turnover_ratio": null,
            "reinvestment_rate": null,
            "research_to_sale_ratio": null,
            "price_fair": 0,
            "eps_avg_yearly": 0,
            "eps_latest_yearly": 0,
            "eps_growth_yearly": 0
        },
        "20052": {
            "year_quarter": 20052,
            "year": 2005,
            "quarter": 2,
            "eps": null,
            "eps_growth_year": null,
            "eps_4q": null,
            "eps_4q_growth_year": null,
            "roe": null,
            "roe_4q": 0,
            "gross_profit": null,
            "gross_margin": null,
            "gross_margin_4q_avg": 0,
            "net_income": null,
            "net_income_4q": null,
            "revenue": null,
            "revenue_4q": null,
            "common_shares": null,
            "book_valuer_per_share": null,
            "book_valuer_per_share_4q_avg": 17.28,
            "equity": null,
            "current_ratio": null,
            "debt_ratio": null,
            "inventory_turnover_ratio": null,
            "account_receivable_turnover_ratio": null,
            "reinvestment_rate": null,
            "research_to_sale_ratio": null,
            "price_fair": 0,
            "eps_avg_yearly": 0,
            "eps_latest_yearly": 0,
            "eps_growth_yearly": 0
        },
        "20053": {
            "year_quarter": 20053,
            "year": 2005,
            "quarter": 3,
            "eps": null,
            "eps_growth_year": null,
            "eps_4q": null,
            "eps_4q_growth_year": null,
            "roe": null,
            "roe_4q": 0,
            "gross_profit": null,
            "gross_margin": null,
            "gross_margin_4q_avg": 0,
            "net_income": null,
            "net_income_4q": null,
            "revenue": null,
            "revenue_4q": null,
            "common_shares": null,
            "book_valuer_per_share": null,
            "book_valuer_per_share_4q_avg": 17.28,
            "equity": null,
            "current_ratio": null,
            "debt_ratio": null,
            "inventory_turnover_ratio": null,
            "account_receivable_turnover_ratio": null,
            "reinvestment_rate": null,
            "research_to_sale_ratio": null,
            "price_fair": 0,
            "eps_avg_yearly": 0,
            "eps_latest_yearly": 0,
            "eps_growth_yearly": 0
        },
        "20054": {
            "year_quarter": 20054,
            "year": 2005,
            "quarter": 4,
            "eps": null,
            "eps_growth_year": null,
            "eps_4q": null,
            "eps_4q_growth_year": null,
            "roe": null,
            "roe_4q": 0,
            "gross_profit": null,
            "gross_margin": null,
            "gross_margin_4q_avg": 0,
            "net_income": null,
            "net_income_4q": null,
            "revenue": null,
            "revenue_4q": null,
            "common_shares": 200000,
            "book_valuer_per_share": 18.25,
            "book_valuer_per_share_4q_avg": 4.56,
            "equity": 365050,
            "current_ratio": 104.71,
            "debt_ratio": 52.92,
            "inventory_turnover_ratio": null,
            "account_receivable_turnover_ratio": null,
            "reinvestment_rate": null,
            "research_to_sale_ratio": null,
            "price_fair": 0,
            "eps_avg_yearly": 0,
            "eps_latest_yearly": 0,
            "eps_growth_yearly": 0
        },
        "20061": {
            "year_quarter": 20061,
            "year": 2006,
            "quarter": 1,
            "eps": null,
            "eps_growth_year": null,
            "eps_4q": null,
            "eps_4q_growth_year": null,
            "roe": null,
            "roe_4q": 0,
            "gross_profit": null,
            "gross_margin": null,
            "gross_margin_4q_avg": 0,
            "net_income": null,
            "net_income_4q": null,
            "revenue": null,
            "revenue_4q": null,
            "common_shares": null,
            "book_valuer_per_share": null,
            "book_valuer_per_share_4q_avg": 4.56,
            "equity": null,
            "current_ratio": null,
            "debt_ratio": null,
            "inventory_turnover_ratio": null,
            "account_receivable_turnover_ratio": null,
            "reinvestment_rate": null,
            "research_to_sale_ratio": null,
            "price_fair": 0,
            "eps_avg_yearly": 0,
            "eps_latest_yearly": 0,
            "eps_growth_yearly": 0
        },
        "20062": {
            "year_quarter": 20062,
            "year": 2006,
            "quarter": 2,
            "eps": null,
            "eps_growth_year": null,
            "eps_4q": null,
            "eps_4q_growth_year": null,
            "roe": null,
            "roe_4q": 0,
            "gross_profit": null,
            "gross_margin": null,
            "gross_margin_4q_avg": 0,
            "net_income": null,
            "net_income_4q": null,
            "revenue": null,
            "revenue_4q": null,
            "common_shares": null,
            "book_valuer_per_share": null,
            "book_valuer_per_share_4q_avg": 4.56,
            "equity": null,
            "current_ratio": null,
            "debt_ratio": null,
            "inventory_turnover_ratio": null,
            "account_receivable_turnover_ratio": null,
            "reinvestment_rate": null,
            "research_to_sale_ratio": null,
            "price_fair": 0,
            "eps_avg_yearly": 0,
            "eps_latest_yearly": 0,
            "eps_growth_yearly": 0
        },
        "20063": {
            "year_quarter": 20063,
            "year": 2006,
            "quarter": 3,
            "eps": null,
            "eps_growth_year": null,
            "eps_4q": null,
            "eps_4q_growth_year": null,
            "roe": null,
            "roe_4q": 0,
            "gross_profit": null,
            "gross_margin": null,
            "gross_margin_4q_avg": 0,
            "net_income": null,
            "net_income_4q": null,
            "revenue": null,
            "revenue_4q": null,
            "common_shares": null,
            "book_valuer_per_share": null,
            "book_valuer_per_share_4q_avg": 4.56,
            "equity": null,
            "current_ratio": null,
            "debt_ratio": null,
            "inventory_turnover_ratio": null,
            "account_receivable_turnover_ratio": null,
            "reinvestment_rate": null,
            "research_to_sale_ratio": null,
            "price_fair": 0,
            "eps_avg_yearly": 0,
            "eps_latest_yearly": 0,
            "eps_growth_yearly": 0
        },
        "20064": {
            "year_quarter": 20064,
            "year": 2006,
            "quarter": 4,
            "eps": null,
            "eps_growth_year": null,
            "eps_4q": null,
            "eps_4q_growth_year": null,
            "roe": null,
            "roe_4q": 0,
            "gross_profit": null,
            "gross_margin": null,
            "gross_margin_4q_avg": 0,
            "net_income": null,
            "net_income_4q": null,
            "revenue": null,
            "revenue_4q": null,
            "common_shares": 301360,
            "book_valuer_per_share": 16.87,
            "book_valuer_per_share_4q_avg": 4.22,
            "equity": 508297,
            "current_ratio": 136.58,
            "debt_ratio": 47.18,
            "inventory_turnover_ratio": null,
            "account_receivable_turnover_ratio": null,
            "reinvestment_rate": null,
            "research_to_sale_ratio": null,
            "price_fair": 0,
            "eps_avg_yearly": 0,
            "eps_latest_yearly": 0,
            "eps_growth_yearly": 0
        },
        "20071": {
            "year_quarter": 20071,
            "year": 2007,
            "quarter": 1,
            "eps": 1.18,
            "eps_growth_year": null,
            "eps_4q": null,
            "eps_4q_growth_year": null,
            "roe": 6.74,
            "roe_4q": 6.74,
            "gross_profit": 65671,
            "gross_margin": 37.62,
            "gross_margin_4q_avg": 9.41,
            "net_income": 35467,
            "net_income_4q": null,
            "revenue": 174543,
            "revenue_4q": null,
            "common_shares": 301360,
            "book_valuer_per_share": 18.04,
            "book_valuer_per_share_4q_avg": 8.73,
            "equity": 543764,
            "current_ratio": 143.19,
            "debt_ratio": 40.88,
            "inventory_turnover_ratio": 1.02,
            "account_receivable_turnover_ratio": null,
            "reinvestment_rate": null,
            "research_to_sale_ratio": null,
            "price_fair": 0,
            "eps_avg_yearly": 0,
            "eps_latest_yearly": 0,
            "eps_growth_yearly": 0
        },
        "20072": {
            "year_quarter": 20072,
            "year": 2007,
            "quarter": 2,
            "eps": 1.28,
            "eps_growth_year": null,
            "eps_4q": null,
            "eps_4q_growth_year": null,
            "roe": 9.7,
            "roe_4q": 16.439999999999998,
            "gross_profit": 89240,
            "gross_margin": 39.73,
            "gross_margin_4q_avg": 19.34,
            "net_income": 54920,
            "net_income_4q": null,
            "revenue": 224609,
            "revenue_4q": null,
            "common_shares": 428599,
            "book_valuer_per_share": 13.73,
            "book_valuer_per_share_4q_avg": 12.16,
            "equity": 588345,
            "current_ratio": 180.5,
            "debt_ratio": 41.41,
            "inventory_turnover_ratio": 1.18,
            "account_receivable_turnover_ratio": null,
            "reinvestment_rate": null,
            "research_to_sale_ratio": null,
            "price_fair": 179.2,
            "eps_avg_yearly": 5.12,
            "eps_latest_yearly": 5.12,
            "eps_growth_yearly": 33.9
        },
        "20073": {
            "year_quarter": 20073,
            "year": 2007,
            "quarter": 3,
            "eps": 0.59,
            "eps_growth_year": null,
            "eps_4q": null,
            "eps_4q_growth_year": null,
            "roe": 4.22,
            "roe_4q": 20.659999999999997,
            "gross_profit": 67582,
            "gross_margin": 36.96,
            "gross_margin_4q_avg": 28.58,
            "net_income": 25389,
            "net_income_4q": null,
            "revenue": 182842,
            "revenue_4q": null,
            "common_shares": 428599,
            "book_valuer_per_share": 14.35,
            "book_valuer_per_share_4q_avg": 15.75,
            "equity": 615020,
            "current_ratio": 179.3,
            "debt_ratio": 38.2,
            "inventory_turnover_ratio": 1.01,
            "account_receivable_turnover_ratio": null,
            "reinvestment_rate": null,
            "research_to_sale_ratio": null,
            "price_fair": 11.22,
            "eps_avg_yearly": 3.74,
            "eps_latest_yearly": 2.36,
            "eps_growth_yearly": -90.86
        },
        "20074": {
            "year_quarter": 20074,
            "year": 2007,
            "quarter": 4,
            "eps": 0.54,
            "eps_growth_year": null,
            "eps_4q": 3.26,
            "eps_4q_growth_year": null,
            "roe": 3.66,
            "roe_4q": 24.32,
            "gross_profit": 73648,
            "gross_margin": 33.61,
            "gross_margin_4q_avg": 36.98,
            "net_income": 23001,
            "net_income_4q": null,
            "revenue": 219112,
            "revenue_4q": null,
            "common_shares": 428599,
            "book_valuer_per_share": 14.96,
            "book_valuer_per_share_4q_avg": 15.27,
            "equity": 641188,
            "current_ratio": 131.31,
            "debt_ratio": 44.89,
            "inventory_turnover_ratio": 1.1,
            "account_receivable_turnover_ratio": null,
            "reinvestment_rate": null,
            "research_to_sale_ratio": null,
            "price_fair": 9.64,
            "eps_avg_yearly": 3.21,
            "eps_latest_yearly": 2.16,
            "eps_growth_yearly": -71.88
        },
        "20081": {
            "year_quarter": 20081,
            "year": 2008,
            "quarter": 1,
            "eps": 0.53,
            "eps_growth_year": -55.08,
            "eps_4q": 2.94,
            "eps_4q_growth_year": null,
            "roe": 3.49,
            "roe_4q": 21.07,
            "gross_profit": 73815,
            "gross_margin": 35.82,
            "gross_margin_4q_avg": 36.53,
            "net_income": 22713,
            "net_income_4q": null,
            "revenue": 206094,
            "revenue_4q": null,
            "common_shares": 428599,
            "book_valuer_per_share": 15.4,
            "book_valuer_per_share_4q_avg": 14.61,
            "equity": 660179,
            "current_ratio": 122.04,
            "debt_ratio": 39.27,
            "inventory_turnover_ratio": 0.86,
            "account_receivable_turnover_ratio": null,
            "reinvestment_rate": null,
            "research_to_sale_ratio": null,
            "price_fair": 8.82,
            "eps_avg_yearly": 2.94,
            "eps_latest_yearly": 2.12,
            "eps_growth_yearly": -55.76
        },
        "20082": {
            "year_quarter": 20082,
            "year": 2008,
            "quarter": 2,
            "eps": 0.66,
            "eps_growth_year": -48.44,
            "eps_4q": 2.31,
            "eps_4q_growth_year": null,
            "roe": 4.5,
            "roe_4q": 15.870000000000001,
            "gross_profit": 71883,
            "gross_margin": 35.36,
            "gross_margin_4q_avg": 35.44,
            "net_income": 28364,
            "net_income_4q": null,
            "revenue": 203278,
            "revenue_4q": null,
            "common_shares": 428599,
            "book_valuer_per_share": 13.99,
            "book_valuer_per_share_4q_avg": 14.68,
            "equity": 599750,
            "current_ratio": 106.25,
            "debt_ratio": 47.14,
            "inventory_turnover_ratio": 0.79,
            "account_receivable_turnover_ratio": null,
            "reinvestment_rate": null,
            "research_to_sale_ratio": null,
            "price_fair": 8.64,
            "eps_avg_yearly": 2.88,
            "eps_latest_yearly": 2.64,
            "eps_growth_yearly": -24.98
        },
        "20083": {
            "year_quarter": 20083,
            "year": 2008,
            "quarter": 3,
            "eps": 1.06,
            "eps_growth_year": 79.66,
            "eps_4q": 2.7,
            "eps_4q_growth_year": null,
            "roe": 7.6,
            "roe_4q": 19.25,
            "gross_profit": 88447,
            "gross_margin": 37.6,
            "gross_margin_4q_avg": 35.6,
            "net_income": 47784,
            "net_income_4q": null,
            "revenue": 235214,
            "revenue_4q": null,
            "common_shares": 451447,
            "book_valuer_per_share": 14.56,
            "book_valuer_per_share_4q_avg": 14.73,
            "equity": 657112,
            "current_ratio": 93.65,
            "debt_ratio": 46.42,
            "inventory_turnover_ratio": 0.85,
            "account_receivable_turnover_ratio": null,
            "reinvestment_rate": null,
            "research_to_sale_ratio": null,
            "price_fair": 91.91,
            "eps_avg_yearly": 3.11,
            "eps_latest_yearly": 4.24,
            "eps_growth_yearly": 19.58
        },
        "20084": {
            "year_quarter": 20084,
            "year": 2008,
            "quarter": 4,
            "eps": 0.75,
            "eps_growth_year": 38.89,
            "eps_4q": 2.94,
            "eps_4q_growth_year": -9.81,
            "roe": 5.01,
            "roe_4q": 20.6,
            "gross_profit": 72233,
            "gross_margin": 36.16,
            "gross_margin_4q_avg": 36.24,
            "net_income": 33878,
            "net_income_4q": null,
            "revenue": 199780,
            "revenue_4q": null,
            "common_shares": 451447,
            "book_valuer_per_share": 15.39,
            "book_valuer_per_share_4q_avg": 14.84,
            "equity": 694933,
            "current_ratio": 133.32,
            "debt_ratio": 44.26,
            "inventory_turnover_ratio": 0.87,
            "account_receivable_turnover_ratio": 2.05,
            "reinvestment_rate": null,
            "research_to_sale_ratio": null,
            "price_fair": 30.91,
            "eps_avg_yearly": 3.09,
            "eps_latest_yearly": 3,
            "eps_growth_yearly": 0.07
        },
        "20091": {
            "year_quarter": 20091,
            "year": 2009,
            "quarter": 1,
            "eps": 0.93,
            "eps_growth_year": 75.47,
            "eps_4q": 3.34,
            "eps_4q_growth_year": 13.71,
            "roe": 5.57,
            "roe_4q": 22.68,
            "gross_profit": 77405,
            "gross_margin": 41.18,
            "gross_margin_4q_avg": 37.58,
            "net_income": 42391,
            "net_income_4q": null,
            "revenue": 187973,
            "revenue_4q": null,
            "common_shares": 490447,
            "book_valuer_per_share": 16.86,
            "book_valuer_per_share_4q_avg": 15.2,
            "equity": 827067,
            "current_ratio": 163.22,
            "debt_ratio": 37.38,
            "inventory_turnover_ratio": 0.8,
            "account_receivable_turnover_ratio": 1.08,
            "reinvestment_rate": null,
            "research_to_sale_ratio": null,
            "price_fair": 69.95,
            "eps_avg_yearly": 3.17,
            "eps_latest_yearly": 3.72,
            "eps_growth_yearly": 12.07
        },
        "20092": {
            "year_quarter": 20092,
            "year": 2009,
            "quarter": 2,
            "eps": 0.7,
            "eps_growth_year": 6.06,
            "eps_4q": 3.32,
            "eps_4q_growth_year": 43.44,
            "roe": 4.18,
            "roe_4q": 22.36,
            "gross_profit": 93499,
            "gross_margin": 40.51,
            "gross_margin_4q_avg": 38.86,
            "net_income": 33146,
            "net_income_4q": null,
            "revenue": 230792,
            "revenue_4q": null,
            "common_shares": 490447,
            "book_valuer_per_share": 15.47,
            "book_valuer_per_share_4q_avg": 15.57,
            "equity": 758577,
            "current_ratio": 139.05,
            "debt_ratio": 45.31,
            "inventory_turnover_ratio": 1.01,
            "account_receivable_turnover_ratio": 1.32,
            "reinvestment_rate": null,
            "research_to_sale_ratio": null,
            "price_fair": 9.39,
            "eps_avg_yearly": 3.13,
            "eps_latest_yearly": 2.8,
            "eps_growth_yearly": -0.27
        },
        "20093": {
            "year_quarter": 20093,
            "year": 2009,
            "quarter": 3,
            "eps": 1.5,
            "eps_growth_year": 41.51,
            "eps_4q": 3.78,
            "eps_4q_growth_year": 39.92,
            "roe": 9.07,
            "roe_4q": 23.83,
            "gross_profit": 133657,
            "gross_margin": 45.52,
            "gross_margin_4q_avg": 40.84,
            "net_income": 71908,
            "net_income_4q": null,
            "revenue": 293627,
            "revenue_4q": null,
            "common_shares": 490447,
            "book_valuer_per_share": 16.87,
            "book_valuer_per_share_4q_avg": 16.15,
            "equity": 827185,
            "current_ratio": 189.94,
            "debt_ratio": 38.09,
            "inventory_turnover_ratio": 1.28,
            "account_receivable_turnover_ratio": 1.34,
            "reinvestment_rate": null,
            "research_to_sale_ratio": null,
            "price_fair": 119.56,
            "eps_avg_yearly": 3.42,
            "eps_latest_yearly": 6,
            "eps_growth_yearly": 45.47
        },
        "20094": {
            "year_quarter": 20094,
            "year": 2009,
            "quarter": 4,
            "eps": 1.37,
            "eps_growth_year": 82.67,
            "eps_4q": 4.35,
            "eps_4q_growth_year": 48.2,
            "roe": 7.68,
            "roe_4q": 26.5,
            "gross_profit": 125292,
            "gross_margin": 43.77,
            "gross_margin_4q_avg": 42.75,
            "net_income": 66143,
            "net_income_4q": null,
            "revenue": 286235,
            "revenue_4q": null,
            "common_shares": 490447,
            "book_valuer_per_share": 18.23,
            "book_valuer_per_share_4q_avg": 16.86,
            "equity": 894191,
            "current_ratio": 184.59,
            "debt_ratio": 34.38,
            "inventory_turnover_ratio": 1.18,
            "account_receivable_turnover_ratio": 2.52,
            "reinvestment_rate": null,
            "research_to_sale_ratio": null,
            "price_fair": 126.13,
            "eps_avg_yearly": 3.6,
            "eps_latest_yearly": 5.48,
            "eps_growth_yearly": 38.19
        },
        "20101": {
            "year_quarter": 20101,
            "year": 2010,
            "quarter": 1,
            "eps": 1.51,
            "eps_growth_year": 62.37,
            "eps_4q": 5,
            "eps_4q_growth_year": 49.63,
            "roe": 7.96,
            "roe_4q": 28.89,
            "gross_profit": 129568,
            "gross_margin": 43.89,
            "gross_margin_4q_avg": 43.42,
            "net_income": 74183,
            "net_income_4q": null,
            "revenue": 295224,
            "revenue_4q": null,
            "common_shares": 490447,
            "book_valuer_per_share": 19.76,
            "book_valuer_per_share_4q_avg": 17.58,
            "equity": 969006,
            "current_ratio": 189.11,
            "debt_ratio": 28.02,
            "inventory_turnover_ratio": 1.11,
            "account_receivable_turnover_ratio": 1.27,
            "reinvestment_rate": null,
            "research_to_sale_ratio": 3.84,
            "price_fair": 133.23,
            "eps_avg_yearly": 3.81,
            "eps_latest_yearly": 6.04,
            "eps_growth_yearly": 38.41
        },
        "20102": {
            "year_quarter": 20102,
            "year": 2010,
            "quarter": 2,
            "eps": 1.7,
            "eps_growth_year": 143.54,
            "eps_4q": 5.24,
            "eps_4q_growth_year": 57.9,
            "roe": 10.24,
            "roe_4q": 34.95,
            "gross_profit": 160478,
            "gross_margin": 45.4,
            "gross_margin_4q_avg": 44.65,
            "net_income": 102285,
            "net_income_4q": null,
            "revenue": 353454,
            "revenue_4q": null,
            "common_shares": 490447,
            "book_valuer_per_share": 20.97,
            "book_valuer_per_share_4q_avg": 18.96,
            "equity": 1028362,
            "current_ratio": 194.58,
            "debt_ratio": 30.67,
            "inventory_turnover_ratio": 1.21,
            "account_receivable_turnover_ratio": 1.23,
            "reinvestment_rate": null,
            "research_to_sale_ratio": 3.35,
            "price_fair": 141.29,
            "eps_avg_yearly": 4.04,
            "eps_latest_yearly": 6.8,
            "eps_growth_yearly": 39.33
        },
        "20103": {
            "year_quarter": 20103,
            "year": 2010,
            "quarter": 3,
            "eps": 1.22,
            "eps_growth_year": -18.53,
            "eps_4q": 5.27,
            "eps_4q_growth_year": 39.21,
            "roe": 6.89,
            "roe_4q": 32.769999999999996,
            "gross_profit": 143596,
            "gross_margin": 44.96,
            "gross_margin_4q_avg": 44.51,
            "net_income": 73322,
            "net_income_4q": null,
            "revenue": 319399,
            "revenue_4q": null,
            "common_shares": 600000,
            "book_valuer_per_share": 18.33,
            "book_valuer_per_share_4q_avg": 19.32,
            "equity": 1100009,
            "current_ratio": 223.92,
            "debt_ratio": 23.52,
            "inventory_turnover_ratio": 1.01,
            "account_receivable_turnover_ratio": 1.04,
            "reinvestment_rate": null,
            "research_to_sale_ratio": 4.42,
            "price_fair": 143.4,
            "eps_avg_yearly": 4.1,
            "eps_latest_yearly": 4.88,
            "eps_growth_yearly": 28.45
        },
        "20104": {
            "year_quarter": 20104,
            "year": 2010,
            "quarter": 4,
            "eps": 0.84,
            "eps_growth_year": -38.81,
            "eps_4q": 5,
            "eps_4q_growth_year": 14.85,
            "roe": 4.49,
            "roe_4q": 29.58,
            "gross_profit": 121406,
            "gross_margin": 44.36,
            "gross_margin_4q_avg": 44.65,
            "net_income": 50299,
            "net_income_4q": null,
            "revenue": 273658,
            "revenue_4q": null,
            "common_shares": 600000,
            "book_valuer_per_share": 19.01,
            "book_valuer_per_share_4q_avg": 19.52,
            "equity": 1140805,
            "current_ratio": 240.73,
            "debt_ratio": 20.75,
            "inventory_turnover_ratio": 0.75,
            "account_receivable_turnover_ratio": 1.07,
            "reinvestment_rate": 42.71,
            "research_to_sale_ratio": 5.21,
            "price_fair": 114.36,
            "eps_avg_yearly": 4.05,
            "eps_latest_yearly": 3.36,
            "eps_growth_yearly": 18.25
        },
        "20111": {
            "year_quarter": 20111,
            "year": 2011,
            "quarter": 1,
            "eps": 0.78,
            "eps_growth_year": -48.34,
            "eps_4q": 4.54,
            "eps_4q_growth_year": -9.18,
            "roe": 4.01,
            "roe_4q": 25.630000000000003,
            "gross_profit": 92852,
            "gross_margin": 35.81,
            "gross_margin_4q_avg": 42.63,
            "net_income": 46731,
            "net_income_4q": null,
            "revenue": 259297,
            "revenue_4q": null,
            "common_shares": 600000,
            "book_valuer_per_share": 19.87,
            "book_valuer_per_share_4q_avg": 19.55,
            "equity": 1192325,
            "current_ratio": 275.71,
            "debt_ratio": 18.34,
            "inventory_turnover_ratio": 0.79,
            "account_receivable_turnover_ratio": 1.18,
            "reinvestment_rate": 65.5,
            "research_to_sale_ratio": 5.19,
            "price_fair": 101.04,
            "eps_avg_yearly": 3.99,
            "eps_latest_yearly": 3.12,
            "eps_growth_yearly": 15.32
        },
        "20112": {
            "year_quarter": 20112,
            "year": 2011,
            "quarter": 2,
            "eps": 0.22,
            "eps_growth_year": -87.02,
            "eps_4q": 3.06,
            "eps_4q_growth_year": -41.62,
            "roe": 1.22,
            "roe_4q": 16.61,
            "gross_profit": 82917,
            "gross_margin": 32.81,
            "gross_margin_4q_avg": 39.49,
            "net_income": 13278,
            "net_income_4q": null,
            "revenue": 252717,
            "revenue_4q": null,
            "common_shares": 600000,
            "book_valuer_per_share": 16.07,
            "book_valuer_per_share_4q_avg": 18.32,
            "equity": 990006,
            "current_ratio": 144.93,
            "debt_ratio": 36.03,
            "inventory_turnover_ratio": 0.77,
            "account_receivable_turnover_ratio": 1.06,
            "reinvestment_rate": 85.51,
            "research_to_sale_ratio": 5.73,
            "price_fair": 11.18,
            "eps_avg_yearly": 3.73,
            "eps_latest_yearly": 0.88,
            "eps_growth_yearly": -4.74
        },
        "20113": {
            "year_quarter": 20113,
            "year": 2011,
            "quarter": 3,
            "eps": 0.82,
            "eps_growth_year": -32.96,
            "eps_4q": 2.66,
            "eps_4q_growth_year": -49.53,
            "roe": 4.89,
            "roe_4q": 14.61,
            "gross_profit": 97002,
            "gross_margin": 33.38,
            "gross_margin_4q_avg": 36.59,
            "net_income": 50113,
            "net_income_4q": null,
            "revenue": 290564,
            "revenue_4q": null,
            "common_shares": 600000,
            "book_valuer_per_share": 17.18,
            "book_valuer_per_share_4q_avg": 18.03,
            "equity": 1058556,
            "current_ratio": 144.65,
            "debt_ratio": 31.62,
            "inventory_turnover_ratio": 0.78,
            "account_receivable_turnover_ratio": 1.08,
            "reinvestment_rate": 85,
            "research_to_sale_ratio": 4.79,
            "price_fair": 132.39,
            "eps_avg_yearly": 3.78,
            "eps_latest_yearly": 3.28,
            "eps_growth_yearly": 76.91
        },
        "20114": {
            "year_quarter": 20114,
            "year": 2011,
            "quarter": 4,
            "eps": 0.37,
            "eps_growth_year": -56.26,
            "eps_4q": 2.19,
            "eps_4q_growth_year": -56.29,
            "roe": 2.09,
            "roe_4q": 12.209999999999999,
            "gross_profit": 95754,
            "gross_margin": 33.65,
            "gross_margin_4q_avg": 33.91,
            "net_income": 22402,
            "net_income_4q": null,
            "revenue": 284577,
            "revenue_4q": null,
            "common_shares": 600000,
            "book_valuer_per_share": 17.55,
            "book_valuer_per_share_4q_avg": 17.67,
            "equity": 1083514,
            "current_ratio": 267.66,
            "debt_ratio": 26.55,
            "inventory_turnover_ratio": 0.74,
            "account_receivable_turnover_ratio": 1.13,
            "reinvestment_rate": 52.85,
            "research_to_sale_ratio": 5.06,
            "price_fair": 130.9,
            "eps_avg_yearly": 3.74,
            "eps_latest_yearly": 1.48,
            "eps_growth_yearly": 65.31
        },
        "20121": {
            "year_quarter": 20121,
            "year": 2012,
            "quarter": 1,
            "eps": 0.75,
            "eps_growth_year": -3.85,
            "eps_4q": 2.15,
            "eps_4q_growth_year": -52.76,
            "roe": 4.17,
            "roe_4q": 12.37,
            "gross_profit": 102685,
            "gross_margin": 35.39,
            "gross_margin_4q_avg": 33.81,
            "net_income": 46249,
            "net_income_4q": null,
            "revenue": 290184,
            "revenue_4q": null,
            "common_shares": 602780,
            "book_valuer_per_share": 18.28,
            "book_valuer_per_share_4q_avg": 17.27,
            "equity": 1133479,
            "current_ratio": 255.71,
            "debt_ratio": 21.16,
            "inventory_turnover_ratio": 0.73,
            "account_receivable_turnover_ratio": 1.27,
            "reinvestment_rate": 51.93,
            "research_to_sale_ratio": 4.21,
            "price_fair": 132.83,
            "eps_avg_yearly": 3.8,
            "eps_latest_yearly": 3,
            "eps_growth_yearly": 91.45
        },
        "20122": {
            "year_quarter": 20122,
            "year": 2012,
            "quarter": 2,
            "eps": 1.16,
            "eps_growth_year": 425.92,
            "eps_4q": 3.09,
            "eps_4q_growth_year": 0.9,
            "roe": 6.38,
            "roe_4q": 17.53,
            "gross_profit": 134007,
            "gross_margin": 37.31,
            "gross_margin_4q_avg": 34.93,
            "net_income": 70855,
            "net_income_4q": null,
            "revenue": 359180,
            "revenue_4q": null,
            "common_shares": 603475,
            "book_valuer_per_share": 17.51,
            "book_valuer_per_share_4q_avg": 17.63,
            "equity": 1089307,
            "current_ratio": 188.38,
            "debt_ratio": 26.9,
            "inventory_turnover_ratio": 0.89,
            "account_receivable_turnover_ratio": 1.35,
            "reinvestment_rate": 49.46,
            "research_to_sale_ratio": 3.98,
            "price_fair": 137.2,
            "eps_avg_yearly": 3.92,
            "eps_latest_yearly": 4.64,
            "eps_growth_yearly": 98.99
        },
        "20123": {
            "year_quarter": 20123,
            "year": 2012,
            "quarter": 3,
            "eps": 1.09,
            "eps_growth_year": 32.86,
            "eps_4q": 3.36,
            "eps_4q_growth_year": 26.44,
            "roe": 5.89,
            "roe_4q": 18.529999999999998,
            "gross_profit": 138545,
            "gross_margin": 40.15,
            "gross_margin_4q_avg": 36.63,
            "net_income": 66140,
            "net_income_4q": null,
            "revenue": 345088,
            "revenue_4q": null,
            "common_shares": 603825,
            "book_valuer_per_share": 18.62,
            "book_valuer_per_share_4q_avg": 17.99,
            "equity": 1156717,
            "current_ratio": 267.27,
            "debt_ratio": 19.53,
            "inventory_turnover_ratio": 0.82,
            "account_receivable_turnover_ratio": 1.18,
            "reinvestment_rate": 43.34,
            "research_to_sale_ratio": 5.69,
            "price_fair": 137.46,
            "eps_avg_yearly": 3.93,
            "eps_latest_yearly": 4.36,
            "eps_growth_yearly": 82.33
        },
        "20124": {
            "year_quarter": 20124,
            "year": 2012,
            "quarter": 4,
            "eps": 1.13,
            "eps_growth_year": 206.97,
            "eps_4q": 4.11,
            "eps_4q_growth_year": 88.19,
            "roe": 5.73,
            "roe_4q": 22.17,
            "gross_profit": 141848,
            "gross_margin": 41.26,
            "gross_margin_4q_avg": 38.53,
            "net_income": 68392,
            "net_income_4q": null,
            "revenue": 343788,
            "revenue_4q": null,
            "common_shares": 605390,
            "book_valuer_per_share": 19.8,
            "book_valuer_per_share_4q_avg": 18.55,
            "equity": 1231142,
            "current_ratio": 252.77,
            "debt_ratio": 18.63,
            "inventory_turnover_ratio": 0.77,
            "account_receivable_turnover_ratio": 1.18,
            "reinvestment_rate": 38.05,
            "research_to_sale_ratio": 5.22,
            "price_fair": 140.79,
            "eps_avg_yearly": 4.02,
            "eps_latest_yearly": 4.52,
            "eps_growth_yearly": 90.56
        },
        "20131": {
            "year_quarter": 20131,
            "year": 2013,
            "quarter": 1,
            "eps": 1.29,
            "eps_growth_year": 72,
            "eps_4q": 4.66,
            "eps_4q_growth_year": 117.04,
            "roe": 6.2,
            "roe_4q": 24.2,
            "gross_profit": 139388,
            "gross_margin": 41.85,
            "gross_margin_4q_avg": 40.14,
            "net_income": 79178,
            "net_income_4q": null,
            "revenue": 333067,
            "revenue_4q": null,
            "common_shares": 605890,
            "book_valuer_per_share": 21.25,
            "book_valuer_per_share_4q_avg": 19.3,
            "equity": 1321539,
            "current_ratio": 282.28,
            "debt_ratio": 17.92,
            "inventory_turnover_ratio": 0.71,
            "account_receivable_turnover_ratio": 1.17,
            "reinvestment_rate": 5.55,
            "research_to_sale_ratio": 5.8,
            "price_fair": 143.94,
            "eps_avg_yearly": 4.11,
            "eps_latest_yearly": 5.16,
            "eps_growth_yearly": 88.1
        },
        "20132": {
            "year_quarter": 20132,
            "year": 2013,
            "quarter": 2,
            "eps": 1.51,
            "eps_growth_year": 29.76,
            "eps_4q": 5.01,
            "eps_4q_growth_year": 62.15,
            "roe": 7.39,
            "roe_4q": 25.21,
            "gross_profit": 159383,
            "gross_margin": 43.8,
            "gross_margin_4q_avg": 41.77,
            "net_income": 92198,
            "net_income_4q": null,
            "revenue": 363867,
            "revenue_4q": null,
            "common_shares": 605890,
            "book_valuer_per_share": 18.84,
            "book_valuer_per_share_4q_avg": 19.63,
            "equity": 1174320,
            "current_ratio": 146.57,
            "debt_ratio": 39.69,
            "inventory_turnover_ratio": 0.74,
            "account_receivable_turnover_ratio": 1.25,
            "reinvestment_rate": 4.46,
            "research_to_sale_ratio": 5.87,
            "price_fair": 151.03,
            "eps_avg_yearly": 4.32,
            "eps_latest_yearly": 6.04,
            "eps_growth_yearly": 98.54
        },
        "20133": {
            "year_quarter": 20133,
            "year": 2013,
            "quarter": 3,
            "eps": 1.25,
            "eps_growth_year": 14.84,
            "eps_4q": 5.17,
            "eps_4q_growth_year": 53.96,
            "roe": 6.28,
            "roe_4q": 25.6,
            "gross_profit": 156381,
            "gross_margin": 42.65,
            "gross_margin_4q_avg": 42.39,
            "net_income": 76321,
            "net_income_4q": null,
            "revenue": 366670,
            "revenue_4q": null,
            "common_shares": 605890,
            "book_valuer_per_share": 20.19,
            "book_valuer_per_share_4q_avg": 20.02,
            "equity": 1256047,
            "current_ratio": 275.45,
            "debt_ratio": 35.1,
            "inventory_turnover_ratio": 0.76,
            "account_receivable_turnover_ratio": 1.16,
            "reinvestment_rate": 4.1,
            "research_to_sale_ratio": 6.36,
            "price_fair": 148.84,
            "eps_avg_yearly": 4.25,
            "eps_latest_yearly": 5,
            "eps_growth_yearly": 65.67
        },
        "20134": {
            "year_quarter": 20134,
            "year": 2013,
            "quarter": 4,
            "eps": 1.94,
            "eps_growth_year": 71.95,
            "eps_4q": 5.94,
            "eps_4q_growth_year": 44.44,
            "roe": 8.82,
            "roe_4q": 28.69,
            "gross_profit": 191698,
            "gross_margin": 44.03,
            "gross_margin_4q_avg": 43.08,
            "net_income": 117946,
            "net_income_4q": null,
            "revenue": 435338,
            "revenue_4q": null,
            "common_shares": 612306,
            "book_valuer_per_share": 22.64,
            "book_valuer_per_share_4q_avg": 20.73,
            "equity": 1418783,
            "current_ratio": 326.98,
            "debt_ratio": 29.04,
            "inventory_turnover_ratio": 0.84,
            "account_receivable_turnover_ratio": 1.17,
            "reinvestment_rate": -17.74,
            "research_to_sale_ratio": 5.45,
            "price_fair": 153.83,
            "eps_avg_yearly": 4.4,
            "eps_latest_yearly": 7.76,
            "eps_growth_yearly": 81.63
        },
        "20141": {
            "year_quarter": 20141,
            "year": 2014,
            "quarter": 1,
            "eps": 2.31,
            "eps_growth_year": 79.07,
            "eps_4q": 6.94,
            "eps_4q_growth_year": 48.93,
            "roe": 9.45,
            "roe_4q": 31.94,
            "gross_profit": 212437,
            "gross_margin": 47.94,
            "gross_margin_4q_avg": 44.61,
            "net_income": 142661,
            "net_income_4q": null,
            "revenue": 443106,
            "revenue_4q": null,
            "common_shares": 616166,
            "book_valuer_per_share": 25.42,
            "book_valuer_per_share_4q_avg": 21.77,
            "equity": 1599727,
            "current_ratio": 361.18,
            "debt_ratio": 25.35,
            "inventory_turnover_ratio": 0.77,
            "account_receivable_turnover_ratio": 0.97,
            "reinvestment_rate": -14.41,
            "research_to_sale_ratio": 4.85,
            "price_fair": 160.83,
            "eps_avg_yearly": 4.6,
            "eps_latest_yearly": 9.24,
            "eps_growth_yearly": 83.85
        },
        "20142": {
            "year_quarter": 20142,
            "year": 2014,
            "quarter": 2,
            "eps": 2.62,
            "eps_growth_year": 73.51,
            "eps_4q": 6.97,
            "eps_4q_growth_year": 39.15,
            "roe": 10.68,
            "roe_4q": 35.23,
            "gross_profit": 264629,
            "gross_margin": 49.01,
            "gross_margin_4q_avg": 45.91,
            "net_income": 163225,
            "net_income_4q": null,
            "revenue": 539997,
            "revenue_4q": null,
            "common_shares": 624011,
            "book_valuer_per_share": 22.86,
            "book_valuer_per_share_4q_avg": 22.78,
            "equity": 1458313,
            "current_ratio": 196.34,
            "debt_ratio": 36.28,
            "inventory_turnover_ratio": 0.9,
            "account_receivable_turnover_ratio": 1.03,
            "reinvestment_rate": -15.6,
            "research_to_sale_ratio": 4.28,
            "price_fair": 168.88,
            "eps_avg_yearly": 4.83,
            "eps_latest_yearly": 10.48,
            "eps_growth_yearly": 84.06
        },
        "20143": {
            "year_quarter": 20143,
            "year": 2014,
            "quarter": 3,
            "eps": 2.73,
            "eps_growth_year": 118.4,
            "eps_4q": 8.63,
            "eps_4q_growth_year": 66.74,
            "roe": 12.42,
            "roe_4q": 41.37,
            "gross_profit": 264332,
            "gross_margin": 50.24,
            "gross_margin_4q_avg": 47.81,
            "net_income": 194558,
            "net_income_4q": null,
            "revenue": 526179,
            "revenue_4q": null,
            "common_shares": 717380,
            "book_valuer_per_share": 22.93,
            "book_valuer_per_share_4q_avg": 23.46,
            "equity": 1675704,
            "current_ratio": 295.5,
            "debt_ratio": 24.09,
            "inventory_turnover_ratio": 0.83,
            "account_receivable_turnover_ratio": 0.85,
            "reinvestment_rate": -10.36,
            "research_to_sale_ratio": 4.95,
            "price_fair": 182.09,
            "eps_avg_yearly": 5.2,
            "eps_latest_yearly": 10.92,
            "eps_growth_yearly": 92.16
        },
        "20144": {
            "year_quarter": 20144,
            "year": 2014,
            "quarter": 4,
            "eps": 3.38,
            "eps_growth_year": 74.79,
            "eps_4q": 10.29,
            "eps_4q_growth_year": 73.24,
            "roe": 13.36,
            "roe_4q": 45.91,
            "gross_profit": 345478,
            "gross_margin": 53.49,
            "gross_margin_4q_avg": 50.17,
            "net_income": 245055,
            "net_income_4q": null,
            "revenue": 645902,
            "revenue_4q": null,
            "common_shares": 723953,
            "book_valuer_per_share": 27.07,
            "book_valuer_per_share_4q_avg": 24.57,
            "equity": 1991701,
            "current_ratio": 340.7,
            "debt_ratio": 18.82,
            "inventory_turnover_ratio": 0.91,
            "account_receivable_turnover_ratio": 1,
            "reinvestment_rate": -4.55,
            "research_to_sale_ratio": 5.45,
            "price_fair": 204.31,
            "eps_avg_yearly": 5.84,
            "eps_latest_yearly": 13.52,
            "eps_growth_yearly": 105.9
        },
        "20151": {
            "year_quarter": 20151,
            "year": 2015,
            "quarter": 1,
            "eps": 3.56,
            "eps_growth_year": 54.11,
            "eps_4q": 11.89,
            "eps_4q_growth_year": 71.38,
            "roe": 12.17,
            "roe_4q": 48.63,
            "gross_profit": 367164,
            "gross_margin": 55.65,
            "gross_margin_4q_avg": 52.1,
            "net_income": 257985,
            "net_income_4q": null,
            "revenue": 659764,
            "revenue_4q": null,
            "common_shares": 724166,
            "book_valuer_per_share": 30.58,
            "book_valuer_per_share_4q_avg": 25.86,
            "equity": 2246612,
            "current_ratio": 368.63,
            "debt_ratio": 18.33,
            "inventory_turnover_ratio": 0.84,
            "account_receivable_turnover_ratio": 1,
            "reinvestment_rate": -5.14,
            "research_to_sale_ratio": 3.96,
            "price_fair": 228.64,
            "eps_avg_yearly": 6.53,
            "eps_latest_yearly": 14.24,
            "eps_growth_yearly": 109.02
        },
        "20152": {
            "year_quarter": 20152,
            "year": 2015,
            "quarter": 2,
            "eps": 3.45,
            "eps_growth_year": 31.68,
            "eps_4q": 11.38,
            "eps_4q_growth_year": 63.38,
            "roe": 11.64,
            "roe_4q": 49.59,
            "gross_profit": 387269,
            "gross_margin": 55.95,
            "gross_margin_4q_avg": 53.83,
            "net_income": 250327,
            "net_income_4q": null,
            "revenue": 692144,
            "revenue_4q": null,
            "common_shares": 724424,
            "book_valuer_per_share": 27.96,
            "book_valuer_per_share_4q_avg": 27.14,
            "equity": 2054867,
            "current_ratio": 213.69,
            "debt_ratio": 31.82,
            "inventory_turnover_ratio": 0.84,
            "account_receivable_turnover_ratio": 0.9,
            "reinvestment_rate": -8.66,
            "research_to_sale_ratio": 4.44,
            "price_fair": 256.9,
            "eps_avg_yearly": 7.34,
            "eps_latest_yearly": 13.8,
            "eps_growth_yearly": 126.2
        },
        "20153": {
            "year_quarter": 20153,
            "year": 2015,
            "quarter": 3,
            "eps": 4.63,
            "eps_growth_year": 69.6,
            "eps_4q": 13.05,
            "eps_4q_growth_year": 51.32,
            "roe": 15.59,
            "roe_4q": 52.76,
            "gross_profit": 396493,
            "gross_margin": 54.29,
            "gross_margin_4q_avg": 54.85,
            "net_income": 337454,
            "net_income_4q": null,
            "revenue": 730276,
            "revenue_4q": null,
            "common_shares": 724861,
            "book_valuer_per_share": 30.93,
            "book_valuer_per_share_4q_avg": 29.14,
            "equity": 2274925,
            "current_ratio": 226.85,
            "debt_ratio": 30.98,
            "inventory_turnover_ratio": 0.91,
            "account_receivable_turnover_ratio": 0.81,
            "reinvestment_rate": -7.7,
            "research_to_sale_ratio": 4.75,
            "price_fair": 290.24,
            "eps_avg_yearly": 8.29,
            "eps_latest_yearly": 18.52,
            "eps_growth_yearly": 66.57
        },
        "20154": {
            "year_quarter": 20154,
            "year": 2015,
            "quarter": 4,
            "eps": 3.32,
            "eps_growth_year": -1.78,
            "eps_4q": 13.43,
            "eps_4q_growth_year": 30.45,
            "roe": 11.49,
            "roe_4q": 50.89,
            "gross_profit": 411237,
            "gross_margin": 55.58,
            "gross_margin_4q_avg": 55.37,
            "net_income": 276334,
            "net_income_4q": null,
            "revenue": 739896,
            "revenue_4q": null,
            "common_shares": 834245,
            "book_valuer_per_share": 30.03,
            "book_valuer_per_share_4q_avg": 29.88,
            "equity": 2537060,
            "current_ratio": 406.07,
            "debt_ratio": 24.09,
            "inventory_turnover_ratio": 0.89,
            "account_receivable_turnover_ratio": 0.78,
            "reinvestment_rate": -7.83,
            "research_to_sale_ratio": 6.55,
            "price_fair": 316.05,
            "eps_avg_yearly": 9.03,
            "eps_latest_yearly": 13.28,
            "eps_growth_yearly": 73.21
        },
        "20161": {
            "year_quarter": 20161,
            "year": 2016,
            "quarter": 1,
            "eps": 3.2,
            "eps_growth_year": -10.11,
            "eps_4q": 13.51,
            "eps_4q_growth_year": 13.64,
            "roe": 9.81,
            "roe_4q": 48.53,
            "gross_profit": 460429,
            "gross_margin": 55.65,
            "gross_margin_4q_avg": 55.37,
            "net_income": 270480,
            "net_income_4q": null,
            "revenue": 827320,
            "revenue_4q": null,
            "common_shares": 836010,
            "book_valuer_per_share": 33.39,
            "book_valuer_per_share_4q_avg": 30.58,
            "equity": 2975033,
            "current_ratio": 211.27,
            "debt_ratio": 37.02,
            "inventory_turnover_ratio": 0.85,
            "account_receivable_turnover_ratio": 0.84,
            "reinvestment_rate": 3.01,
            "research_to_sale_ratio": 5.55,
            "price_fair": 337.49,
            "eps_avg_yearly": 9.64,
            "eps_latest_yearly": 12.8,
            "eps_growth_yearly": 46.63
        },
        "20162": {
            "year_quarter": 20162,
            "year": 2016,
            "quarter": 2,
            "eps": 3.35,
            "eps_growth_year": -2.9,
            "eps_4q": 12.61,
            "eps_4q_growth_year": 10.78,
            "roe": 10.17,
            "roe_4q": 47.06,
            "gross_profit": 489412,
            "gross_margin": 56.15,
            "gross_margin_4q_avg": 55.42,
            "net_income": 279087,
            "net_income_4q": null,
            "revenue": 871575,
            "revenue_4q": null,
            "common_shares": 836431,
            "book_valuer_per_share": 27.88,
            "book_valuer_per_share_4q_avg": 30.56,
            "equity": 2514972,
            "current_ratio": 187.01,
            "debt_ratio": 52.41,
            "inventory_turnover_ratio": 0.76,
            "account_receivable_turnover_ratio": 0.8,
            "reinvestment_rate": 2.31,
            "research_to_sale_ratio": 5.55,
            "price_fair": 356.65,
            "eps_avg_yearly": 10.19,
            "eps_latest_yearly": 13.4,
            "eps_growth_yearly": 34.14
        },
        "20163": {
            "year_quarter": 20163,
            "year": 2016,
            "quarter": 3,
            "eps": 3.12,
            "eps_growth_year": -32.61,
            "eps_4q": 11.8,
            "eps_4q_growth_year": -9.6,
            "roe": 10.07,
            "roe_4q": 41.540000000000006,
            "gross_profit": 499325,
            "gross_margin": 55.46,
            "gross_margin_4q_avg": 55.71,
            "net_income": 270735,
            "net_income_4q": null,
            "revenue": 900379,
            "revenue_4q": null,
            "common_shares": 836431,
            "book_valuer_per_share": 30.74,
            "book_valuer_per_share_4q_avg": 30.51,
            "equity": 2860948,
            "current_ratio": 187.45,
            "debt_ratio": 50.56,
            "inventory_turnover_ratio": 0.82,
            "account_receivable_turnover_ratio": 0.77,
            "reinvestment_rate": 1.73,
            "research_to_sale_ratio": 5.09,
            "price_fair": 374.41,
            "eps_avg_yearly": 10.7,
            "eps_latest_yearly": 12.48,
            "eps_growth_yearly": 33.93
        },
        "20164": {
            "year_quarter": 20164,
            "year": 2016,
            "quarter": 4,
            "eps": 3.34,
            "eps_growth_year": 0.64,
            "eps_4q": 12.13,
            "eps_4q_growth_year": -9.66,
            "roe": 9.62,
            "roe_4q": 39.67,
            "gross_profit": 405745,
            "gross_margin": 49.65,
            "gross_margin_4q_avg": 54.23,
            "net_income": 293611,
            "net_income_4q": null,
            "revenue": 817275,
            "revenue_4q": null,
            "common_shares": 919855,
            "book_valuer_per_share": 31.18,
            "book_valuer_per_share_4q_avg": 30.8,
            "equity": 3242625,
            "current_ratio": 187.01,
            "debt_ratio": 49.59,
            "inventory_turnover_ratio": 0.83,
            "account_receivable_turnover_ratio": 0.74,
            "reinvestment_rate": 2.31,
            "research_to_sale_ratio": 6.95,
            "price_fair": 393.75,
            "eps_avg_yearly": 11.25,
            "eps_latest_yearly": 13.36,
            "eps_growth_yearly": 34.77
        },
        "20171": {
            "year_quarter": 20171,
            "year": 2017,
            "quarter": 1,
            "eps": 1.75,
            "eps_growth_year": -45.31,
            "eps_4q": 10.97,
            "eps_4q_growth_year": -18.81,
            "roe": 4.36,
            "roe_4q": 34.22,
            "gross_profit": 446887,
            "gross_margin": 53.88,
            "gross_margin_4q_avg": 53.79,
            "net_income": 143558,
            "net_income_4q": null,
            "revenue": 829416,
            "revenue_4q": null,
            "common_shares": 919855,
            "book_valuer_per_share": 32.56,
            "book_valuer_per_share_4q_avg": 30.59,
            "equity": 3346755,
            "current_ratio": 212.92,
            "debt_ratio": 45.28,
            "inventory_turnover_ratio": 0.72,
            "account_receivable_turnover_ratio": 0.81,
            "reinvestment_rate": 11.05,
            "research_to_sale_ratio": 6.69,
            "price_fair": 333.38,
            "eps_avg_yearly": 11.37,
            "eps_latest_yearly": 7,
            "eps_growth_yearly": 19.33
        },
        "20172": {
            "year_quarter": 20172,
            "year": 2017,
            "quarter": 2,
            "eps": 3.27,
            "eps_growth_year": -2.39,
            "eps_4q": 10.19,
            "eps_4q_growth_year": -19.22,
            "roe": 9.81,
            "roe_4q": 33.86,
            "gross_profit": 456040,
            "gross_margin": 51.2,
            "gross_margin_4q_avg": 52.55,
            "net_income": 305606,
            "net_income_4q": null,
            "revenue": 890771,
            "revenue_4q": null,
            "common_shares": 919855,
            "book_valuer_per_share": 27.47,
            "book_valuer_per_share_4q_avg": 30.49,
            "equity": 2883359,
            "current_ratio": 195.88,
            "debt_ratio": 46.3,
            "inventory_turnover_ratio": 0.77,
            "account_receivable_turnover_ratio": 0.82,
            "reinvestment_rate": 11.53,
            "research_to_sale_ratio": 6.96,
            "price_fair": 413.18,
            "eps_avg_yearly": 11.81,
            "eps_latest_yearly": 13.08,
            "eps_growth_yearly": 36.78
        },
        "20173": {
            "year_quarter": 20173,
            "year": 2017,
            "quarter": 3,
            "eps": 2.94,
            "eps_growth_year": -5.77,
            "eps_4q": 10.55,
            "eps_4q_growth_year": -10.6,
            "roe": 9.1,
            "roe_4q": 32.89,
            "gross_profit": 468509,
            "gross_margin": 51.22,
            "gross_margin_4q_avg": 51.49,
            "net_income": 275234,
            "net_income_4q": null,
            "revenue": 914656,
            "revenue_4q": null,
            "common_shares": 919855,
            "book_valuer_per_share": 30.82,
            "book_valuer_per_share_4q_avg": 30.51,
            "equity": 3168559,
            "current_ratio": 143.74,
            "debt_ratio": 43.17,
            "inventory_turnover_ratio": 0.82,
            "account_receivable_turnover_ratio": 0.76,
            "reinvestment_rate": 14.97,
            "research_to_sale_ratio": 6.92,
            "price_fair": 427.96,
            "eps_avg_yearly": 12.23,
            "eps_latest_yearly": 11.76,
            "eps_growth_yearly": 38.57
        },
        "20174": {
            "year_quarter": 20174,
            "year": 2017,
            "quarter": 4,
            "eps": 2.49,
            "eps_growth_year": -25.52,
            "eps_4q": 10,
            "eps_4q_growth_year": -17.57,
            "roe": 7,
            "roe_4q": 30.270000000000003,
            "gross_profit": 503182,
            "gross_margin": 56.82,
            "gross_margin_4q_avg": 53.28,
            "net_income": 236549,
            "net_income_4q": null,
            "revenue": 885623,
            "revenue_4q": null,
            "common_shares": 1011840,
            "book_valuer_per_share": 30.37,
            "book_valuer_per_share_4q_avg": 30.31,
            "equity": 3587611,
            "current_ratio": 142.09,
            "debt_ratio": 45.08,
            "inventory_turnover_ratio": 0.72,
            "account_receivable_turnover_ratio": 0.71,
            "reinvestment_rate": 15.93,
            "research_to_sale_ratio": 8.19,
            "price_fair": 382.57,
            "eps_avg_yearly": 12.37,
            "eps_latest_yearly": 9.96,
            "eps_growth_yearly": 20.94
        },
        "20181": {
            "year_quarter": 20181,
            "year": 2018,
            "quarter": 1,
            "eps": 2.4,
            "eps_growth_year": 37.14,
            "eps_4q": 10.77,
            "eps_4q_growth_year": -1.86,
            "roe": 5.86,
            "roe_4q": 31.770000000000003,
            "gross_profit": 471881,
            "gross_margin": 46.5,
            "gross_margin_4q_avg": 51.44,
            "net_income": 220091,
            "net_income_4q": null,
            "revenue": 1014700,
            "revenue_4q": null,
            "common_shares": 1015393,
            "book_valuer_per_share": 33.77,
            "book_valuer_per_share_4q_avg": 30.61,
            "equity": 3920813,
            "current_ratio": 174.54,
            "debt_ratio": 38.19,
            "inventory_turnover_ratio": 0.9,
            "account_receivable_turnover_ratio": 0.8,
            "reinvestment_rate": 22.09,
            "research_to_sale_ratio": 7.35,
            "price_fair": 313.01,
            "eps_avg_yearly": 12.39,
            "eps_latest_yearly": 9.6,
            "eps_growth_yearly": 15.27
        },
        "20182": {
            "year_quarter": 20182,
            "year": 2018,
            "quarter": 2,
            "eps": 3.04,
            "eps_growth_year": -7.03,
            "eps_4q": 9.95,
            "eps_4q_growth_year": -2.33,
            "roe": 9.13,
            "roe_4q": 31.090000000000003,
            "gross_profit": 491970,
            "gross_margin": 47.87,
            "gross_margin_4q_avg": 50.6,
            "net_income": 338926,
            "net_income_4q": null,
            "revenue": 1027700,
            "revenue_4q": null,
            "common_shares": 1015663,
            "book_valuer_per_share": 29.73,
            "book_valuer_per_share_4q_avg": 31.17,
            "equity": 3501338,
            "current_ratio": 129.97,
            "debt_ratio": 44.43,
            "inventory_turnover_ratio": 0.85,
            "account_receivable_turnover_ratio": 0.8,
            "reinvestment_rate": 20.86,
            "research_to_sale_ratio": 7.7,
            "price_fair": 357.03,
            "eps_avg_yearly": 12.49,
            "eps_latest_yearly": 12.16,
            "eps_growth_yearly": 18.58
        },
        "20183": {
            "year_quarter": 20183,
            "year": 2018,
            "quarter": 3,
            "eps": 2.16,
            "eps_growth_year": -26.53,
            "eps_4q": 9.5,
            "eps_4q_growth_year": -9.93,
            "roe": 6.56,
            "roe_4q": 28.55,
            "gross_profit": 483958,
            "gross_margin": 47.59,
            "gross_margin_4q_avg": 49.7,
            "net_income": 238299,
            "net_income_4q": null,
            "revenue": 1016864,
            "revenue_4q": null,
            "common_shares": 1149406,
            "book_valuer_per_share": 28.68,
            "book_valuer_per_share_4q_avg": 30.64,
            "equity": 3766918,
            "current_ratio": 140.6,
            "debt_ratio": 40.58,
            "inventory_turnover_ratio": 0.94,
            "account_receivable_turnover_ratio": 0.85,
            "reinvestment_rate": 19.06,
            "research_to_sale_ratio": 8.12,
            "price_fair": 250.62,
            "eps_avg_yearly": 12.35,
            "eps_latest_yearly": 8.64,
            "eps_growth_yearly": 10.29
        },
        "20184": {
            "year_quarter": 20184,
            "year": 2018,
            "quarter": 4,
            "eps": 2.16,
            "eps_growth_year": -13.44,
            "eps_4q": 9.46,
            "eps_4q_growth_year": -5.35,
            "roe": 6.24,
            "roe_4q": 27.79,
            "gross_profit": 499374,
            "gross_margin": 51.78,
            "gross_margin_4q_avg": 48.44,
            "net_income": 242246,
            "net_income_4q": null,
            "revenue": 964383,
            "revenue_4q": null,
            "common_shares": 1149406,
            "book_valuer_per_share": 30.76,
            "book_valuer_per_share_4q_avg": 30.74,
            "equity": 4000708,
            "current_ratio": 149.72,
            "debt_ratio": 40.47,
            "inventory_turnover_ratio": 0.87,
            "account_receivable_turnover_ratio": 0.8,
            "reinvestment_rate": 17.62,
            "research_to_sale_ratio": 10.24,
            "price_fair": 172.73,
            "eps_avg_yearly": 12.05,
            "eps_latest_yearly": 8.64,
            "eps_growth_yearly": 4.34
        },
        "20191": {
            "year_quarter": 20191,
            "year": 2019,
            "quarter": 1,
            "eps": 2.7,
            "eps_growth_year": 12.5,
            "eps_4q": 10.03,
            "eps_4q_growth_year": -6.85,
            "roe": 6.9,
            "roe_4q": 28.83,
            "gross_profit": 556380,
            "gross_margin": 55.33,
            "gross_margin_4q_avg": 50.64,
            "net_income": 288544,
            "net_income_4q": null,
            "revenue": 1005652,
            "revenue_4q": null,
            "common_shares": 1151695,
            "book_valuer_per_share": 34.05,
            "book_valuer_per_share_4q_avg": 30.81,
            "equity": 4366127,
            "current_ratio": 162.21,
            "debt_ratio": 38.38,
            "inventory_turnover_ratio": 0.8,
            "account_receivable_turnover_ratio": 0.79,
            "reinvestment_rate": 18.36,
            "research_to_sale_ratio": 10.02,
            "price_fair": 227.84,
            "eps_avg_yearly": 11.83,
            "eps_latest_yearly": 10.8,
            "eps_growth_yearly": 9.26
        },
        "20192": {
            "year_quarter": 20192,
            "year": 2019,
            "quarter": 2,
            "eps": 2.59,
            "eps_growth_year": -14.8,
            "eps_4q": 9.13,
            "eps_4q_growth_year": -8.2,
            "roe": 6.95,
            "roe_4q": 26.650000000000002,
            "gross_profit": 555560,
            "gross_margin": 52.49,
            "gross_margin_4q_avg": 51.8,
            "net_income": 298662,
            "net_income_4q": null,
            "revenue": 1058474,
            "revenue_4q": null,
            "common_shares": 1228212,
            "book_valuer_per_share": 30.96,
            "book_valuer_per_share_4q_avg": 31.11,
            "equity": 4229112,
            "current_ratio": 156.12,
            "debt_ratio": 39.58,
            "inventory_turnover_ratio": 0.75,
            "account_receivable_turnover_ratio": 0.8,
            "reinvestment_rate": 22.34,
            "research_to_sale_ratio": 9.76,
            "price_fair": 220.84,
            "eps_avg_yearly": 11.62,
            "eps_latest_yearly": 10.36,
            "eps_growth_yearly": 9.01
        },
        "20193": {
            "year_quarter": 20193,
            "year": 2019,
            "quarter": 3,
            "eps": 2.18,
            "eps_growth_year": 0.93,
            "eps_4q": 9.29,
            "eps_4q_growth_year": -2.24,
            "roe": 6.14,
            "roe_4q": 26.230000000000004,
            "gross_profit": 542407,
            "gross_margin": 55.54,
            "gross_margin_4q_avg": 53.79,
            "net_income": 267041,
            "net_income_4q": null,
            "revenue": 976591,
            "revenue_4q": null,
            "common_shares": 1228212,
            "book_valuer_per_share": 32.9,
            "book_valuer_per_share_4q_avg": 32.17,
            "equity": 4469399,
            "current_ratio": 169.64,
            "debt_ratio": 36.93,
            "inventory_turnover_ratio": 0.48,
            "account_receivable_turnover_ratio": 0.56,
            "reinvestment_rate": 24.3,
            "research_to_sale_ratio": 11.32,
            "price_fair": 33.01,
            "eps_avg_yearly": 11,
            "eps_latest_yearly": 8.72,
            "eps_growth_yearly": -3.49
        },
        "20194": {
            "year_quarter": 20194,
            "year": 2019,
            "quarter": 4,
            "eps": 0.69,
            "eps_growth_year": -68.02,
            "eps_4q": 7.96,
            "eps_4q_growth_year": -15.89,
            "roe": 1.64,
            "roe_4q": 21.630000000000003,
            "gross_profit": 417595,
            "gross_margin": 39.62,
            "gross_margin_4q_avg": 50.75,
            "net_income": 73723,
            "net_income_4q": null,
            "revenue": 1053949,
            "revenue_4q": null,
            "common_shares": 1228212,
            "book_valuer_per_share": 33.5,
            "book_valuer_per_share_4q_avg": 32.85,
            "equity": 4530105,
            "current_ratio": 176.91,
            "debt_ratio": 37.04,
            "inventory_turnover_ratio": 0.64,
            "account_receivable_turnover_ratio": 0.61,
            "reinvestment_rate": 26.27,
            "research_to_sale_ratio": 10.8,
            "price_fair": 31.04,
            "eps_avg_yearly": 10.35,
            "eps_latest_yearly": 2.76,
            "eps_growth_yearly": -13.51
        },
        "20201": {
            "year_quarter": 20201,
            "year": 2020,
            "quarter": 1,
            "eps": 0.74,
            "eps_growth_year": -72.59,
            "eps_4q": 6.23,
            "eps_4q_growth_year": -37.91,
            "roe": 1.9,
            "roe_4q": 16.63,
            "gross_profit": 304839,
            "gross_margin": 35.52,
            "gross_margin_4q_avg": 45.79,
            "net_income": 85637,
            "net_income_4q": null,
            "revenue": 858269,
            "revenue_4q": null,
            "common_shares": 1228212,
            "book_valuer_per_share": 33.5,
            "book_valuer_per_share_4q_avg": 32.72,
            "equity": 4491964,
            "current_ratio": 180.4,
            "debt_ratio": 37.39,
            "inventory_turnover_ratio": 0.63,
            "account_receivable_turnover_ratio": 0.68,
            "reinvestment_rate": 20.43,
            "research_to_sale_ratio": 12.01,
            "price_fair": 29.19,
            "eps_avg_yearly": 9.73,
            "eps_latest_yearly": 2.96,
            "eps_growth_yearly": -10.79
        },
        "20202": {
            "year_quarter": 20202,
            "year": 2020,
            "quarter": 2,
            "eps": 0,
            "eps_growth_year": -100,
            "eps_4q": 3.64,
            "eps_4q_growth_year": -60.18,
            "roe": -0.17,
            "roe_4q": 9.51,
            "gross_profit": 216075,
            "gross_margin": 34.13,
            "gross_margin_4q_avg": 41.2,
            "net_income": -6573,
            "net_income_4q": null,
            "revenue": 633089,
            "revenue_4q": null,
            "common_shares": 1228212,
            "book_valuer_per_share": 24.41,
            "book_valuer_per_share_4q_avg": 31.08,
            "equity": 3318743,
            "current_ratio": 125.53,
            "debt_ratio": 55,
            "inventory_turnover_ratio": 0.47,
            "account_receivable_turnover_ratio": 0.67,
            "reinvestment_rate": 15.15,
            "research_to_sale_ratio": 15.2,
            "price_fair": 28.46,
            "eps_avg_yearly": 9.49,
            "eps_latest_yearly": 2.96,
            "eps_growth_yearly": -12.76
        },
        "20203": {
            "year_quarter": 20203,
            "year": 2020,
            "quarter": 3,
            "eps": 0.51,
            "eps_growth_year": -76.61,
            "eps_4q": 1.95,
            "eps_4q_growth_year": -78.97,
            "roe": 1.96,
            "roe_4q": 5.33,
            "gross_profit": 319605,
            "gross_margin": 40.44,
            "gross_margin_4q_avg": 37.43,
            "net_income": 66177,
            "net_income_4q": null,
            "revenue": 790390,
            "revenue_4q": null,
            "common_shares": 1219166,
            "book_valuer_per_share": 24.29,
            "book_valuer_per_share_4q_avg": 28.93,
            "equity": 3446771,
            "current_ratio": 153.02,
            "debt_ratio": 57.73,
            "inventory_turnover_ratio": 0.49,
            "account_receivable_turnover_ratio": 1.03,
            "reinvestment_rate": 16.25,
            "research_to_sale_ratio": 12.46,
            "price_fair": 27.81,
            "eps_avg_yearly": 9.27,
            "eps_latest_yearly": 2.96,
            "eps_growth_yearly": -11.71
        },
        "20204": {
            "year_quarter": 20204,
            "year": 2020,
            "quarter": 4,
            "eps": 0.75,
            "eps_growth_year": 8.35,
            "eps_4q": 2.01,
            "eps_4q_growth_year": -74.81,
            "roe": 2.99,
            "roe_4q": 6.68,
            "gross_profit": 431892,
            "gross_margin": 40.8,
            "gross_margin_4q_avg": 37.72,
            "net_income": 104930,
            "net_income_4q": null,
            "revenue": 1058451,
            "revenue_4q": null,
            "common_shares": 1219166,
            "book_valuer_per_share": 25.07,
            "book_valuer_per_share_4q_avg": 26.82,
            "equity": 3568748,
            "current_ratio": 171.59,
            "debt_ratio": 52.59,
            "inventory_turnover_ratio": 0.64,
            "account_receivable_turnover_ratio": 0.95,
            "reinvestment_rate": 17.72,
            "research_to_sale_ratio": 11.31,
            "price_fair": 25.59,
            "eps_avg_yearly": 8.53,
            "eps_latest_yearly": 3,
            "eps_growth_yearly": -0.28
        },
        "20211": {
            "year_quarter": 20211,
            "year": 2021,
            "quarter": 1,
            "eps": 1.61,
            "eps_growth_year": 117.57,
            "eps_4q": 2.88,
            "eps_4q_growth_year": -53.77,
            "roe": 5.54,
            "roe_4q": 10.320000000000002,
            "gross_profit": 522141,
            "gross_margin": 44.9,
            "gross_margin_4q_avg": 40.07,
            "net_income": 216241,
            "net_income_4q": null,
            "revenue": 1162902,
            "revenue_4q": null,
            "common_shares": 1219166,
            "book_valuer_per_share": 27.53,
            "book_valuer_per_share_4q_avg": 25.33,
            "equity": 4241214,
            "current_ratio": 204.57,
            "debt_ratio": 45.13,
            "inventory_turnover_ratio": 0.69,
            "account_receivable_turnover_ratio": 0.78,
            "reinvestment_rate": 19.17,
            "research_to_sale_ratio": 9.66,
            "price_fair": 297.2,
            "eps_avg_yearly": 8.49,
            "eps_latest_yearly": 6.44,
            "eps_growth_yearly": 46.08
        },
        "20212": {
            "year_quarter": 20212,
            "year": 2021,
            "quarter": 2,
            "eps": 0.86,
            "eps_growth_year": null,
            "eps_4q": 3.74,
            "eps_4q_growth_year": 2.8,
            "roe": 2.19,
            "roe_4q": 12.68,
            "gross_profit": 358177,
            "gross_margin": 36.34,
            "gross_margin_4q_avg": 40.62,
            "net_income": 96241,
            "net_income_4q": null,
            "revenue": 985685,
            "revenue_4q": null,
            "common_shares": 1219166,
            "book_valuer_per_share": 28.38,
            "book_valuer_per_share_4q_avg": 26.32,
            "equity": 4530562,
            "current_ratio": 177.6,
            "debt_ratio": 48.2,
            "inventory_turnover_ratio": 0.59,
            "account_receivable_turnover_ratio": 0.63,
            "reinvestment_rate": 24.37,
            "research_to_sale_ratio": 11.87,
            "price_fair": 140.1,
            "eps_avg_yearly": 7.8,
            "eps_latest_yearly": 3.44,
            "eps_growth_yearly": 7.95
        },
        "20213": {
            "year_quarter": 20213,
            "year": 2021,
            "quarter": 3,
            "eps": 1.03,
            "eps_growth_year": 101.96,
            "eps_4q": 4.26,
            "eps_4q_growth_year": 118.05,
            "roe": 2.08,
            "roe_4q": 12.799999999999999,
            "gross_profit": 363560,
            "gross_margin": 40.63,
            "gross_margin_4q_avg": 40.67,
            "net_income": 93970,
            "net_income_4q": null,
            "revenue": 894886,
            "revenue_4q": null,
            "common_shares": 1219166,
            "book_valuer_per_share": 28.27,
            "book_valuer_per_share_4q_avg": 27.31,
            "equity": 4485159,
            "current_ratio": 168.53,
            "debt_ratio": 49.48,
            "inventory_turnover_ratio": 0.42,
            "account_receivable_turnover_ratio": 0.65,
            "reinvestment_rate": 20.18,
            "research_to_sale_ratio": 16.67,
            "price_fair": 192.21,
            "eps_avg_yearly": 7.26,
            "eps_latest_yearly": 4.12,
            "eps_growth_yearly": 16.49
        },
        "20214": {
            "year_quarter": 20214,
            "year": 2021,
            "quarter": 4,
            "eps": 0.72,
            "eps_growth_year": -3.66,
            "eps_4q": 4.23,
            "eps_4q_growth_year": 110.98,
            "roe": 1.78,
            "roe_4q": 11.59,
            "gross_profit": 427132,
            "gross_margin": 41.19,
            "gross_margin_4q_avg": 40.77,
            "net_income": 81236,
            "net_income_4q": null,
            "revenue": 1036962,
            "revenue_4q": null,
            "common_shares": 1219166,
            "book_valuer_per_share": 28.92,
            "book_valuer_per_share_4q_avg": 28.28,
            "equity": 4661023,
            "current_ratio": 163.83,
            "debt_ratio": 51.28,
            "inventory_turnover_ratio": 0.47,
            "account_receivable_turnover_ratio": 0.7,
            "reinvestment_rate": 19.78,
            "research_to_sale_ratio": 12.31,
            "price_fair": 150.29,
            "eps_avg_yearly": 6.75,
            "eps_latest_yearly": 2.88,
            "eps_growth_yearly": 12.26
        },
        "20221": {
            "year_quarter": 20221,
            "year": 2022,
            "quarter": 1,
            "eps": 1.45,
            "eps_growth_year": -9.94,
            "eps_4q": 4.06,
            "eps_4q_growth_year": 41.17,
            "roe": 2.96,
            "roe_4q": 9.01,
            "gross_profit": 401924,
            "gross_margin": 40.55,
            "gross_margin_4q_avg": 39.68,
            "net_income": 141538,
            "net_income_4q": null,
            "revenue": 991161,
            "revenue_4q": null,
            "common_shares": 1219166,
            "book_valuer_per_share": 30.46,
            "book_valuer_per_share_4q_avg": 29.01,
            "equity": 4910951,
            "current_ratio": 171.71,
            "debt_ratio": 48.77,
            "inventory_turnover_ratio": 0.41,
            "account_receivable_turnover_ratio": 0.62,
            "reinvestment_rate": 7.11,
            "research_to_sale_ratio": 13.26,
            "price_fair": 226.8,
            "eps_avg_yearly": 6.48,
            "eps_latest_yearly": 5.8,
            "eps_growth_yearly": 42.26
        },
        "20222": {
            "year_quarter": 20222,
            "year": 2022,
            "quarter": 2,
            "eps": 0.97,
            "eps_growth_year": 12.79,
            "eps_4q": 3.79,
            "eps_4q_growth_year": 1.38,
            "roe": 1.45,
            "roe_4q": 8.27,
            "gross_profit": 337275,
            "gross_margin": 40.04,
            "gross_margin_4q_avg": 40.6,
            "net_income": 70644,
            "net_income_4q": null,
            "revenue": 842341,
            "revenue_4q": null,
            "common_shares": 1219166,
            "book_valuer_per_share": 30.38,
            "book_valuer_per_share_4q_avg": 29.51,
            "equity": 4852000,
            "current_ratio": 171.09,
            "debt_ratio": 48.47,
            "inventory_turnover_ratio": 0.32,
            "account_receivable_turnover_ratio": 0.6,
            "reinvestment_rate": 10.26,
            "research_to_sale_ratio": 15.44,
            "price_fair": 206.1,
            "eps_avg_yearly": 5.89,
            "eps_latest_yearly": 3.88,
            "eps_growth_yearly": 25.18
        },
        "20223": {
            "year_quarter": 20223,
            "year": 2022,
            "quarter": 3,
            "eps": 1.26,
            "eps_growth_year": 22.33,
            "eps_4q": 4.11,
            "eps_4q_growth_year": -3.42,
            "roe": 2.29,
            "roe_4q": 8.48,
            "gross_profit": 336841,
            "gross_margin": 35.17,
            "gross_margin_4q_avg": 39.24,
            "net_income": 113256,
            "net_income_4q": null,
            "revenue": 957841,
            "revenue_4q": null,
            "common_shares": 1219166,
            "book_valuer_per_share": 32.28,
            "book_valuer_per_share_4q_avg": 30.51,
            "equity": 5031414,
            "current_ratio": 233.74,
            "debt_ratio": 49.24,
            "inventory_turnover_ratio": 0.4,
            "account_receivable_turnover_ratio": 0.56,
            "reinvestment_rate": 10.9,
            "research_to_sale_ratio": 15.6,
            "price_fair": 197.1,
            "eps_avg_yearly": 5.63,
            "eps_latest_yearly": 5.04,
            "eps_growth_yearly": 42
        },
        "20224": {
            "year_quarter": 20224,
            "year": 2022,
            "quarter": 4,
            "eps": 1.24,
            "eps_growth_year": 71.81,
            "eps_4q": 4.7,
            "eps_4q_growth_year": 10.96,
            "roe": 2.8,
            "roe_4q": 9.5,
            "gross_profit": 568028,
            "gross_margin": 48.69,
            "gross_margin_4q_avg": 41.11,
            "net_income": 142692,
            "net_income_4q": null,
            "revenue": 1166606,
            "revenue_4q": null,
            "common_shares": 1341082,
            "book_valuer_per_share": 30.54,
            "book_valuer_per_share_4q_avg": 30.92,
            "equity": 5167092,
            "current_ratio": 233.17,
            "debt_ratio": 46.86,
            "inventory_turnover_ratio": 0.41,
            "account_receivable_turnover_ratio": 0.63,
            "reinvestment_rate": 22.75,
            "research_to_sale_ratio": 11.76,
            "price_fair": 187.9,
            "eps_avg_yearly": 5.37,
            "eps_latest_yearly": 4.96,
            "eps_growth_yearly": 41.54
        },
        "20231": {
            "year_quarter": 20231,
            "year": 2023,
            "quarter": 1,
            "eps": 1.25,
            "eps_growth_year": -13.79,
            "eps_4q": 4.63,
            "eps_4q_growth_year": 13.96,
            "roe": 2.54,
            "roe_4q": 9.08,
            "gross_profit": 514570,
            "gross_margin": 41.41,
            "gross_margin_4q_avg": 41.33,
            "net_income": 133902,
            "net_income_4q": null,
            "revenue": 1242478,
            "revenue_4q": null,
            "common_shares": 1341234,
            "book_valuer_per_share": 31.61,
            "book_valuer_per_share_4q_avg": 31.2,
            "equity": 5369142,
            "current_ratio": 236.4,
            "debt_ratio": 45.69,
            "inventory_turnover_ratio": 0.54,
            "account_receivable_turnover_ratio": 0.73,
            "reinvestment_rate": 19.09,
            "research_to_sale_ratio": 10.77,
            "price_fair": 173.4,
            "eps_avg_yearly": 4.95,
            "eps_latest_yearly": 5,
            "eps_growth_yearly": 34.63
        },
        "20232": {
            "year_quarter": 20232,
            "year": 2023,
            "quarter": 2,
            "eps": 1.15,
            "eps_growth_year": 18.56,
            "eps_4q": 4.66,
            "eps_4q_growth_year": 22.97,
            "roe": 2.19,
            "roe_4q": 9.82,
            "gross_profit": 486747,
            "gross_margin": 47.31,
            "gross_margin_4q_avg": 43.15,
            "net_income": 114986,
            "net_income_4q": null,
            "revenue": 1028908,
            "revenue_4q": null,
            "common_shares": 1341234,
            "book_valuer_per_share": 30.34,
            "book_valuer_per_share_4q_avg": 31.19,
            "equity": 5149948,
            "current_ratio": 211.37,
            "debt_ratio": 49.59,
            "inventory_turnover_ratio": 0.42,
            "account_receivable_turnover_ratio": 0.56,
            "reinvestment_rate": 24.63,
            "research_to_sale_ratio": 13.78,
            "price_fair": 159,
            "eps_avg_yearly": 4.54,
            "eps_latest_yearly": 4.6,
            "eps_growth_yearly": 33.51
        },
        "20233": {
            "year_quarter": 20233,
            "year": 2023,
            "quarter": 3,
            "eps": 1,
            "eps_growth_year": -20.63,
            "eps_4q": 4.46,
            "eps_4q_growth_year": 8.41,
            "roe": 2.4,
            "roe_4q": 9.93,
            "gross_profit": 427609,
            "gross_margin": 40.46,
            "gross_margin_4q_avg": 44.47,
            "net_income": 125578,
            "net_income_4q": null,
            "revenue": 1056843,
            "revenue_4q": null,
            "common_shares": 1409176,
            "book_valuer_per_share": 30.14,
            "book_valuer_per_share_4q_avg": 30.66,
            "equity": 5311866,
            "current_ratio": 259.24,
            "debt_ratio": 47.91,
            "inventory_turnover_ratio": 0.51,
            "account_receivable_turnover_ratio": 0.54,
            "reinvestment_rate": 28.44,
            "research_to_sale_ratio": 12.63,
            "price_fair": 147.2,
            "eps_avg_yearly": 4.21,
            "eps_latest_yearly": 4,
            "eps_growth_yearly": 34.31
        },
        "20234": {
            "year_quarter": 20234,
            "year": 2023,
            "quarter": 4,
            "eps": -0.13,
            "eps_growth_year": -110.78,
            "eps_4q": 3.15,
            "eps_4q_growth_year": -32.93,
            "roe": -1.07,
            "roe_4q": 6.06,
            "gross_profit": 319190,
            "gross_margin": 29.85,
            "gross_margin_4q_avg": 39.76,
            "net_income": -56615,
            "net_income_4q": null,
            "revenue": 1069365,
            "revenue_4q": null,
            "common_shares": 1409176,
            "book_valuer_per_share": 29.88,
            "book_valuer_per_share_4q_avg": 30.49,
            "equity": 5236131,
            "current_ratio": 250.57,
            "debt_ratio": 48.93,
            "inventory_turnover_ratio": 0.6,
            "account_receivable_turnover_ratio": 0.55,
            "reinvestment_rate": 34.92,
            "research_to_sale_ratio": 13.62,
            "price_fair": 151.09,
            "eps_avg_yearly": 4.32,
            "eps_latest_yearly": 4,
            "eps_growth_yearly": 57.97
        }
    },
    "months": {
        "2007-11": {
            "month": "2007-11",
            "price": "66.73",
            "revenue": 77231
        },
        "2007-12": {
            "month": "2007-12",
            "price": "62.90",
            "revenue": 73645
        },
        "2008-01": {
            "month": "2008-01",
            "price": "57.47",
            "revenue": 106708
        },
        "2008-02": {
            "month": "2008-02",
            "price": "54.16",
            "revenue": 42424
        },
        "2008-03": {
            "month": "2008-03",
            "price": "58.83",
            "revenue": 56962
        },
        "2008-04": {
            "month": "2008-04",
            "price": "60.72",
            "revenue": 71047
        },
        "2008-05": {
            "month": "2008-05",
            "price": "61.07",
            "revenue": 57412
        },
        "2008-06": {
            "month": "2008-06",
            "price": "59.75",
            "revenue": 74224
        },
        "2008-07": {
            "month": "2008-07",
            "price": "60.05",
            "revenue": 53223
        },
        "2008-08": {
            "month": "2008-08",
            "price": "58.20",
            "revenue": 78539
        },
        "2008-09": {
            "month": "2008-09",
            "price": "51.80",
            "revenue": 69003
        },
        "2008-10": {
            "month": "2008-10",
            "price": "38.62",
            "revenue": 60145
        },
        "2008-11": {
            "month": "2008-11",
            "price": "31.96",
            "revenue": 73518
        },
        "2008-12": {
            "month": "2008-12",
            "price": "28.63",
            "revenue": 67455
        },
        "2009-01": {
            "month": "2009-01",
            "price": "26.03",
            "revenue": 61115
        },
        "2009-02": {
            "month": "2009-02",
            "price": "26.05",
            "revenue": 53427
        },
        "2009-03": {
            "month": "2009-03",
            "price": "29.03",
            "revenue": 73016
        },
        "2009-04": {
            "month": "2009-04",
            "price": "33.13",
            "revenue": 72507
        },
        "2009-05": {
            "month": "2009-05",
            "price": "37.77",
            "revenue": 80248
        },
        "2009-06": {
            "month": "2009-06",
            "price": "36.60",
            "revenue": 77519
        },
        "2009-07": {
            "month": "2009-07",
            "price": "37.33",
            "revenue": 95053
        },
        "2009-08": {
            "month": "2009-08",
            "price": "50.56",
            "revenue": 96125
        },
        "2009-09": {
            "month": "2009-09",
            "price": "57.32",
            "revenue": 101767
        },
        "2009-10": {
            "month": "2009-10",
            "price": "70.81",
            "revenue": 96219
        },
        "2009-11": {
            "month": "2009-11",
            "price": "70.23",
            "revenue": 93015
        },
        "2009-12": {
            "month": "2009-12",
            "price": "69.85",
            "revenue": 95861
        },
        "2010-01": {
            "month": "2010-01",
            "price": "64.98",
            "revenue": 100794
        },
        "2010-02": {
            "month": "2010-02",
            "price": "60.88",
            "revenue": 80782
        },
        "2010-03": {
            "month": "2010-03",
            "price": "72.48",
            "revenue": 113442
        },
        "2010-04": {
            "month": "2010-04",
            "price": "83.17",
            "revenue": 109688
        },
        "2010-05": {
            "month": "2010-05",
            "price": "77.97",
            "revenue": 111014
        },
        "2010-06": {
            "month": "2010-06",
            "price": "78.56",
            "revenue": 132656
        },
        "2010-07": {
            "month": "2010-07",
            "price": "93.01",
            "revenue": 119796
        },
        "2010-08": {
            "month": "2010-08",
            "price": "90.34",
            "revenue": 103085
        },
        "2010-09": {
            "month": "2010-09",
            "price": "83.71",
            "revenue": 90878
        },
        "2010-10": {
            "month": "2010-10",
            "price": "88.41",
            "revenue": 96273
        },
        "2010-11": {
            "month": "2010-11",
            "price": "93.76",
            "revenue": 90286
        },
        "2010-12": {
            "month": "2010-12",
            "price": "92.32",
            "revenue": 76555
        },
        "2011-01": {
            "month": "2011-01",
            "price": "81.64",
            "revenue": 93069
        },
        "2011-02": {
            "month": "2011-02",
            "price": "71.15",
            "revenue": 74576
        },
        "2011-03": {
            "month": "2011-03",
            "price": "75.69",
            "revenue": 83058
        },
        "2011-04": {
            "month": "2011-04",
            "price": "75.42",
            "revenue": 84752
        },
        "2011-05": {
            "month": "2011-05",
            "price": "71.06",
            "revenue": 86242
        },
        "2011-06": {
            "month": "2011-06",
            "price": "66.51",
            "revenue": 80974
        },
        "2011-07": {
            "month": "2011-07",
            "price": "62.84",
            "revenue": 83527
        },
        "2011-08": {
            "month": "2011-08",
            "price": "51.71",
            "revenue": 86502
        },
        "2011-09": {
            "month": "2011-09",
            "price": "42.31",
            "revenue": 82044
        },
        "2011-10": {
            "month": "2011-10",
            "price": "38.70",
            "revenue": 82365
        },
        "2011-11": {
            "month": "2011-11",
            "price": "40.19",
            "revenue": 85017
        },
        "2011-12": {
            "month": "2011-12",
            "price": "35.78",
            "revenue": 84726
        },
        "2012-01": {
            "month": "2012-01",
            "price": "35.60",
            "revenue": 76184
        },
        "2012-02": {
            "month": "2012-02",
            "price": "42.95",
            "revenue": 85310
        },
        "2012-03": {
            "month": "2012-03",
            "price": "52.88",
            "revenue": 97799
        },
        "2012-04": {
            "month": "2012-04",
            "price": "48.36",
            "revenue": 104117
        },
        "2012-05": {
            "month": "2012-05",
            "price": "43.43",
            "revenue": 105329
        },
        "2012-06": {
            "month": "2012-06",
            "price": "41.31",
            "revenue": 106162
        },
        "2012-07": {
            "month": "2012-07",
            "price": "45.33",
            "revenue": 105626
        },
        "2012-08": {
            "month": "2012-08",
            "price": "52.34",
            "revenue": 104852
        },
        "2012-09": {
            "month": "2012-09",
            "price": "57.70",
            "revenue": 97233
        },
        "2012-10": {
            "month": "2012-10",
            "price": "58.41",
            "revenue": 104704
        },
        "2012-11": {
            "month": "2012-11",
            "price": "62.53",
            "revenue": 110207
        },
        "2012-12": {
            "month": "2012-12",
            "price": "68.77",
            "revenue": 108601
        },
        "2013-01": {
            "month": "2013-01",
            "price": "71.27",
            "revenue": 129994
        },
        "2013-02": {
            "month": "2013-02",
            "price": "70.96",
            "revenue": 90297
        },
        "2013-03": {
            "month": "2013-03",
            "price": "70.46",
            "revenue": 112792
        },
        "2013-04": {
            "month": "2013-04",
            "price": "78.10",
            "revenue": 112396
        },
        "2013-05": {
            "month": "2013-05",
            "price": "84.76",
            "revenue": 119076
        },
        "2013-06": {
            "month": "2013-06",
            "price": "79.70",
            "revenue": 132940
        },
        "2013-07": {
            "month": "2013-07",
            "price": "84.34",
            "revenue": 120449
        },
        "2013-08": {
            "month": "2013-08",
            "price": "98.33",
            "revenue": 124972
        },
        "2013-09": {
            "month": "2013-09",
            "price": "103.26",
            "revenue": 121392
        },
        "2013-10": {
            "month": "2013-10",
            "price": "98.97",
            "revenue": 134094
        },
        "2013-11": {
            "month": "2013-11",
            "price": "99.73",
            "revenue": 141319
        },
        "2013-12": {
            "month": "2013-12",
            "price": "128.75",
            "revenue": 144480
        },
        "2014-01": {
            "month": "2014-01",
            "price": "131.92",
            "revenue": 151405
        },
        "2014-02": {
            "month": "2014-02",
            "price": "164.18",
            "revenue": 127503
        },
        "2014-03": {
            "month": "2014-03",
            "price": "219.31",
            "revenue": 164309
        },
        "2014-04": {
            "month": "2014-04",
            "price": "249.62",
            "revenue": 171009
        },
        "2014-05": {
            "month": "2014-05",
            "price": "279.95",
            "revenue": 181842
        },
        "2014-06": {
            "month": "2014-06",
            "price": "345.88",
            "revenue": 188640
        },
        "2014-07": {
            "month": "2014-07",
            "price": "378.50",
            "revenue": 190011
        },
        "2014-08": {
            "month": "2014-08",
            "price": "293.38",
            "revenue": 193400
        },
        "2014-09": {
            "month": "2014-09",
            "price": "331.64",
            "revenue": 141017
        },
        "2014-10": {
            "month": "2014-10",
            "price": "333.82",
            "revenue": 254532
        },
        "2014-11": {
            "month": "2014-11",
            "price": "300.35",
            "revenue": 200091
        },
        "2014-12": {
            "month": "2014-12",
            "price": "304.17",
            "revenue": 205954
        },
        "2015-01": {
            "month": "2015-01",
            "price": "305.28",
            "revenue": 221320
        },
        "2015-02": {
            "month": "2015-02",
            "price": "340.08",
            "revenue": 201616
        },
        "2015-03": {
            "month": "2015-03",
            "price": "351.64",
            "revenue": 236083
        },
        "2015-04": {
            "month": "2015-04",
            "price": "376.10",
            "revenue": 230178
        },
        "2015-05": {
            "month": "2015-05",
            "price": "395.70",
            "revenue": 231189
        },
        "2015-06": {
            "month": "2015-06",
            "price": "394.14",
            "revenue": 234714
        },
        "2015-07": {
            "month": "2015-07",
            "price": "352.00",
            "revenue": 241149
        },
        "2015-08": {
            "month": "2015-08",
            "price": "344.26",
            "revenue": 244380
        },
        "2015-09": {
            "month": "2015-09",
            "price": "373.48",
            "revenue": 244500
        },
        "2015-10": {
            "month": "2015-10",
            "price": "391.14",
            "revenue": 245231
        },
        "2015-11": {
            "month": "2015-11",
            "price": "388.55",
            "revenue": 245598
        },
        "2015-12": {
            "month": "2015-12",
            "price": "395.11",
            "revenue": 248399
        },
        "2016-01": {
            "month": "2016-01",
            "price": "372.48",
            "revenue": 260935
        },
        "2016-02": {
            "month": "2016-02",
            "price": "384.92",
            "revenue": 264096
        },
        "2016-03": {
            "month": "2016-03",
            "price": "382.26",
            "revenue": 302307
        },
        "2016-04": {
            "month": "2016-04",
            "price": "399.82",
            "revenue": 304378
        },
        "2016-05": {
            "month": "2016-05",
            "price": "363.62",
            "revenue": 281457
        },
        "2016-06": {
            "month": "2016-06",
            "price": "342.19",
            "revenue": 285479
        },
        "2016-07": {
            "month": "2016-07",
            "price": "371.95",
            "revenue": 296570
        },
        "2016-08": {
            "month": "2016-08",
            "price": "384.98",
            "revenue": 297635
        },
        "2016-09": {
            "month": "2016-09",
            "price": "366.53",
            "revenue": 307102
        },
        "2016-10": {
            "month": "2016-10",
            "price": "314.95",
            "revenue": 285163
        },
        "2016-11": {
            "month": "2016-11",
            "price": "261.73",
            "revenue": 266243
        },
        "2016-12": {
            "month": "2016-12",
            "price": "255.18",
            "revenue": 268871
        },
        "2017-01": {
            "month": "2017-01",
            "price": "250.72",
            "revenue": 268993
        },
        "2017-02": {
            "month": "2017-02",
            "price": "261.92",
            "revenue": 264344
        },
        "2017-03": {
            "month": "2017-03",
            "price": "255.54",
            "revenue": 295118
        },
        "2017-04": {
            "month": "2017-04",
            "price": "289.06",
            "revenue": 301382
        },
        "2017-05": {
            "month": "2017-05",
            "price": "330.88",
            "revenue": 293595
        },
        "2017-06": {
            "month": "2017-06",
            "price": "372.80",
            "revenue": 295338
        },
        "2017-07": {
            "month": "2017-07",
            "price": "379.00",
            "revenue": 297082
        },
        "2017-08": {
            "month": "2017-08",
            "price": "366.96",
            "revenue": 310798
        },
        "2017-09": {
            "month": "2017-09",
            "price": "363.50",
            "revenue": 308714
        },
        "2017-10": {
            "month": "2017-10",
            "price": "319.68",
            "revenue": 300079
        },
        "2017-11": {
            "month": "2017-11",
            "price": "303.73",
            "revenue": 280773
        },
        "2017-12": {
            "month": "2017-12",
            "price": "287.86",
            "revenue": 304260
        },
        "2018-01": {
            "month": "2018-01",
            "price": "293.93",
            "revenue": 307429
        },
        "2018-02": {
            "month": "2018-02",
            "price": "327.62",
            "revenue": 335714
        },
        "2018-03": {
            "month": "2018-03",
            "price": "396.39",
            "revenue": 369098
        },
        "2018-04": {
            "month": "2018-04",
            "price": "420.44",
            "revenue": 335791
        },
        "2018-05": {
            "month": "2018-05",
            "price": "364.73",
            "revenue": 350389
        },
        "2018-06": {
            "month": "2018-06",
            "price": "364.75",
            "revenue": 352515
        },
        "2018-07": {
            "month": "2018-07",
            "price": "358.09",
            "revenue": 355808
        },
        "2018-08": {
            "month": "2018-08",
            "price": "281.17",
            "revenue": 353083
        },
        "2018-09": {
            "month": "2018-09",
            "price": "237.58",
            "revenue": 308499
        },
        "2018-10": {
            "month": "2018-10",
            "price": "192.64",
            "revenue": 310113
        },
        "2018-11": {
            "month": "2018-11",
            "price": "212.00",
            "revenue": 330273
        },
        "2018-12": {
            "month": "2018-12",
            "price": "245.93",
            "revenue": 328695
        },
        "2019-01": {
            "month": "2019-01",
            "price": "250.00",
            "revenue": 360019
        },
        "2019-02": {
            "month": "2019-02",
            "price": "298.85",
            "revenue": 266504
        },
        "2019-03": {
            "month": "2019-03",
            "price": "311.98",
            "revenue": 386264
        },
        "2019-04": {
            "month": "2019-04",
            "price": "288.50",
            "revenue": 313860
        },
        "2019-05": {
            "month": "2019-05",
            "price": "274.09",
            "revenue": 370350
        },
        "2019-06": {
            "month": "2019-06",
            "price": "262.16",
            "revenue": 366251
        },
        "2019-07": {
            "month": "2019-07",
            "price": "270.91",
            "revenue": 385535
        },
        "2019-08": {
            "month": "2019-08",
            "price": "281.19",
            "revenue": 323820
        },
        "2019-09": {
            "month": "2019-09",
            "price": "263.63",
            "revenue": 267484
        },
        "2019-10": {
            "month": "2019-10",
            "price": "256.95",
            "revenue": 385992
        },
        "2019-11": {
            "month": "2019-11",
            "price": "241.02",
            "revenue": 353915
        },
        "2019-12": {
            "month": "2019-12",
            "price": "243.34",
            "revenue": 314409
        },
        "2020-01": {
            "month": "2020-01",
            "price": "243.77",
            "revenue": 315631
        },
        "2020-02": {
            "month": "2020-02",
            "price": "212.79",
            "revenue": 273642
        },
        "2020-03": {
            "month": "2020-03",
            "price": "141.02",
            "revenue": 272842
        },
        "2020-04": {
            "month": "2020-04",
            "price": "132.62",
            "revenue": 204524
        },
        "2020-05": {
            "month": "2020-05",
            "price": "152.15",
            "revenue": 210817
        },
        "2020-06": {
            "month": "2020-06",
            "price": "155.78",
            "revenue": 217740
        },
        "2020-07": {
            "month": "2020-07",
            "price": "139.07",
            "revenue": 181683
        },
        "2020-08": {
            "month": "2020-08",
            "price": "135.07",
            "revenue": 297361
        },
        "2020-09": {
            "month": "2020-09",
            "price": "166.45",
            "revenue": 305338
        },
        "2020-10": {
            "month": "2020-10",
            "price": "164.89",
            "revenue": 385332
        },
        "2020-11": {
            "month": "2020-11",
            "price": "193.29",
            "revenue": 291499
        },
        "2020-12": {
            "month": "2020-12",
            "price": "203.20",
            "revenue": 379608
        },
        "2021-01": {
            "month": "2021-01",
            "price": "197.55",
            "revenue": 417416
        },
        "2021-02": {
            "month": "2021-02",
            "price": "194.88",
            "revenue": 301195
        },
        "2021-03": {
            "month": "2021-03",
            "price": "221.18",
            "revenue": 444133
        },
        "2021-04": {
            "month": "2021-04",
            "price": "247.03",
            "revenue": 402870
        },
        "2021-05": {
            "month": "2021-05",
            "price": "203.29",
            "revenue": 362536
        },
        "2021-06": {
            "month": "2021-06",
            "price": "197.48",
            "revenue": 220897
        },
        "2021-07": {
            "month": "2021-07",
            "price": "184.34",
            "revenue": 288342
        },
        "2021-08": {
            "month": "2021-08",
            "price": "163.45",
            "revenue": 302158
        },
        "2021-09": {
            "month": "2021-09",
            "price": "147.92",
            "revenue": 306384
        },
        "2021-10": {
            "month": "2021-10",
            "price": "155.05",
            "revenue": 306490
        },
        "2021-11": {
            "month": "2021-11",
            "price": "169.05",
            "revenue": 343661
        },
        "2021-12": {
            "month": "2021-12",
            "price": "182.68",
            "revenue": 384275
        },
        "2022-01": {
            "month": "2022-01",
            "price": "183.28",
            "revenue": 368966
        },
        "2022-02": {
            "month": "2022-02",
            "price": "171.47",
            "revenue": 275474
        },
        "2022-03": {
            "month": "2022-03",
            "price": "151.89",
            "revenue": 350640
        },
        "2022-04": {
            "month": "2022-04",
            "price": "145.47",
            "revenue": 257307
        },
        "2022-05": {
            "month": "2022-05",
            "price": "143.86",
            "revenue": 293685
        },
        "2022-06": {
            "month": "2022-06",
            "price": "141.45",
            "revenue": 289072
        },
        "2022-07": {
            "month": "2022-07",
            "price": "135.67",
            "revenue": 294771
        },
        "2022-08": {
            "month": "2022-08",
            "price": "149.33",
            "revenue": 309060
        },
        "2022-09": {
            "month": "2022-09",
            "price": "167.31",
            "revenue": 347472
        },
        "2022-10": {
            "month": "2022-10",
            "price": "145.30",
            "revenue": 354380
        },
        "2022-11": {
            "month": "2022-11",
            "price": "141.36",
            "revenue": 395583
        },
        "2022-12": {
            "month": "2022-12",
            "price": "146.98",
            "revenue": 418968
        },
        "2023-01": {
            "month": "2023-01",
            "price": "140.08",
            "revenue": 321903
        },
        "2023-02": {
            "month": "2023-02",
            "price": "158.92",
            "revenue": 430501
        },
        "2023-03": {
            "month": "2023-03",
            "price": "169.89",
            "revenue": 457810
        },
        "2023-04": {
            "month": "2023-04",
            "price": "182.18",
            "revenue": 377547
        },
        "2023-05": {
            "month": "2023-05",
            "price": "170.09",
            "revenue": 358392
        },
        "2023-06": {
            "month": "2023-06",
            "price": "168.22",
            "revenue": 320694
        },
        "2023-07": {
            "month": "2023-07",
            "price": "158.95",
            "revenue": 373402
        },
        "2023-08": {
            "month": "2023-08",
            "price": "146.66",
            "revenue": 336271
        },
        "2023-09": {
            "month": "2023-09",
            "price": "143.62",
            "revenue": 355176
        },
        "2023-10": {
            "month": "2023-10",
            "price": "136.52",
            "revenue": 351182
        },
        "2023-11": {
            "month": "2023-11",
            "price": "135.09",
            "revenue": 291650
        },
        "2023-12": {
            "month": "2023-12",
            "price": "134.74",
            "revenue": 419914
        },
        "2024-01": {
            "month": "2024-01",
            "price": "130.84",
            "revenue": 373375
        },
        "2024-02": {
            "month": "2024-02",
            "price": "129.31",
            "revenue": 349098
        }
    }
}
