{
    "summary": {
        "stock_name": "宇隆",
        "stock_id": "2233",
        "category": "汽車",
        "main_business": "精密金屬零件之機械加工、製造及買賣",
        "website_url": "http://www.turvo.com.tw/",
        "ceo": "蔡銘東",
        "pe_ratio": 15,
        "report_year_from": 2009,
        "report_year_to": 2023,
        "age": 15,
        "eps_negative_percentage": 0,
        "eps_growth_avg": {
            "last_all": 9.68,
            "last_2y": 15.01,
            "last_4y": 6.4,
            "last_8y": 6.95,
            "last_12y": null,
            "last_16y": null,
            "last_20y": null,
            "at_2006_last_3y": null,
            "at_2007_last_3y": null,
            "at_2008_last_3y": null,
            "at_2009_last_3y": null,
            "at_2010_last_3y": null,
            "at_2011_last_3y": null,
            "at_2012_last_3y": null,
            "at_2013_last_3y": null,
            "at_2014_last_3y": null,
            "at_2015_last_3y": 8.31,
            "at_2016_last_3y": 12.58,
            "at_2017_last_3y": 5.07,
            "at_2018_last_3y": 7.63,
            "at_2019_last_3y": 3.75,
            "at_2020_last_3y": 0.27,
            "at_2021_last_3y": 7.46,
            "at_2022_last_3y": 11.56,
            "at_2023_last_3y": 16.98,
            "at_2024_last_3y": 16.98,
            "at_2006_last_all": null,
            "at_2007_last_all": null,
            "at_2008_last_all": null,
            "at_2009_last_all": null,
            "at_2010_last_all": null,
            "at_2011_last_all": null,
            "at_2012_last_all": null,
            "at_2013_last_all": 32.82,
            "at_2014_last_all": 17.88,
            "at_2015_last_all": 8.31,
            "at_2016_last_all": 14.01,
            "at_2017_last_all": 14.32,
            "at_2018_last_all": 12.02,
            "at_2019_last_all": 6.03,
            "at_2020_last_all": 7.9,
            "at_2021_last_all": 11.58,
            "at_2022_last_all": 11.86,
            "at_2023_last_all": 9.68,
            "at_2024_last_all": 9.68
        },
        "latest_eps": 8.86,
        "latest_price": 134.5,
        "latest_roe": 15.07,
        "latest_gross_margin": 36.05,
        "latest_equity": 3583578,
        "latest_revenue": 864855,
        "latest_gross_profit": 311806,
        "latest_net_income": 145668,
        "latest_debt_ratio": 30.65,
        "latest_current_ratio": 299.12,
        "latest_account_receivable_turnover_ratio": 1.1,
        "latest_inventory_turnover_ratio": 0.76,
        "latest_reinvestment_rate": 18.89,
        "latest_research_to_sale_ratio": 8.7
    },
    "eps_dividends": {
        "2001": {
            "cash": 0,
            "stock": 0,
            "eps": 0
        },
        "2002": {
            "cash": 0,
            "stock": 0,
            "eps": 0
        },
        "2003": {
            "cash": 0,
            "stock": 0,
            "eps": 0
        },
        "2004": {
            "cash": 0,
            "stock": 0,
            "eps": 0
        },
        "2005": {
            "cash": 0,
            "stock": 0,
            "eps": 0
        },
        "2006": {
            "cash": 0,
            "stock": 0,
            "eps": 0
        },
        "2007": {
            "cash": 0,
            "stock": 0,
            "eps": 0
        },
        "2008": {
            "cash": 0,
            "stock": 0,
            "eps": 0
        },
        "2009": {
            "cash": 0,
            "stock": 0,
            "eps": 0
        },
        "2010": {
            "cash": 0,
            "stock": 0,
            "eps": 0
        },
        "2011": {
            "cash": 2,
            "stock": 1,
            "eps": 4.15
        },
        "2012": {
            "cash": 4,
            "stock": 0,
            "eps": 4.97
        },
        "2013": {
            "cash": 2.5,
            "stock": 1,
            "eps": 7.25
        },
        "2014": {
            "cash": 5,
            "stock": 0,
            "eps": 6.38
        },
        "2015": {
            "cash": 4.75,
            "stock": 0,
            "eps": 5.08
        },
        "2016": {
            "cash": 3,
            "stock": 0,
            "eps": 6.95
        },
        "2017": {
            "cash": 5,
            "stock": 0,
            "eps": 8.05
        },
        "2018": {
            "cash": 3.75,
            "stock": 2.25,
            "eps": 7.91
        },
        "2019": {
            "cash": 4,
            "stock": 0,
            "eps": 5.07
        },
        "2020": {
            "cash": 3.3,
            "stock": 0,
            "eps": 6.23
        },
        "2021": {
            "cash": 3.75,
            "stock": 0,
            "eps": 9.01
        },
        "2022": {
            "cash": 5.4,
            "stock": 0,
            "eps": 10.33
        },
        "2023": {
            "cash": 6,
            "stock": 0,
            "eps": 8.86
        },
        "2024": {
            "cash": 5.3,
            "stock": 0,
            "eps": 0
        }
    },
    "dividends": {
        "2011-04-28": {
            "cash": 2,
            "stock": 1
        },
        "2012-05-07": {
            "cash": 4,
            "stock": 0
        },
        "2013-06-14": {
            "cash": 2.5,
            "stock": 1
        },
        "2014-06-23": {
            "cash": 5,
            "stock": 0
        },
        "2015-07-24": {
            "cash": 4.75,
            "stock": 0
        },
        "2016-10-14": {
            "cash": 3,
            "stock": 0
        },
        "2017-09-15": {
            "cash": 5,
            "stock": 0
        },
        "2018-10-30": {
            "cash": 3.75,
            "stock": 2.25
        },
        "2019-09-20": {
            "cash": 4,
            "stock": 0
        },
        "2020-09-15": {
            "cash": 3.3,
            "stock": 0
        },
        "2021-09-15": {
            "cash": 3.75,
            "stock": 0
        },
        "2022-08-31": {
            "cash": 5.4,
            "stock": 0
        },
        "2023-08-31": {
            "cash": 6,
            "stock": 0
        },
        "2024-03-07": {
            "cash": 5.3,
            "stock": 0
        }
    },
    "prices": {
        "200101": "無",
        "200102": "無",
        "200103": "無",
        "200104": "無",
        "200105": "無",
        "200106": "無",
        "200107": "無",
        "200108": "無",
        "200109": "無",
        "200110": "無",
        "200111": "無",
        "200112": "無",
        "200201": "無",
        "200202": "無",
        "200203": "無",
        "200204": "無",
        "200205": "無",
        "200206": "無",
        "200207": "無",
        "200208": "無",
        "200209": "無",
        "200210": "無",
        "200211": "無",
        "200212": "無",
        "200301": "無",
        "200302": "無",
        "200303": "無",
        "200304": "無",
        "200305": "無",
        "200306": "無",
        "200307": "無",
        "200308": "無",
        "200309": "無",
        "200310": "無",
        "200311": "無",
        "200312": "無",
        "200401": "無",
        "200402": "無",
        "200403": "無",
        "200404": "無",
        "200405": "無",
        "200406": "無",
        "200407": "無",
        "200408": "無",
        "200409": "無",
        "200410": "無",
        "200411": "無",
        "200412": "無",
        "200501": "無",
        "200502": "無",
        "200503": "無",
        "200504": "無",
        "200505": "無",
        "200506": "無",
        "200507": "無",
        "200508": "無",
        "200509": "無",
        "200510": "無",
        "200511": "無",
        "200512": "無",
        "200601": "無",
        "200602": "無",
        "200603": "無",
        "200604": "無",
        "200605": "無",
        "200606": "無",
        "200607": "無",
        "200608": "無",
        "200609": "無",
        "200610": "無",
        "200611": "無",
        "200612": "無",
        "200701": "無",
        "200702": "無",
        "200703": "無",
        "200704": "無",
        "200705": "無",
        "200706": "無",
        "200707": "無",
        "200708": "無",
        "200709": "無",
        "200710": "無",
        "200711": "無",
        "200712": "無",
        "200801": "無",
        "200802": "無",
        "200803": "無",
        "200804": "無",
        "200805": "無",
        "200806": "無",
        "200807": "無",
        "200808": "無",
        "200809": "無",
        "200810": "無",
        "200811": "無",
        "200812": "無",
        "200901": "無",
        "200902": "無",
        "200903": "無",
        "200904": "無",
        "200905": "無",
        "200906": "無",
        "200907": "無",
        "200908": "無",
        "200909": "無",
        "200910": "無",
        "200911": "無",
        "200912": "無",
        "201001": "無",
        "201002": "無",
        "201003": "無",
        "201004": "無",
        "201005": "無",
        "201006": "無",
        "201007": "無",
        "201008": "無",
        "201009": "無",
        "201010": "82.76",
        "201011": "92.59",
        "201012": "94.26",
        "201101": "94.27",
        "201102": "98.32",
        "201103": "115.96",
        "201104": "116.26",
        "201105": "113.35",
        "201106": "113.92",
        "201107": "118.46",
        "201108": "96.07",
        "201109": "80.12",
        "201110": "74.12",
        "201111": "75.09",
        "201112": "65.84",
        "201201": "65.21",
        "201202": "82.46",
        "201203": "94.90",
        "201204": "79.76",
        "201205": "72.46",
        "201206": "66.30",
        "201207": "68.56",
        "201208": "70.58",
        "201209": "67.65",
        "201210": "56.60",
        "201211": "53.30",
        "201212": "57.69",
        "201301": "64.00",
        "201302": "68.14",
        "201303": "89.68",
        "201304": "94.84",
        "201305": "90.33",
        "201306": "86.34",
        "201307": "98.62",
        "201308": "130.38",
        "201309": "128.05",
        "201310": "127.64",
        "201311": "113.31",
        "201312": "119.41",
        "201401": "117.03",
        "201402": "126.91",
        "201403": "150.98",
        "201404": "142.76",
        "201405": "134.86",
        "201406": "140.95",
        "201407": "129.20",
        "201408": "120.19",
        "201409": "122.36",
        "201410": "104.43",
        "201411": "91.73",
        "201412": "88.55",
        "201501": "90.62",
        "201502": "93.08",
        "201503": "106.74",
        "201504": "107.78",
        "201505": "93.22",
        "201506": "80.68",
        "201507": "66.56",
        "201508": "54.61",
        "201509": "59.20",
        "201510": "61.64",
        "201511": "71.60",
        "201512": "74.12",
        "201601": "67.20",
        "201602": "73.12",
        "201603": "75.45",
        "201604": "83.61",
        "201605": "76.00",
        "201606": "77.32",
        "201607": "83.17",
        "201608": "80.64",
        "201609": "80.47",
        "201610": "84.95",
        "201611": "82.70",
        "201612": "91.05",
        "201701": "94.57",
        "201702": "109.25",
        "201703": "112.04",
        "201704": "105.31",
        "201705": "103.40",
        "201706": "94.46",
        "201707": "98.75",
        "201708": "104.49",
        "201709": "110.57",
        "201710": "114.47",
        "201711": "116.11",
        "201712": "104.91",
        "201801": "108.00",
        "201802": "100.06",
        "201803": "106.83",
        "201804": "112.92",
        "201805": "109.43",
        "201806": "107.80",
        "201807": "108.93",
        "201808": "111.85",
        "201809": "104.90",
        "201810": "72.39",
        "201811": "69.62",
        "201812": "71.59",
        "201901": "71.90",
        "201902": "76.72",
        "201903": "79.29",
        "201904": "78.82",
        "201905": "71.90",
        "201906": "70.88",
        "201907": "72.71",
        "201908": "70.45",
        "201909": "73.21",
        "201910": "71.61",
        "201911": "70.03",
        "201912": "70.65",
        "202001": "72.53",
        "202002": "65.49",
        "202003": "51.85",
        "202004": "52.36",
        "202005": "60.80",
        "202006": "64.87",
        "202007": "64.58",
        "202008": "68.75",
        "202009": "73.61",
        "202010": "78.66",
        "202011": "80.39",
        "202012": "79.75",
        "202101": "86.83",
        "202102": "90.68",
        "202103": "93.22",
        "202104": "112.22",
        "202105": "108.79",
        "202106": "125.71",
        "202107": "130.52",
        "202108": "119.23",
        "202109": "111.00",
        "202110": "100.16",
        "202111": "98.94",
        "202112": "95.89",
        "202201": "107.36",
        "202202": "116.27",
        "202203": "112.67",
        "202204": "109.11",
        "202205": "106.55",
        "202206": "123.64",
        "202207": "112.48",
        "202208": "114.04",
        "202209": "107.45",
        "202210": "93.02",
        "202211": "95.12",
        "202212": "100.29",
        "202301": "99.38",
        "202302": "103.17",
        "202303": "108.00",
        "202304": "117.79",
        "202305": "112.41",
        "202306": "110.00",
        "202307": "112.05",
        "202308": "102.22",
        "202309": "110.60",
        "202310": "131.02",
        "202311": "141.48",
        "202312": "140.24"
    },
    "quarters": {
        "20011": {
            "year_quarter": 20011,
            "year": 2001,
            "quarter": 1,
            "eps": null,
            "eps_growth_year": null,
            "eps_4q": null,
            "eps_4q_growth_year": null,
            "roe": null,
            "roe_4q": 0,
            "gross_profit": null,
            "gross_margin": null,
            "gross_margin_4q_avg": 0,
            "net_income": null,
            "net_income_4q": null,
            "revenue": null,
            "revenue_4q": null,
            "common_shares": null,
            "book_valuer_per_share": null,
            "book_valuer_per_share_4q_avg": 0,
            "equity": null,
            "current_ratio": null,
            "debt_ratio": null,
            "inventory_turnover_ratio": null,
            "account_receivable_turnover_ratio": null,
            "reinvestment_rate": null,
            "research_to_sale_ratio": null,
            "price_fair": 0,
            "eps_avg_yearly": 0,
            "eps_latest_yearly": 0,
            "eps_growth_yearly": 0
        },
        "20012": {
            "year_quarter": 20012,
            "year": 2001,
            "quarter": 2,
            "eps": null,
            "eps_growth_year": null,
            "eps_4q": null,
            "eps_4q_growth_year": null,
            "roe": null,
            "roe_4q": 0,
            "gross_profit": null,
            "gross_margin": null,
            "gross_margin_4q_avg": 0,
            "net_income": null,
            "net_income_4q": null,
            "revenue": null,
            "revenue_4q": null,
            "common_shares": null,
            "book_valuer_per_share": null,
            "book_valuer_per_share_4q_avg": 0,
            "equity": null,
            "current_ratio": null,
            "debt_ratio": null,
            "inventory_turnover_ratio": null,
            "account_receivable_turnover_ratio": null,
            "reinvestment_rate": null,
            "research_to_sale_ratio": null,
            "price_fair": 0,
            "eps_avg_yearly": 0,
            "eps_latest_yearly": 0,
            "eps_growth_yearly": 0
        },
        "20013": {
            "year_quarter": 20013,
            "year": 2001,
            "quarter": 3,
            "eps": null,
            "eps_growth_year": null,
            "eps_4q": null,
            "eps_4q_growth_year": null,
            "roe": null,
            "roe_4q": 0,
            "gross_profit": null,
            "gross_margin": null,
            "gross_margin_4q_avg": 0,
            "net_income": null,
            "net_income_4q": null,
            "revenue": null,
            "revenue_4q": null,
            "common_shares": null,
            "book_valuer_per_share": null,
            "book_valuer_per_share_4q_avg": 0,
            "equity": null,
            "current_ratio": null,
            "debt_ratio": null,
            "inventory_turnover_ratio": null,
            "account_receivable_turnover_ratio": null,
            "reinvestment_rate": null,
            "research_to_sale_ratio": null,
            "price_fair": 0,
            "eps_avg_yearly": 0,
            "eps_latest_yearly": 0,
            "eps_growth_yearly": 0
        },
        "20014": {
            "year_quarter": 20014,
            "year": 2001,
            "quarter": 4,
            "eps": null,
            "eps_growth_year": null,
            "eps_4q": null,
            "eps_4q_growth_year": null,
            "roe": null,
            "roe_4q": 0,
            "gross_profit": null,
            "gross_margin": null,
            "gross_margin_4q_avg": 0,
            "net_income": null,
            "net_income_4q": null,
            "revenue": null,
            "revenue_4q": null,
            "common_shares": null,
            "book_valuer_per_share": null,
            "book_valuer_per_share_4q_avg": 0,
            "equity": null,
            "current_ratio": null,
            "debt_ratio": null,
            "inventory_turnover_ratio": null,
            "account_receivable_turnover_ratio": null,
            "reinvestment_rate": null,
            "research_to_sale_ratio": null,
            "price_fair": 0,
            "eps_avg_yearly": 0,
            "eps_latest_yearly": 0,
            "eps_growth_yearly": 0
        },
        "20021": {
            "year_quarter": 20021,
            "year": 2002,
            "quarter": 1,
            "eps": null,
            "eps_growth_year": null,
            "eps_4q": null,
            "eps_4q_growth_year": null,
            "roe": null,
            "roe_4q": 0,
            "gross_profit": null,
            "gross_margin": null,
            "gross_margin_4q_avg": 0,
            "net_income": null,
            "net_income_4q": null,
            "revenue": null,
            "revenue_4q": null,
            "common_shares": null,
            "book_valuer_per_share": null,
            "book_valuer_per_share_4q_avg": 0,
            "equity": null,
            "current_ratio": null,
            "debt_ratio": null,
            "inventory_turnover_ratio": null,
            "account_receivable_turnover_ratio": null,
            "reinvestment_rate": null,
            "research_to_sale_ratio": null,
            "price_fair": 0,
            "eps_avg_yearly": 0,
            "eps_latest_yearly": 0,
            "eps_growth_yearly": 0
        },
        "20022": {
            "year_quarter": 20022,
            "year": 2002,
            "quarter": 2,
            "eps": null,
            "eps_growth_year": null,
            "eps_4q": null,
            "eps_4q_growth_year": null,
            "roe": null,
            "roe_4q": 0,
            "gross_profit": null,
            "gross_margin": null,
            "gross_margin_4q_avg": 0,
            "net_income": null,
            "net_income_4q": null,
            "revenue": null,
            "revenue_4q": null,
            "common_shares": null,
            "book_valuer_per_share": null,
            "book_valuer_per_share_4q_avg": 0,
            "equity": null,
            "current_ratio": null,
            "debt_ratio": null,
            "inventory_turnover_ratio": null,
            "account_receivable_turnover_ratio": null,
            "reinvestment_rate": null,
            "research_to_sale_ratio": null,
            "price_fair": 0,
            "eps_avg_yearly": 0,
            "eps_latest_yearly": 0,
            "eps_growth_yearly": 0
        },
        "20023": {
            "year_quarter": 20023,
            "year": 2002,
            "quarter": 3,
            "eps": null,
            "eps_growth_year": null,
            "eps_4q": null,
            "eps_4q_growth_year": null,
            "roe": null,
            "roe_4q": 0,
            "gross_profit": null,
            "gross_margin": null,
            "gross_margin_4q_avg": 0,
            "net_income": null,
            "net_income_4q": null,
            "revenue": null,
            "revenue_4q": null,
            "common_shares": null,
            "book_valuer_per_share": null,
            "book_valuer_per_share_4q_avg": 0,
            "equity": null,
            "current_ratio": null,
            "debt_ratio": null,
            "inventory_turnover_ratio": null,
            "account_receivable_turnover_ratio": null,
            "reinvestment_rate": null,
            "research_to_sale_ratio": null,
            "price_fair": 0,
            "eps_avg_yearly": 0,
            "eps_latest_yearly": 0,
            "eps_growth_yearly": 0
        },
        "20024": {
            "year_quarter": 20024,
            "year": 2002,
            "quarter": 4,
            "eps": null,
            "eps_growth_year": null,
            "eps_4q": null,
            "eps_4q_growth_year": null,
            "roe": null,
            "roe_4q": 0,
            "gross_profit": null,
            "gross_margin": null,
            "gross_margin_4q_avg": 0,
            "net_income": null,
            "net_income_4q": null,
            "revenue": null,
            "revenue_4q": null,
            "common_shares": null,
            "book_valuer_per_share": null,
            "book_valuer_per_share_4q_avg": 0,
            "equity": null,
            "current_ratio": null,
            "debt_ratio": null,
            "inventory_turnover_ratio": null,
            "account_receivable_turnover_ratio": null,
            "reinvestment_rate": null,
            "research_to_sale_ratio": null,
            "price_fair": 0,
            "eps_avg_yearly": 0,
            "eps_latest_yearly": 0,
            "eps_growth_yearly": 0
        },
        "20031": {
            "year_quarter": 20031,
            "year": 2003,
            "quarter": 1,
            "eps": null,
            "eps_growth_year": null,
            "eps_4q": null,
            "eps_4q_growth_year": null,
            "roe": null,
            "roe_4q": 0,
            "gross_profit": null,
            "gross_margin": null,
            "gross_margin_4q_avg": 0,
            "net_income": null,
            "net_income_4q": null,
            "revenue": null,
            "revenue_4q": null,
            "common_shares": null,
            "book_valuer_per_share": null,
            "book_valuer_per_share_4q_avg": 0,
            "equity": null,
            "current_ratio": null,
            "debt_ratio": null,
            "inventory_turnover_ratio": null,
            "account_receivable_turnover_ratio": null,
            "reinvestment_rate": null,
            "research_to_sale_ratio": null,
            "price_fair": 0,
            "eps_avg_yearly": 0,
            "eps_latest_yearly": 0,
            "eps_growth_yearly": 0
        },
        "20032": {
            "year_quarter": 20032,
            "year": 2003,
            "quarter": 2,
            "eps": null,
            "eps_growth_year": null,
            "eps_4q": null,
            "eps_4q_growth_year": null,
            "roe": null,
            "roe_4q": 0,
            "gross_profit": null,
            "gross_margin": null,
            "gross_margin_4q_avg": 0,
            "net_income": null,
            "net_income_4q": null,
            "revenue": null,
            "revenue_4q": null,
            "common_shares": null,
            "book_valuer_per_share": null,
            "book_valuer_per_share_4q_avg": 0,
            "equity": null,
            "current_ratio": null,
            "debt_ratio": null,
            "inventory_turnover_ratio": null,
            "account_receivable_turnover_ratio": null,
            "reinvestment_rate": null,
            "research_to_sale_ratio": null,
            "price_fair": 0,
            "eps_avg_yearly": 0,
            "eps_latest_yearly": 0,
            "eps_growth_yearly": 0
        },
        "20033": {
            "year_quarter": 20033,
            "year": 2003,
            "quarter": 3,
            "eps": null,
            "eps_growth_year": null,
            "eps_4q": null,
            "eps_4q_growth_year": null,
            "roe": null,
            "roe_4q": 0,
            "gross_profit": null,
            "gross_margin": null,
            "gross_margin_4q_avg": 0,
            "net_income": null,
            "net_income_4q": null,
            "revenue": null,
            "revenue_4q": null,
            "common_shares": null,
            "book_valuer_per_share": null,
            "book_valuer_per_share_4q_avg": 0,
            "equity": null,
            "current_ratio": null,
            "debt_ratio": null,
            "inventory_turnover_ratio": null,
            "account_receivable_turnover_ratio": null,
            "reinvestment_rate": null,
            "research_to_sale_ratio": null,
            "price_fair": 0,
            "eps_avg_yearly": 0,
            "eps_latest_yearly": 0,
            "eps_growth_yearly": 0
        },
        "20034": {
            "year_quarter": 20034,
            "year": 2003,
            "quarter": 4,
            "eps": null,
            "eps_growth_year": null,
            "eps_4q": null,
            "eps_4q_growth_year": null,
            "roe": null,
            "roe_4q": 0,
            "gross_profit": null,
            "gross_margin": null,
            "gross_margin_4q_avg": 0,
            "net_income": null,
            "net_income_4q": null,
            "revenue": null,
            "revenue_4q": null,
            "common_shares": null,
            "book_valuer_per_share": null,
            "book_valuer_per_share_4q_avg": 0,
            "equity": null,
            "current_ratio": null,
            "debt_ratio": null,
            "inventory_turnover_ratio": null,
            "account_receivable_turnover_ratio": null,
            "reinvestment_rate": null,
            "research_to_sale_ratio": null,
            "price_fair": 0,
            "eps_avg_yearly": 0,
            "eps_latest_yearly": 0,
            "eps_growth_yearly": 0
        },
        "20041": {
            "year_quarter": 20041,
            "year": 2004,
            "quarter": 1,
            "eps": null,
            "eps_growth_year": null,
            "eps_4q": null,
            "eps_4q_growth_year": null,
            "roe": null,
            "roe_4q": 0,
            "gross_profit": null,
            "gross_margin": null,
            "gross_margin_4q_avg": 0,
            "net_income": null,
            "net_income_4q": null,
            "revenue": null,
            "revenue_4q": null,
            "common_shares": null,
            "book_valuer_per_share": null,
            "book_valuer_per_share_4q_avg": 0,
            "equity": null,
            "current_ratio": null,
            "debt_ratio": null,
            "inventory_turnover_ratio": null,
            "account_receivable_turnover_ratio": null,
            "reinvestment_rate": null,
            "research_to_sale_ratio": null,
            "price_fair": 0,
            "eps_avg_yearly": 0,
            "eps_latest_yearly": 0,
            "eps_growth_yearly": 0
        },
        "20042": {
            "year_quarter": 20042,
            "year": 2004,
            "quarter": 2,
            "eps": null,
            "eps_growth_year": null,
            "eps_4q": null,
            "eps_4q_growth_year": null,
            "roe": null,
            "roe_4q": 0,
            "gross_profit": null,
            "gross_margin": null,
            "gross_margin_4q_avg": 0,
            "net_income": null,
            "net_income_4q": null,
            "revenue": null,
            "revenue_4q": null,
            "common_shares": null,
            "book_valuer_per_share": null,
            "book_valuer_per_share_4q_avg": 0,
            "equity": null,
            "current_ratio": null,
            "debt_ratio": null,
            "inventory_turnover_ratio": null,
            "account_receivable_turnover_ratio": null,
            "reinvestment_rate": null,
            "research_to_sale_ratio": null,
            "price_fair": 0,
            "eps_avg_yearly": 0,
            "eps_latest_yearly": 0,
            "eps_growth_yearly": 0
        },
        "20043": {
            "year_quarter": 20043,
            "year": 2004,
            "quarter": 3,
            "eps": null,
            "eps_growth_year": null,
            "eps_4q": null,
            "eps_4q_growth_year": null,
            "roe": null,
            "roe_4q": 0,
            "gross_profit": null,
            "gross_margin": null,
            "gross_margin_4q_avg": 0,
            "net_income": null,
            "net_income_4q": null,
            "revenue": null,
            "revenue_4q": null,
            "common_shares": null,
            "book_valuer_per_share": null,
            "book_valuer_per_share_4q_avg": 0,
            "equity": null,
            "current_ratio": null,
            "debt_ratio": null,
            "inventory_turnover_ratio": null,
            "account_receivable_turnover_ratio": null,
            "reinvestment_rate": null,
            "research_to_sale_ratio": null,
            "price_fair": 0,
            "eps_avg_yearly": 0,
            "eps_latest_yearly": 0,
            "eps_growth_yearly": 0
        },
        "20044": {
            "year_quarter": 20044,
            "year": 2004,
            "quarter": 4,
            "eps": null,
            "eps_growth_year": null,
            "eps_4q": null,
            "eps_4q_growth_year": null,
            "roe": null,
            "roe_4q": 0,
            "gross_profit": null,
            "gross_margin": null,
            "gross_margin_4q_avg": 0,
            "net_income": null,
            "net_income_4q": null,
            "revenue": null,
            "revenue_4q": null,
            "common_shares": null,
            "book_valuer_per_share": null,
            "book_valuer_per_share_4q_avg": 0,
            "equity": null,
            "current_ratio": null,
            "debt_ratio": null,
            "inventory_turnover_ratio": null,
            "account_receivable_turnover_ratio": null,
            "reinvestment_rate": null,
            "research_to_sale_ratio": null,
            "price_fair": 0,
            "eps_avg_yearly": 0,
            "eps_latest_yearly": 0,
            "eps_growth_yearly": 0
        },
        "20051": {
            "year_quarter": 20051,
            "year": 2005,
            "quarter": 1,
            "eps": null,
            "eps_growth_year": null,
            "eps_4q": null,
            "eps_4q_growth_year": null,
            "roe": null,
            "roe_4q": 0,
            "gross_profit": null,
            "gross_margin": null,
            "gross_margin_4q_avg": 0,
            "net_income": null,
            "net_income_4q": null,
            "revenue": null,
            "revenue_4q": null,
            "common_shares": null,
            "book_valuer_per_share": null,
            "book_valuer_per_share_4q_avg": 0,
            "equity": null,
            "current_ratio": null,
            "debt_ratio": null,
            "inventory_turnover_ratio": null,
            "account_receivable_turnover_ratio": null,
            "reinvestment_rate": null,
            "research_to_sale_ratio": null,
            "price_fair": 0,
            "eps_avg_yearly": 0,
            "eps_latest_yearly": 0,
            "eps_growth_yearly": 0
        },
        "20052": {
            "year_quarter": 20052,
            "year": 2005,
            "quarter": 2,
            "eps": null,
            "eps_growth_year": null,
            "eps_4q": null,
            "eps_4q_growth_year": null,
            "roe": null,
            "roe_4q": 0,
            "gross_profit": null,
            "gross_margin": null,
            "gross_margin_4q_avg": 0,
            "net_income": null,
            "net_income_4q": null,
            "revenue": null,
            "revenue_4q": null,
            "common_shares": null,
            "book_valuer_per_share": null,
            "book_valuer_per_share_4q_avg": 0,
            "equity": null,
            "current_ratio": null,
            "debt_ratio": null,
            "inventory_turnover_ratio": null,
            "account_receivable_turnover_ratio": null,
            "reinvestment_rate": null,
            "research_to_sale_ratio": null,
            "price_fair": 0,
            "eps_avg_yearly": 0,
            "eps_latest_yearly": 0,
            "eps_growth_yearly": 0
        },
        "20053": {
            "year_quarter": 20053,
            "year": 2005,
            "quarter": 3,
            "eps": null,
            "eps_growth_year": null,
            "eps_4q": null,
            "eps_4q_growth_year": null,
            "roe": null,
            "roe_4q": 0,
            "gross_profit": null,
            "gross_margin": null,
            "gross_margin_4q_avg": 0,
            "net_income": null,
            "net_income_4q": null,
            "revenue": null,
            "revenue_4q": null,
            "common_shares": null,
            "book_valuer_per_share": null,
            "book_valuer_per_share_4q_avg": 0,
            "equity": null,
            "current_ratio": null,
            "debt_ratio": null,
            "inventory_turnover_ratio": null,
            "account_receivable_turnover_ratio": null,
            "reinvestment_rate": null,
            "research_to_sale_ratio": null,
            "price_fair": 0,
            "eps_avg_yearly": 0,
            "eps_latest_yearly": 0,
            "eps_growth_yearly": 0
        },
        "20054": {
            "year_quarter": 20054,
            "year": 2005,
            "quarter": 4,
            "eps": null,
            "eps_growth_year": null,
            "eps_4q": null,
            "eps_4q_growth_year": null,
            "roe": null,
            "roe_4q": 0,
            "gross_profit": null,
            "gross_margin": null,
            "gross_margin_4q_avg": 0,
            "net_income": null,
            "net_income_4q": null,
            "revenue": null,
            "revenue_4q": null,
            "common_shares": 22400,
            "book_valuer_per_share": 11,
            "book_valuer_per_share_4q_avg": 2.75,
            "equity": 24645,
            "current_ratio": 104.74,
            "debt_ratio": 62.88,
            "inventory_turnover_ratio": null,
            "account_receivable_turnover_ratio": null,
            "reinvestment_rate": null,
            "research_to_sale_ratio": null,
            "price_fair": 0,
            "eps_avg_yearly": 0,
            "eps_latest_yearly": 0,
            "eps_growth_yearly": 0
        },
        "20061": {
            "year_quarter": 20061,
            "year": 2006,
            "quarter": 1,
            "eps": null,
            "eps_growth_year": null,
            "eps_4q": null,
            "eps_4q_growth_year": null,
            "roe": null,
            "roe_4q": 0,
            "gross_profit": null,
            "gross_margin": null,
            "gross_margin_4q_avg": 0,
            "net_income": null,
            "net_income_4q": null,
            "revenue": null,
            "revenue_4q": null,
            "common_shares": null,
            "book_valuer_per_share": null,
            "book_valuer_per_share_4q_avg": 2.75,
            "equity": null,
            "current_ratio": null,
            "debt_ratio": null,
            "inventory_turnover_ratio": null,
            "account_receivable_turnover_ratio": null,
            "reinvestment_rate": null,
            "research_to_sale_ratio": null,
            "price_fair": 0,
            "eps_avg_yearly": 0,
            "eps_latest_yearly": 0,
            "eps_growth_yearly": 0
        },
        "20062": {
            "year_quarter": 20062,
            "year": 2006,
            "quarter": 2,
            "eps": null,
            "eps_growth_year": null,
            "eps_4q": null,
            "eps_4q_growth_year": null,
            "roe": null,
            "roe_4q": 0,
            "gross_profit": null,
            "gross_margin": null,
            "gross_margin_4q_avg": 0,
            "net_income": null,
            "net_income_4q": null,
            "revenue": null,
            "revenue_4q": null,
            "common_shares": null,
            "book_valuer_per_share": null,
            "book_valuer_per_share_4q_avg": 2.75,
            "equity": null,
            "current_ratio": null,
            "debt_ratio": null,
            "inventory_turnover_ratio": null,
            "account_receivable_turnover_ratio": null,
            "reinvestment_rate": null,
            "research_to_sale_ratio": null,
            "price_fair": 0,
            "eps_avg_yearly": 0,
            "eps_latest_yearly": 0,
            "eps_growth_yearly": 0
        },
        "20063": {
            "year_quarter": 20063,
            "year": 2006,
            "quarter": 3,
            "eps": null,
            "eps_growth_year": null,
            "eps_4q": null,
            "eps_4q_growth_year": null,
            "roe": null,
            "roe_4q": 0,
            "gross_profit": null,
            "gross_margin": null,
            "gross_margin_4q_avg": 0,
            "net_income": null,
            "net_income_4q": null,
            "revenue": null,
            "revenue_4q": null,
            "common_shares": null,
            "book_valuer_per_share": null,
            "book_valuer_per_share_4q_avg": 2.75,
            "equity": null,
            "current_ratio": null,
            "debt_ratio": null,
            "inventory_turnover_ratio": null,
            "account_receivable_turnover_ratio": null,
            "reinvestment_rate": null,
            "research_to_sale_ratio": null,
            "price_fair": 0,
            "eps_avg_yearly": 0,
            "eps_latest_yearly": 0,
            "eps_growth_yearly": 0
        },
        "20064": {
            "year_quarter": 20064,
            "year": 2006,
            "quarter": 4,
            "eps": null,
            "eps_growth_year": null,
            "eps_4q": null,
            "eps_4q_growth_year": null,
            "roe": null,
            "roe_4q": 0,
            "gross_profit": null,
            "gross_margin": null,
            "gross_margin_4q_avg": 0,
            "net_income": null,
            "net_income_4q": null,
            "revenue": null,
            "revenue_4q": null,
            "common_shares": 23800,
            "book_valuer_per_share": 10.7,
            "book_valuer_per_share_4q_avg": 2.68,
            "equity": 25461,
            "current_ratio": 107.93,
            "debt_ratio": 71.84,
            "inventory_turnover_ratio": null,
            "account_receivable_turnover_ratio": null,
            "reinvestment_rate": null,
            "research_to_sale_ratio": null,
            "price_fair": 0,
            "eps_avg_yearly": 0,
            "eps_latest_yearly": 0,
            "eps_growth_yearly": 0
        },
        "20071": {
            "year_quarter": 20071,
            "year": 2007,
            "quarter": 1,
            "eps": null,
            "eps_growth_year": null,
            "eps_4q": null,
            "eps_4q_growth_year": null,
            "roe": null,
            "roe_4q": 0,
            "gross_profit": null,
            "gross_margin": null,
            "gross_margin_4q_avg": 0,
            "net_income": null,
            "net_income_4q": null,
            "revenue": null,
            "revenue_4q": null,
            "common_shares": null,
            "book_valuer_per_share": null,
            "book_valuer_per_share_4q_avg": 2.68,
            "equity": null,
            "current_ratio": null,
            "debt_ratio": null,
            "inventory_turnover_ratio": null,
            "account_receivable_turnover_ratio": null,
            "reinvestment_rate": null,
            "research_to_sale_ratio": null,
            "price_fair": 0,
            "eps_avg_yearly": 0,
            "eps_latest_yearly": 0,
            "eps_growth_yearly": 0
        },
        "20072": {
            "year_quarter": 20072,
            "year": 2007,
            "quarter": 2,
            "eps": null,
            "eps_growth_year": null,
            "eps_4q": null,
            "eps_4q_growth_year": null,
            "roe": null,
            "roe_4q": 0,
            "gross_profit": null,
            "gross_margin": null,
            "gross_margin_4q_avg": 0,
            "net_income": null,
            "net_income_4q": null,
            "revenue": null,
            "revenue_4q": null,
            "common_shares": null,
            "book_valuer_per_share": null,
            "book_valuer_per_share_4q_avg": 2.68,
            "equity": null,
            "current_ratio": null,
            "debt_ratio": null,
            "inventory_turnover_ratio": null,
            "account_receivable_turnover_ratio": null,
            "reinvestment_rate": null,
            "research_to_sale_ratio": null,
            "price_fair": 0,
            "eps_avg_yearly": 0,
            "eps_latest_yearly": 0,
            "eps_growth_yearly": 0
        },
        "20073": {
            "year_quarter": 20073,
            "year": 2007,
            "quarter": 3,
            "eps": null,
            "eps_growth_year": null,
            "eps_4q": null,
            "eps_4q_growth_year": null,
            "roe": null,
            "roe_4q": 0,
            "gross_profit": null,
            "gross_margin": null,
            "gross_margin_4q_avg": 0,
            "net_income": null,
            "net_income_4q": null,
            "revenue": null,
            "revenue_4q": null,
            "common_shares": null,
            "book_valuer_per_share": null,
            "book_valuer_per_share_4q_avg": 2.68,
            "equity": null,
            "current_ratio": null,
            "debt_ratio": null,
            "inventory_turnover_ratio": null,
            "account_receivable_turnover_ratio": null,
            "reinvestment_rate": null,
            "research_to_sale_ratio": null,
            "price_fair": 0,
            "eps_avg_yearly": 0,
            "eps_latest_yearly": 0,
            "eps_growth_yearly": 0
        },
        "20074": {
            "year_quarter": 20074,
            "year": 2007,
            "quarter": 4,
            "eps": null,
            "eps_growth_year": null,
            "eps_4q": null,
            "eps_4q_growth_year": null,
            "roe": null,
            "roe_4q": 0,
            "gross_profit": null,
            "gross_margin": null,
            "gross_margin_4q_avg": 0,
            "net_income": null,
            "net_income_4q": null,
            "revenue": null,
            "revenue_4q": null,
            "common_shares": 23800,
            "book_valuer_per_share": 11.77,
            "book_valuer_per_share_4q_avg": 2.94,
            "equity": 28016,
            "current_ratio": 111.32,
            "debt_ratio": 66.38,
            "inventory_turnover_ratio": null,
            "account_receivable_turnover_ratio": null,
            "reinvestment_rate": null,
            "research_to_sale_ratio": null,
            "price_fair": 0,
            "eps_avg_yearly": 0,
            "eps_latest_yearly": 0,
            "eps_growth_yearly": 0
        },
        "20081": {
            "year_quarter": 20081,
            "year": 2008,
            "quarter": 1,
            "eps": null,
            "eps_growth_year": null,
            "eps_4q": null,
            "eps_4q_growth_year": null,
            "roe": null,
            "roe_4q": 0,
            "gross_profit": null,
            "gross_margin": null,
            "gross_margin_4q_avg": 0,
            "net_income": null,
            "net_income_4q": null,
            "revenue": null,
            "revenue_4q": null,
            "common_shares": null,
            "book_valuer_per_share": null,
            "book_valuer_per_share_4q_avg": 2.94,
            "equity": null,
            "current_ratio": null,
            "debt_ratio": null,
            "inventory_turnover_ratio": null,
            "account_receivable_turnover_ratio": null,
            "reinvestment_rate": null,
            "research_to_sale_ratio": null,
            "price_fair": 0,
            "eps_avg_yearly": 0,
            "eps_latest_yearly": 0,
            "eps_growth_yearly": 0
        },
        "20082": {
            "year_quarter": 20082,
            "year": 2008,
            "quarter": 2,
            "eps": null,
            "eps_growth_year": null,
            "eps_4q": null,
            "eps_4q_growth_year": null,
            "roe": null,
            "roe_4q": 0,
            "gross_profit": null,
            "gross_margin": null,
            "gross_margin_4q_avg": 0,
            "net_income": null,
            "net_income_4q": null,
            "revenue": null,
            "revenue_4q": null,
            "common_shares": null,
            "book_valuer_per_share": null,
            "book_valuer_per_share_4q_avg": 2.94,
            "equity": null,
            "current_ratio": null,
            "debt_ratio": null,
            "inventory_turnover_ratio": null,
            "account_receivable_turnover_ratio": null,
            "reinvestment_rate": null,
            "research_to_sale_ratio": null,
            "price_fair": 0,
            "eps_avg_yearly": 0,
            "eps_latest_yearly": 0,
            "eps_growth_yearly": 0
        },
        "20083": {
            "year_quarter": 20083,
            "year": 2008,
            "quarter": 3,
            "eps": null,
            "eps_growth_year": null,
            "eps_4q": null,
            "eps_4q_growth_year": null,
            "roe": null,
            "roe_4q": 0,
            "gross_profit": null,
            "gross_margin": null,
            "gross_margin_4q_avg": 0,
            "net_income": null,
            "net_income_4q": null,
            "revenue": null,
            "revenue_4q": null,
            "common_shares": null,
            "book_valuer_per_share": null,
            "book_valuer_per_share_4q_avg": 2.94,
            "equity": null,
            "current_ratio": null,
            "debt_ratio": null,
            "inventory_turnover_ratio": null,
            "account_receivable_turnover_ratio": null,
            "reinvestment_rate": null,
            "research_to_sale_ratio": null,
            "price_fair": 0,
            "eps_avg_yearly": 0,
            "eps_latest_yearly": 0,
            "eps_growth_yearly": 0
        },
        "20084": {
            "year_quarter": 20084,
            "year": 2008,
            "quarter": 4,
            "eps": null,
            "eps_growth_year": null,
            "eps_4q": null,
            "eps_4q_growth_year": null,
            "roe": null,
            "roe_4q": 0,
            "gross_profit": null,
            "gross_margin": null,
            "gross_margin_4q_avg": 0,
            "net_income": null,
            "net_income_4q": null,
            "revenue": null,
            "revenue_4q": null,
            "common_shares": 26799,
            "book_valuer_per_share": 11.92,
            "book_valuer_per_share_4q_avg": 2.98,
            "equity": 31932,
            "current_ratio": 68.13,
            "debt_ratio": 82.33,
            "inventory_turnover_ratio": null,
            "account_receivable_turnover_ratio": null,
            "reinvestment_rate": null,
            "research_to_sale_ratio": null,
            "price_fair": 0,
            "eps_avg_yearly": 0,
            "eps_latest_yearly": 0,
            "eps_growth_yearly": 0
        },
        "20091": {
            "year_quarter": 20091,
            "year": 2009,
            "quarter": 1,
            "eps": null,
            "eps_growth_year": null,
            "eps_4q": null,
            "eps_4q_growth_year": null,
            "roe": null,
            "roe_4q": 0,
            "gross_profit": null,
            "gross_margin": null,
            "gross_margin_4q_avg": 0,
            "net_income": null,
            "net_income_4q": null,
            "revenue": null,
            "revenue_4q": null,
            "common_shares": null,
            "book_valuer_per_share": null,
            "book_valuer_per_share_4q_avg": 2.98,
            "equity": null,
            "current_ratio": null,
            "debt_ratio": null,
            "inventory_turnover_ratio": null,
            "account_receivable_turnover_ratio": null,
            "reinvestment_rate": null,
            "research_to_sale_ratio": null,
            "price_fair": 0,
            "eps_avg_yearly": 0,
            "eps_latest_yearly": 0,
            "eps_growth_yearly": 0
        },
        "20092": {
            "year_quarter": 20092,
            "year": 2009,
            "quarter": 2,
            "eps": null,
            "eps_growth_year": null,
            "eps_4q": null,
            "eps_4q_growth_year": null,
            "roe": null,
            "roe_4q": 0,
            "gross_profit": null,
            "gross_margin": null,
            "gross_margin_4q_avg": 0,
            "net_income": null,
            "net_income_4q": null,
            "revenue": null,
            "revenue_4q": null,
            "common_shares": null,
            "book_valuer_per_share": null,
            "book_valuer_per_share_4q_avg": 2.98,
            "equity": null,
            "current_ratio": null,
            "debt_ratio": null,
            "inventory_turnover_ratio": null,
            "account_receivable_turnover_ratio": null,
            "reinvestment_rate": null,
            "research_to_sale_ratio": null,
            "price_fair": 0,
            "eps_avg_yearly": 0,
            "eps_latest_yearly": 0,
            "eps_growth_yearly": 0
        },
        "20093": {
            "year_quarter": 20093,
            "year": 2009,
            "quarter": 3,
            "eps": null,
            "eps_growth_year": null,
            "eps_4q": null,
            "eps_4q_growth_year": null,
            "roe": null,
            "roe_4q": 0,
            "gross_profit": null,
            "gross_margin": null,
            "gross_margin_4q_avg": 0,
            "net_income": null,
            "net_income_4q": null,
            "revenue": null,
            "revenue_4q": null,
            "common_shares": null,
            "book_valuer_per_share": null,
            "book_valuer_per_share_4q_avg": 2.98,
            "equity": null,
            "current_ratio": null,
            "debt_ratio": null,
            "inventory_turnover_ratio": null,
            "account_receivable_turnover_ratio": null,
            "reinvestment_rate": null,
            "research_to_sale_ratio": null,
            "price_fair": 0,
            "eps_avg_yearly": 0,
            "eps_latest_yearly": 0,
            "eps_growth_yearly": 0
        },
        "20094": {
            "year_quarter": 20094,
            "year": 2009,
            "quarter": 4,
            "eps": null,
            "eps_growth_year": null,
            "eps_4q": null,
            "eps_4q_growth_year": null,
            "roe": null,
            "roe_4q": 0,
            "gross_profit": null,
            "gross_margin": null,
            "gross_margin_4q_avg": 0,
            "net_income": null,
            "net_income_4q": null,
            "revenue": null,
            "revenue_4q": null,
            "common_shares": 36818,
            "book_valuer_per_share": 70.81,
            "book_valuer_per_share_4q_avg": 17.7,
            "equity": 260714,
            "current_ratio": 134.68,
            "debt_ratio": 50.41,
            "inventory_turnover_ratio": null,
            "account_receivable_turnover_ratio": null,
            "reinvestment_rate": null,
            "research_to_sale_ratio": null,
            "price_fair": 0,
            "eps_avg_yearly": 0,
            "eps_latest_yearly": 0,
            "eps_growth_yearly": 0
        },
        "20101": {
            "year_quarter": 20101,
            "year": 2010,
            "quarter": 1,
            "eps": null,
            "eps_growth_year": null,
            "eps_4q": null,
            "eps_4q_growth_year": null,
            "roe": null,
            "roe_4q": 0,
            "gross_profit": 25053,
            "gross_margin": null,
            "gross_margin_4q_avg": 0,
            "net_income": 43817,
            "net_income_4q": null,
            "revenue": 133703,
            "revenue_4q": null,
            "common_shares": 36818,
            "book_valuer_per_share": 82.05,
            "book_valuer_per_share_4q_avg": 38.22,
            "equity": 302099,
            "current_ratio": 99.85,
            "debt_ratio": 54.52,
            "inventory_turnover_ratio": null,
            "account_receivable_turnover_ratio": null,
            "reinvestment_rate": null,
            "research_to_sale_ratio": null,
            "price_fair": 0,
            "eps_avg_yearly": 0,
            "eps_latest_yearly": 0,
            "eps_growth_yearly": 0
        },
        "20102": {
            "year_quarter": 20102,
            "year": 2010,
            "quarter": 2,
            "eps": null,
            "eps_growth_year": null,
            "eps_4q": null,
            "eps_4q_growth_year": null,
            "roe": null,
            "roe_4q": 0,
            "gross_profit": 37387,
            "gross_margin": null,
            "gross_margin_4q_avg": 0,
            "net_income": 56113,
            "net_income_4q": null,
            "revenue": 169263,
            "revenue_4q": null,
            "common_shares": 303818,
            "book_valuer_per_share": 20.28,
            "book_valuer_per_share_4q_avg": 43.29,
            "equity": 616037,
            "current_ratio": 166.28,
            "debt_ratio": 41.06,
            "inventory_turnover_ratio": null,
            "account_receivable_turnover_ratio": null,
            "reinvestment_rate": null,
            "research_to_sale_ratio": null,
            "price_fair": 0,
            "eps_avg_yearly": 0,
            "eps_latest_yearly": 0,
            "eps_growth_yearly": 0
        },
        "20103": {
            "year_quarter": 20103,
            "year": 2010,
            "quarter": 3,
            "eps": null,
            "eps_growth_year": null,
            "eps_4q": null,
            "eps_4q_growth_year": null,
            "roe": null,
            "roe_4q": 0,
            "gross_profit": 46307,
            "gross_margin": null,
            "gross_margin_4q_avg": 0,
            "net_income": 39482,
            "net_income_4q": null,
            "revenue": 187930,
            "revenue_4q": null,
            "common_shares": 303818,
            "book_valuer_per_share": 21.44,
            "book_valuer_per_share_4q_avg": 48.65,
            "equity": 651456,
            "current_ratio": 158.32,
            "debt_ratio": 41.28,
            "inventory_turnover_ratio": null,
            "account_receivable_turnover_ratio": null,
            "reinvestment_rate": null,
            "research_to_sale_ratio": null,
            "price_fair": 0,
            "eps_avg_yearly": 0,
            "eps_latest_yearly": 0,
            "eps_growth_yearly": 0
        },
        "20104": {
            "year_quarter": 20104,
            "year": 2010,
            "quarter": 4,
            "eps": null,
            "eps_growth_year": null,
            "eps_4q": null,
            "eps_4q_growth_year": null,
            "roe": null,
            "roe_4q": 0,
            "gross_profit": 365927,
            "gross_margin": null,
            "gross_margin_4q_avg": 0,
            "net_income": 172072,
            "net_income_4q": null,
            "revenue": 849714,
            "revenue_4q": null,
            "common_shares": 303818,
            "book_valuer_per_share": 21.72,
            "book_valuer_per_share_4q_avg": 36.37,
            "equity": 660023,
            "current_ratio": 195.23,
            "debt_ratio": 37.61,
            "inventory_turnover_ratio": null,
            "account_receivable_turnover_ratio": null,
            "reinvestment_rate": null,
            "research_to_sale_ratio": null,
            "price_fair": 0,
            "eps_avg_yearly": 0,
            "eps_latest_yearly": 0,
            "eps_growth_yearly": 0
        },
        "20111": {
            "year_quarter": 20111,
            "year": 2011,
            "quarter": 1,
            "eps": null,
            "eps_growth_year": null,
            "eps_4q": null,
            "eps_4q_growth_year": null,
            "roe": null,
            "roe_4q": 0,
            "gross_profit": 88801,
            "gross_margin": null,
            "gross_margin_4q_avg": 0,
            "net_income": 42714,
            "net_income_4q": null,
            "revenue": 253967,
            "revenue_4q": null,
            "common_shares": 303818,
            "book_valuer_per_share": 23.41,
            "book_valuer_per_share_4q_avg": 21.71,
            "equity": 711090,
            "current_ratio": 206.14,
            "debt_ratio": 32.89,
            "inventory_turnover_ratio": null,
            "account_receivable_turnover_ratio": null,
            "reinvestment_rate": null,
            "research_to_sale_ratio": null,
            "price_fair": 0,
            "eps_avg_yearly": 0,
            "eps_latest_yearly": 0,
            "eps_growth_yearly": 0
        },
        "20112": {
            "year_quarter": 20112,
            "year": 2011,
            "quarter": 2,
            "eps": 1.32,
            "eps_growth_year": null,
            "eps_4q": 1.32,
            "eps_4q_growth_year": null,
            "roe": 6.36,
            "roe_4q": 6.36,
            "gross_profit": 110061,
            "gross_margin": 43.58,
            "gross_margin_4q_avg": 10.9,
            "net_income": 45117,
            "net_income_4q": null,
            "revenue": 252539,
            "revenue_4q": null,
            "common_shares": 303818,
            "book_valuer_per_share": 23.27,
            "book_valuer_per_share_4q_avg": 22.46,
            "equity": 707001,
            "current_ratio": 150.67,
            "debt_ratio": 43.49,
            "inventory_turnover_ratio": 0.53,
            "account_receivable_turnover_ratio": 2.11,
            "reinvestment_rate": null,
            "research_to_sale_ratio": null,
            "price_fair": 0,
            "eps_avg_yearly": 0,
            "eps_latest_yearly": 0,
            "eps_growth_yearly": 0
        },
        "20113": {
            "year_quarter": 20113,
            "year": 2011,
            "quarter": 3,
            "eps": 1.96,
            "eps_growth_year": null,
            "eps_4q": 3.28,
            "eps_4q_growth_year": null,
            "roe": 8.84,
            "roe_4q": 15.2,
            "gross_profit": 116515,
            "gross_margin": 38.99,
            "gross_margin_4q_avg": 20.64,
            "net_income": 67006,
            "net_income_4q": null,
            "revenue": 298827,
            "revenue_4q": null,
            "common_shares": 341330,
            "book_valuer_per_share": 23.72,
            "book_valuer_per_share_4q_avg": 23.03,
            "equity": 809760,
            "current_ratio": 149.49,
            "debt_ratio": 42.91,
            "inventory_turnover_ratio": 0.56,
            "account_receivable_turnover_ratio": 1.2,
            "reinvestment_rate": null,
            "research_to_sale_ratio": 3.16,
            "price_fair": 274.4,
            "eps_avg_yearly": 7.84,
            "eps_latest_yearly": 7.84,
            "eps_growth_yearly": 193.94
        },
        "20114": {
            "year_quarter": 20114,
            "year": 2011,
            "quarter": 4,
            "eps": 0.87,
            "eps_growth_year": null,
            "eps_4q": 3.86,
            "eps_4q_growth_year": null,
            "roe": 3.51,
            "roe_4q": 18.71,
            "gross_profit": 86748,
            "gross_margin": 28.7,
            "gross_margin_4q_avg": 27.82,
            "net_income": 32679,
            "net_income_4q": null,
            "revenue": 302224,
            "revenue_4q": null,
            "common_shares": 374680,
            "book_valuer_per_share": 28.12,
            "book_valuer_per_share_4q_avg": 24.63,
            "equity": 1053429,
            "current_ratio": 200.5,
            "debt_ratio": 32.77,
            "inventory_turnover_ratio": 0.54,
            "account_receivable_turnover_ratio": 1.17,
            "reinvestment_rate": null,
            "research_to_sale_ratio": 3.24,
            "price_fair": 16.98,
            "eps_avg_yearly": 5.66,
            "eps_latest_yearly": 3.48,
            "eps_growth_yearly": -14.25
        },
        "20121": {
            "year_quarter": 20121,
            "year": 2012,
            "quarter": 1,
            "eps": 0.91,
            "eps_growth_year": null,
            "eps_4q": 4.77,
            "eps_4q_growth_year": null,
            "roe": 3.19,
            "roe_4q": 21.9,
            "gross_profit": 98176,
            "gross_margin": 31.81,
            "gross_margin_4q_avg": 35.77,
            "net_income": 33917,
            "net_income_4q": null,
            "revenue": 308612,
            "revenue_4q": null,
            "common_shares": 374680,
            "book_valuer_per_share": 28.61,
            "book_valuer_per_share_4q_avg": 25.93,
            "equity": 1072038,
            "current_ratio": 196.79,
            "debt_ratio": 34.26,
            "inventory_turnover_ratio": 0.46,
            "account_receivable_turnover_ratio": 1.14,
            "reinvestment_rate": null,
            "research_to_sale_ratio": 3.06,
            "price_fair": 14.96,
            "eps_avg_yearly": 4.99,
            "eps_latest_yearly": 3.64,
            "eps_growth_yearly": -3.37
        },
        "20122": {
            "year_quarter": 20122,
            "year": 2012,
            "quarter": 2,
            "eps": 1.35,
            "eps_growth_year": 2.38,
            "eps_4q": 4.92,
            "eps_4q_growth_year": 272.15,
            "roe": 4.95,
            "roe_4q": 20.490000000000002,
            "gross_profit": 115835,
            "gross_margin": 34.43,
            "gross_margin_4q_avg": 33.48,
            "net_income": 50704,
            "net_income_4q": null,
            "revenue": 336456,
            "revenue_4q": null,
            "common_shares": 374680,
            "book_valuer_per_share": 26.03,
            "book_valuer_per_share_4q_avg": 26.62,
            "equity": 975406,
            "current_ratio": 153.05,
            "debt_ratio": 42.56,
            "inventory_turnover_ratio": 0.46,
            "account_receivable_turnover_ratio": 1.15,
            "reinvestment_rate": null,
            "research_to_sale_ratio": 2.97,
            "price_fair": 178.15,
            "eps_avg_yearly": 5.09,
            "eps_latest_yearly": 5.4,
            "eps_growth_yearly": 45.82
        },
        "20123": {
            "year_quarter": 20123,
            "year": 2012,
            "quarter": 3,
            "eps": 1.07,
            "eps_growth_year": -45.52,
            "eps_4q": 4.2,
            "eps_4q_growth_year": 27.87,
            "roe": 4.04,
            "roe_4q": 15.69,
            "gross_profit": 112527,
            "gross_margin": 34.69,
            "gross_margin_4q_avg": 32.41,
            "net_income": 40074,
            "net_income_4q": null,
            "revenue": 324353,
            "revenue_4q": null,
            "common_shares": 374680,
            "book_valuer_per_share": 26.97,
            "book_valuer_per_share_4q_avg": 27.43,
            "equity": 1010481,
            "current_ratio": 192.84,
            "debt_ratio": 35.42,
            "inventory_turnover_ratio": 0.48,
            "account_receivable_turnover_ratio": 1.15,
            "reinvestment_rate": null,
            "research_to_sale_ratio": 3.65,
            "price_fair": 148.16,
            "eps_avg_yearly": 4.93,
            "eps_latest_yearly": 4.28,
            "eps_growth_yearly": 20.06
        },
        "20124": {
            "year_quarter": 20124,
            "year": 2012,
            "quarter": 4,
            "eps": 1.64,
            "eps_growth_year": 88.22,
            "eps_4q": 4.97,
            "eps_4q_growth_year": 28.59,
            "roe": 5.91,
            "roe_4q": 18.09,
            "gross_profit": 136741,
            "gross_margin": 34.05,
            "gross_margin_4q_avg": 33.75,
            "net_income": 61507,
            "net_income_4q": null,
            "revenue": 401549,
            "revenue_4q": null,
            "common_shares": 374680,
            "book_valuer_per_share": 28.57,
            "book_valuer_per_share_4q_avg": 27.55,
            "equity": 1070504,
            "current_ratio": 245.93,
            "debt_ratio": 30.43,
            "inventory_turnover_ratio": 0.75,
            "account_receivable_turnover_ratio": 1.32,
            "reinvestment_rate": null,
            "research_to_sale_ratio": 3.1,
            "price_fair": 182,
            "eps_avg_yearly": 5.2,
            "eps_latest_yearly": 6.56,
            "eps_growth_yearly": 52.23
        },
        "20131": {
            "year_quarter": 20131,
            "year": 2013,
            "quarter": 1,
            "eps": 1.52,
            "eps_growth_year": 67.03,
            "eps_4q": 5.58,
            "eps_4q_growth_year": 17,
            "roe": 5.11,
            "roe_4q": 20.009999999999998,
            "gross_profit": 124729,
            "gross_margin": 34.08,
            "gross_margin_4q_avg": 34.31,
            "net_income": 56818,
            "net_income_4q": null,
            "revenue": 365985,
            "revenue_4q": null,
            "common_shares": 374680,
            "book_valuer_per_share": 30.77,
            "book_valuer_per_share_4q_avg": 28.09,
            "equity": 1152987,
            "current_ratio": 251.46,
            "debt_ratio": 29.45,
            "inventory_turnover_ratio": 0.84,
            "account_receivable_turnover_ratio": 1.15,
            "reinvestment_rate": null,
            "research_to_sale_ratio": 3.44,
            "price_fair": 186.4,
            "eps_avg_yearly": 5.33,
            "eps_latest_yearly": 6.08,
            "eps_growth_yearly": 40.59
        },
        "20132": {
            "year_quarter": 20132,
            "year": 2013,
            "quarter": 2,
            "eps": 1.93,
            "eps_growth_year": 42.62,
            "eps_4q": 5.6,
            "eps_4q_growth_year": 13.89,
            "roe": 6.32,
            "roe_4q": 21.38,
            "gross_profit": 157770,
            "gross_margin": 34.67,
            "gross_margin_4q_avg": 34.37,
            "net_income": 72502,
            "net_income_4q": null,
            "revenue": 455119,
            "revenue_4q": null,
            "common_shares": 374680,
            "book_valuer_per_share": 30.44,
            "book_valuer_per_share_4q_avg": 29.19,
            "equity": 1140658,
            "current_ratio": 174.08,
            "debt_ratio": 39.1,
            "inventory_turnover_ratio": 1.04,
            "account_receivable_turnover_ratio": 1.38,
            "reinvestment_rate": null,
            "research_to_sale_ratio": 3.18,
            "price_fair": 196.88,
            "eps_avg_yearly": 5.63,
            "eps_latest_yearly": 7.72,
            "eps_growth_yearly": 49
        },
        "20133": {
            "year_quarter": 20133,
            "year": 2013,
            "quarter": 3,
            "eps": 1.79,
            "eps_growth_year": 67.36,
            "eps_4q": 6.42,
            "eps_4q_growth_year": 52.86,
            "roe": 6.29,
            "roe_4q": 23.63,
            "gross_profit": 166218,
            "gross_margin": 33.65,
            "gross_margin_4q_avg": 34.11,
            "net_income": 73796,
            "net_income_4q": null,
            "revenue": 493977,
            "revenue_4q": null,
            "common_shares": 412148,
            "book_valuer_per_share": 29.28,
            "book_valuer_per_share_4q_avg": 29.77,
            "equity": 1206776,
            "current_ratio": 170.41,
            "debt_ratio": 38.55,
            "inventory_turnover_ratio": 1.01,
            "account_receivable_turnover_ratio": 1.3,
            "reinvestment_rate": null,
            "research_to_sale_ratio": 3.12,
            "price_fair": 202.84,
            "eps_avg_yearly": 5.8,
            "eps_latest_yearly": 7.16,
            "eps_growth_yearly": 40.34
        },
        "20134": {
            "year_quarter": 20134,
            "year": 2013,
            "quarter": 4,
            "eps": 2.01,
            "eps_growth_year": 22.36,
            "eps_4q": 6.94,
            "eps_4q_growth_year": 39.58,
            "roe": 6.59,
            "roe_4q": 24.31,
            "gross_profit": 171363,
            "gross_margin": 35.34,
            "gross_margin_4q_avg": 34.44,
            "net_income": 82783,
            "net_income_4q": null,
            "revenue": 484940,
            "revenue_4q": null,
            "common_shares": 412148,
            "book_valuer_per_share": 31.68,
            "book_valuer_per_share_4q_avg": 30.54,
            "equity": 1305713,
            "current_ratio": 171.76,
            "debt_ratio": 35.24,
            "inventory_turnover_ratio": 0.89,
            "account_receivable_turnover_ratio": 1.23,
            "reinvestment_rate": 72.83,
            "research_to_sale_ratio": 3.31,
            "price_fair": 210.7,
            "eps_avg_yearly": 6.02,
            "eps_latest_yearly": 8.04,
            "eps_growth_yearly": 41.22
        },
        "20141": {
            "year_quarter": 20141,
            "year": 2014,
            "quarter": 1,
            "eps": 1.72,
            "eps_growth_year": 13.16,
            "eps_4q": 7.28,
            "eps_4q_growth_year": 30.36,
            "roe": 5.29,
            "roe_4q": 24.49,
            "gross_profit": 161095,
            "gross_margin": 33.84,
            "gross_margin_4q_avg": 34.38,
            "net_income": 70761,
            "net_income_4q": null,
            "revenue": 476096,
            "revenue_4q": null,
            "common_shares": 412148,
            "book_valuer_per_share": 33.25,
            "book_valuer_per_share_4q_avg": 31.16,
            "equity": 1370300,
            "current_ratio": 195.15,
            "debt_ratio": 32.68,
            "inventory_turnover_ratio": 0.94,
            "account_receivable_turnover_ratio": 1.19,
            "reinvestment_rate": 86.16,
            "research_to_sale_ratio": 3.94,
            "price_fair": 213.44,
            "eps_avg_yearly": 6.1,
            "eps_latest_yearly": 6.88,
            "eps_growth_yearly": 32.22
        },
        "20142": {
            "year_quarter": 20142,
            "year": 2014,
            "quarter": 2,
            "eps": 1.93,
            "eps_growth_year": 0,
            "eps_4q": 7.45,
            "eps_4q_growth_year": 32.98,
            "roe": 6.14,
            "roe_4q": 24.31,
            "gross_profit": 188392,
            "gross_margin": 39.66,
            "gross_margin_4q_avg": 35.62,
            "net_income": 79719,
            "net_income_4q": null,
            "revenue": 474985,
            "revenue_4q": null,
            "common_shares": 412148,
            "book_valuer_per_share": 29.8,
            "book_valuer_per_share_4q_avg": 31,
            "equity": 1228004,
            "current_ratio": 136.64,
            "debt_ratio": 43.68,
            "inventory_turnover_ratio": 0.82,
            "account_receivable_turnover_ratio": 1.17,
            "reinvestment_rate": 84.93,
            "research_to_sale_ratio": 3.59,
            "price_fair": 218.17,
            "eps_avg_yearly": 6.23,
            "eps_latest_yearly": 7.72,
            "eps_growth_yearly": 33.61
        },
        "20143": {
            "year_quarter": 20143,
            "year": 2014,
            "quarter": 3,
            "eps": 1.56,
            "eps_growth_year": -12.85,
            "eps_4q": 6.13,
            "eps_4q_growth_year": -4.59,
            "roe": 3.9,
            "roe_4q": 21.919999999999998,
            "gross_profit": 194608,
            "gross_margin": 34.76,
            "gross_margin_4q_avg": 35.9,
            "net_income": 64957,
            "net_income_4q": null,
            "revenue": 559887,
            "revenue_4q": null,
            "common_shares": 492148,
            "book_valuer_per_share": 42.41,
            "book_valuer_per_share_4q_avg": 34.29,
            "equity": 2103539,
            "current_ratio": 301.19,
            "debt_ratio": 19.74,
            "inventory_turnover_ratio": 0.96,
            "account_receivable_turnover_ratio": 1.33,
            "reinvestment_rate": 116.69,
            "research_to_sale_ratio": 2.73,
            "price_fair": 218.18,
            "eps_avg_yearly": 6.23,
            "eps_latest_yearly": 6.24,
            "eps_growth_yearly": 25.12
        },
        "20144": {
            "year_quarter": 20144,
            "year": 2014,
            "quarter": 4,
            "eps": 1.17,
            "eps_growth_year": -41.6,
            "eps_4q": 5.62,
            "eps_4q_growth_year": -19.03,
            "roe": 2.61,
            "roe_4q": 17.939999999999998,
            "gross_profit": 152455,
            "gross_margin": 33.09,
            "gross_margin_4q_avg": 35.34,
            "net_income": 56020,
            "net_income_4q": null,
            "revenue": 460692,
            "revenue_4q": null,
            "common_shares": 492148,
            "book_valuer_per_share": 44.25,
            "book_valuer_per_share_4q_avg": 37.43,
            "equity": 2192826,
            "current_ratio": 401.41,
            "debt_ratio": 19.21,
            "inventory_turnover_ratio": 0.75,
            "account_receivable_turnover_ratio": 1.14,
            "reinvestment_rate": 24.25,
            "research_to_sale_ratio": 3.85,
            "price_fair": 160.34,
            "eps_avg_yearly": 6.12,
            "eps_latest_yearly": 4.68,
            "eps_growth_yearly": 16.19
        },
        "20151": {
            "year_quarter": 20151,
            "year": 2015,
            "quarter": 1,
            "eps": 1.18,
            "eps_growth_year": -31.4,
            "eps_4q": 5.35,
            "eps_4q_growth_year": -26.41,
            "roe": 2.62,
            "roe_4q": 15.27,
            "gross_profit": 162525,
            "gross_margin": 31.23,
            "gross_margin_4q_avg": 34.69,
            "net_income": 57834,
            "net_income_4q": null,
            "revenue": 520386,
            "revenue_4q": null,
            "common_shares": 492148,
            "book_valuer_per_share": 45.19,
            "book_valuer_per_share_4q_avg": 40.41,
            "equity": 2223908,
            "current_ratio": 427.41,
            "debt_ratio": 18.18,
            "inventory_turnover_ratio": 0.77,
            "account_receivable_turnover_ratio": 1.24,
            "reinvestment_rate": 57.87,
            "research_to_sale_ratio": 3.17,
            "price_fair": 152.76,
            "eps_avg_yearly": 6.03,
            "eps_latest_yearly": 4.72,
            "eps_growth_yearly": 15.34
        },
        "20152": {
            "year_quarter": 20152,
            "year": 2015,
            "quarter": 2,
            "eps": 1.24,
            "eps_growth_year": -35.75,
            "eps_4q": 4.98,
            "eps_4q_growth_year": -33.17,
            "roe": 2.88,
            "roe_4q": 12.01,
            "gross_profit": 165264,
            "gross_margin": 33.37,
            "gross_margin_4q_avg": 33.11,
            "net_income": 61260,
            "net_income_4q": null,
            "revenue": 495287,
            "revenue_4q": null,
            "common_shares": 492148,
            "book_valuer_per_share": 41.37,
            "book_valuer_per_share_4q_avg": 43.31,
            "equity": 2035974,
            "current_ratio": 272.1,
            "debt_ratio": 25.66,
            "inventory_turnover_ratio": 0.7,
            "account_receivable_turnover_ratio": 1.11,
            "reinvestment_rate": 0.89,
            "research_to_sale_ratio": 3.31,
            "price_fair": 152.93,
            "eps_avg_yearly": 5.96,
            "eps_latest_yearly": 4.96,
            "eps_growth_yearly": 15.65
        },
        "20153": {
            "year_quarter": 20153,
            "year": 2015,
            "quarter": 3,
            "eps": 1.23,
            "eps_growth_year": -21.15,
            "eps_4q": 4.82,
            "eps_4q_growth_year": -21.29,
            "roe": 2.9,
            "roe_4q": 11.009999999999998,
            "gross_profit": 121208,
            "gross_margin": 27.97,
            "gross_margin_4q_avg": 31.42,
            "net_income": 60479,
            "net_income_4q": null,
            "revenue": 433336,
            "revenue_4q": null,
            "common_shares": 492148,
            "book_valuer_per_share": 43.5,
            "book_valuer_per_share_4q_avg": 43.58,
            "equity": 2140750,
            "current_ratio": 358.91,
            "debt_ratio": 20.51,
            "inventory_turnover_ratio": 0.65,
            "account_receivable_turnover_ratio": 1.01,
            "reinvestment_rate": -9.21,
            "research_to_sale_ratio": 3.99,
            "price_fair": 77.02,
            "eps_avg_yearly": 5.78,
            "eps_latest_yearly": 4.92,
            "eps_growth_yearly": 3.33
        },
        "20154": {
            "year_quarter": 20154,
            "year": 2015,
            "quarter": 4,
            "eps": 1.43,
            "eps_growth_year": 21.59,
            "eps_4q": 5.07,
            "eps_4q_growth_year": -9.64,
            "roe": 3.24,
            "roe_4q": 11.64,
            "gross_profit": 155348,
            "gross_margin": 29.71,
            "gross_margin_4q_avg": 30.57,
            "net_income": 70190,
            "net_income_4q": null,
            "revenue": 522796,
            "revenue_4q": null,
            "common_shares": 492148,
            "book_valuer_per_share": 44.53,
            "book_valuer_per_share_4q_avg": 43.65,
            "equity": 2191722,
            "current_ratio": 351.25,
            "debt_ratio": 21.3,
            "inventory_turnover_ratio": 0.82,
            "account_receivable_turnover_ratio": 1.2,
            "reinvestment_rate": -20.56,
            "research_to_sale_ratio": 3.64,
            "price_fair": 185.26,
            "eps_avg_yearly": 5.92,
            "eps_latest_yearly": 5.72,
            "eps_growth_yearly": 21.29
        },
        "20161": {
            "year_quarter": 20161,
            "year": 2016,
            "quarter": 1,
            "eps": 1.16,
            "eps_growth_year": -1.69,
            "eps_4q": 5.06,
            "eps_4q_growth_year": -5.54,
            "roe": 2.58,
            "roe_4q": 11.600000000000001,
            "gross_profit": 158886,
            "gross_margin": 31.85,
            "gross_margin_4q_avg": 30.73,
            "net_income": 56970,
            "net_income_4q": null,
            "revenue": 498881,
            "revenue_4q": null,
            "common_shares": 492148,
            "book_valuer_per_share": 45.22,
            "book_valuer_per_share_4q_avg": 43.66,
            "equity": 2225681,
            "current_ratio": 313.53,
            "debt_ratio": 23.51,
            "inventory_turnover_ratio": 0.86,
            "account_receivable_turnover_ratio": 1.1,
            "reinvestment_rate": -26.4,
            "research_to_sale_ratio": 4.08,
            "price_fair": 152.1,
            "eps_avg_yearly": 5.98,
            "eps_latest_yearly": 4.64,
            "eps_growth_yearly": 15.42
        },
        "20162": {
            "year_quarter": 20162,
            "year": 2016,
            "quarter": 2,
            "eps": 1.46,
            "eps_growth_year": 17.74,
            "eps_4q": 5.28,
            "eps_4q_growth_year": 5.98,
            "roe": 3.32,
            "roe_4q": 12.040000000000001,
            "gross_profit": 186543,
            "gross_margin": 34.56,
            "gross_margin_4q_avg": 31.02,
            "net_income": 72041,
            "net_income_4q": null,
            "revenue": 539696,
            "revenue_4q": null,
            "common_shares": 492148,
            "book_valuer_per_share": 43.06,
            "book_valuer_per_share_4q_avg": 44.08,
            "equity": 2119084,
            "current_ratio": 239.73,
            "debt_ratio": 29.63,
            "inventory_turnover_ratio": 0.93,
            "account_receivable_turnover_ratio": 1.12,
            "reinvestment_rate": -32.09,
            "research_to_sale_ratio": 4.18,
            "price_fair": 119.01,
            "eps_avg_yearly": 6.01,
            "eps_latest_yearly": 5.84,
            "eps_growth_yearly": 9.8
        },
        "20163": {
            "year_quarter": 20163,
            "year": 2016,
            "quarter": 3,
            "eps": 1.48,
            "eps_growth_year": 20.33,
            "eps_4q": 5.52,
            "eps_4q_growth_year": 14.55,
            "roe": 3.4,
            "roe_4q": 12.540000000000001,
            "gross_profit": 212980,
            "gross_margin": 40.84,
            "gross_margin_4q_avg": 34.24,
            "net_income": 72621,
            "net_income_4q": null,
            "revenue": 521474,
            "revenue_4q": null,
            "common_shares": 492148,
            "book_valuer_per_share": 43.67,
            "book_valuer_per_share_4q_avg": 44.12,
            "equity": 2149119,
            "current_ratio": 234.76,
            "debt_ratio": 30.71,
            "inventory_turnover_ratio": 0.87,
            "account_receivable_turnover_ratio": 1.09,
            "reinvestment_rate": -35.22,
            "research_to_sale_ratio": 4.38,
            "price_fair": 154.83,
            "eps_avg_yearly": 6.11,
            "eps_latest_yearly": 5.92,
            "eps_growth_yearly": 15.33
        },
        "20164": {
            "year_quarter": 20164,
            "year": 2016,
            "quarter": 4,
            "eps": 2.85,
            "eps_growth_year": 99.64,
            "eps_4q": 6.94,
            "eps_4q_growth_year": 36.83,
            "roe": 6.33,
            "roe_4q": 15.63,
            "gross_profit": 254330,
            "gross_margin": 44.05,
            "gross_margin_4q_avg": 37.83,
            "net_income": 140130,
            "net_income_4q": null,
            "revenue": 577343,
            "revenue_4q": null,
            "common_shares": 492148,
            "book_valuer_per_share": 46.29,
            "book_valuer_per_share_4q_avg": 44.56,
            "equity": 2278145,
            "current_ratio": 226.91,
            "debt_ratio": 29.71,
            "inventory_turnover_ratio": 0.89,
            "account_receivable_turnover_ratio": 1.2,
            "reinvestment_rate": -24.81,
            "research_to_sale_ratio": 4.06,
            "price_fair": 224.53,
            "eps_avg_yearly": 6.42,
            "eps_latest_yearly": 11.4,
            "eps_growth_yearly": 25.15
        },
        "20171": {
            "year_quarter": 20171,
            "year": 2017,
            "quarter": 1,
            "eps": 1.65,
            "eps_growth_year": 42.24,
            "eps_4q": 7.44,
            "eps_4q_growth_year": 47.13,
            "roe": 3.56,
            "roe_4q": 16.61,
            "gross_profit": 247078,
            "gross_margin": 39.97,
            "gross_margin_4q_avg": 39.86,
            "net_income": 81406,
            "net_income_4q": null,
            "revenue": 618222,
            "revenue_4q": null,
            "common_shares": 492148,
            "book_valuer_per_share": 46.51,
            "book_valuer_per_share_4q_avg": 44.88,
            "equity": 2288882,
            "current_ratio": 212.31,
            "debt_ratio": 31.35,
            "inventory_turnover_ratio": 1.02,
            "account_receivable_turnover_ratio": 1.17,
            "reinvestment_rate": 42.72,
            "research_to_sale_ratio": 3.55,
            "price_fair": 170.58,
            "eps_avg_yearly": 6.45,
            "eps_latest_yearly": 6.6,
            "eps_growth_yearly": 16.46
        },
        "20172": {
            "year_quarter": 20172,
            "year": 2017,
            "quarter": 2,
            "eps": 1.98,
            "eps_growth_year": 35.62,
            "eps_4q": 7.96,
            "eps_4q_growth_year": 50.8,
            "roe": 4.37,
            "roe_4q": 17.66,
            "gross_profit": 224586,
            "gross_margin": 42.1,
            "gross_margin_4q_avg": 41.74,
            "net_income": 97448,
            "net_income_4q": null,
            "revenue": 533507,
            "revenue_4q": null,
            "common_shares": 492148,
            "book_valuer_per_share": 44.08,
            "book_valuer_per_share_4q_avg": 45.14,
            "equity": 2169174,
            "current_ratio": 199.25,
            "debt_ratio": 32.45,
            "inventory_turnover_ratio": 0.79,
            "account_receivable_turnover_ratio": 1,
            "reinvestment_rate": 41.01,
            "research_to_sale_ratio": 4.18,
            "price_fair": 159.65,
            "eps_avg_yearly": 6.46,
            "eps_latest_yearly": 7.92,
            "eps_growth_yearly": 14.71
        },
        "20173": {
            "year_quarter": 20173,
            "year": 2017,
            "quarter": 3,
            "eps": 2.28,
            "eps_growth_year": 54.05,
            "eps_4q": 8.76,
            "eps_4q_growth_year": 58.6,
            "roe": 5.01,
            "roe_4q": 19.27,
            "gross_profit": 250712,
            "gross_margin": 39.54,
            "gross_margin_4q_avg": 41.42,
            "net_income": 112137,
            "net_income_4q": null,
            "revenue": 634099,
            "revenue_4q": null,
            "common_shares": 492148,
            "book_valuer_per_share": 46.81,
            "book_valuer_per_share_4q_avg": 45.92,
            "equity": 2303577,
            "current_ratio": 235.43,
            "debt_ratio": 26.76,
            "inventory_turnover_ratio": 0.86,
            "account_receivable_turnover_ratio": 1.14,
            "reinvestment_rate": 43.76,
            "research_to_sale_ratio": 4.37,
            "price_fair": 199.55,
            "eps_avg_yearly": 6.58,
            "eps_latest_yearly": 9.12,
            "eps_growth_yearly": 20.31
        },
        "20174": {
            "year_quarter": 20174,
            "year": 2017,
            "quarter": 4,
            "eps": 2.14,
            "eps_growth_year": -24.96,
            "eps_4q": 8.05,
            "eps_4q_growth_year": 15.91,
            "roe": 4.46,
            "roe_4q": 17.4,
            "gross_profit": 235450,
            "gross_margin": 39.01,
            "gross_margin_4q_avg": 40.16,
            "net_income": 105153,
            "net_income_4q": null,
            "revenue": 603582,
            "revenue_4q": null,
            "common_shares": 492148,
            "book_valuer_per_share": 48.98,
            "book_valuer_per_share_4q_avg": 46.6,
            "equity": 2410557,
            "current_ratio": 224.22,
            "debt_ratio": 28.39,
            "inventory_turnover_ratio": 0.74,
            "account_receivable_turnover_ratio": 1.04,
            "reinvestment_rate": 45.03,
            "research_to_sale_ratio": 4.63,
            "price_fair": 170.05,
            "eps_avg_yearly": 6.62,
            "eps_latest_yearly": 8.56,
            "eps_growth_yearly": 15.71
        },
        "20181": {
            "year_quarter": 20181,
            "year": 2018,
            "quarter": 1,
            "eps": 1.54,
            "eps_growth_year": -6.67,
            "eps_4q": 7.95,
            "eps_4q_growth_year": 6.8,
            "roe": 2.93,
            "roe_4q": 16.77,
            "gross_profit": 268628,
            "gross_margin": 39.73,
            "gross_margin_4q_avg": 40.1,
            "net_income": 72963,
            "net_income_4q": null,
            "revenue": 676108,
            "revenue_4q": null,
            "common_shares": 492148,
            "book_valuer_per_share": 50.91,
            "book_valuer_per_share_4q_avg": 47.7,
            "equity": 2577219,
            "current_ratio": 224.04,
            "debt_ratio": 29.1,
            "inventory_turnover_ratio": 0.77,
            "account_receivable_turnover_ratio": 1.15,
            "reinvestment_rate": 48.24,
            "research_to_sale_ratio": 4.39,
            "price_fair": 146.54,
            "eps_avg_yearly": 6.57,
            "eps_latest_yearly": 6.16,
            "eps_growth_yearly": 12.3
        },
        "20182": {
            "year_quarter": 20182,
            "year": 2018,
            "quarter": 2,
            "eps": 3.16,
            "eps_growth_year": 59.6,
            "eps_4q": 7.44,
            "eps_4q_growth_year": -6.49,
            "roe": 5.96,
            "roe_4q": 18.36,
            "gross_profit": 261944,
            "gross_margin": 39.34,
            "gross_margin_4q_avg": 39.41,
            "net_income": 152284,
            "net_income_4q": null,
            "revenue": 665821,
            "revenue_4q": null,
            "common_shares": 492148,
            "book_valuer_per_share": 50.02,
            "book_valuer_per_share_4q_avg": 49.18,
            "equity": 2531107,
            "current_ratio": 201.59,
            "debt_ratio": 33.08,
            "inventory_turnover_ratio": 0.71,
            "account_receivable_turnover_ratio": 1,
            "reinvestment_rate": 46.74,
            "research_to_sale_ratio": 5.36,
            "price_fair": 240.71,
            "eps_avg_yearly": 6.88,
            "eps_latest_yearly": 12.64,
            "eps_growth_yearly": 35.55
        },
        "20183": {
            "year_quarter": 20183,
            "year": 2018,
            "quarter": 3,
            "eps": 1.7,
            "eps_growth_year": -25.44,
            "eps_4q": 7.28,
            "eps_4q_growth_year": -16.93,
            "roe": 3.9,
            "roe_4q": 17.25,
            "gross_profit": 229880,
            "gross_margin": 36.64,
            "gross_margin_4q_avg": 38.68,
            "net_income": 99532,
            "net_income_4q": null,
            "revenue": 627336,
            "revenue_4q": null,
            "common_shares": 492148,
            "book_valuer_per_share": 50.91,
            "book_valuer_per_share_4q_avg": 50.21,
            "equity": 2574260,
            "current_ratio": 191.13,
            "debt_ratio": 35.69,
            "inventory_turnover_ratio": 0.63,
            "account_receivable_turnover_ratio": 0.96,
            "reinvestment_rate": 19.64,
            "research_to_sale_ratio": 6.15,
            "price_fair": 241.94,
            "eps_avg_yearly": 6.91,
            "eps_latest_yearly": 6.8,
            "eps_growth_yearly": 28.79
        },
        "20184": {
            "year_quarter": 20184,
            "year": 2018,
            "quarter": 4,
            "eps": 1.51,
            "eps_growth_year": -29.47,
            "eps_4q": 7.04,
            "eps_4q_growth_year": -12.55,
            "roe": 3.33,
            "roe_4q": 16.12,
            "gross_profit": 199885,
            "gross_margin": 34.43,
            "gross_margin_4q_avg": 37.54,
            "net_income": 87462,
            "net_income_4q": null,
            "revenue": 580518,
            "revenue_4q": null,
            "common_shares": 602881,
            "book_valuer_per_share": 43.29,
            "book_valuer_per_share_4q_avg": 48.78,
            "equity": 2675341,
            "current_ratio": 266.59,
            "debt_ratio": 26.28,
            "inventory_turnover_ratio": 0.56,
            "account_receivable_turnover_ratio": 1,
            "reinvestment_rate": 38.37,
            "research_to_sale_ratio": 5.4,
            "price_fair": 244.91,
            "eps_avg_yearly": 7,
            "eps_latest_yearly": 6.04,
            "eps_growth_yearly": 32.25
        },
        "20191": {
            "year_quarter": 20191,
            "year": 2019,
            "quarter": 1,
            "eps": 1.71,
            "eps_growth_year": 11.04,
            "eps_4q": 7.49,
            "eps_4q_growth_year": -5.69,
            "roe": 3.64,
            "roe_4q": 16.830000000000002,
            "gross_profit": 222979,
            "gross_margin": 35.43,
            "gross_margin_4q_avg": 36.46,
            "net_income": 99793,
            "net_income_4q": null,
            "revenue": 629357,
            "revenue_4q": null,
            "common_shares": 602881,
            "book_valuer_per_share": 45.67,
            "book_valuer_per_share_4q_avg": 47.47,
            "equity": 2813467,
            "current_ratio": 261.41,
            "debt_ratio": 29.84,
            "inventory_turnover_ratio": 0.59,
            "account_receivable_turnover_ratio": 1.09,
            "reinvestment_rate": 46.12,
            "research_to_sale_ratio": 5.32,
            "price_fair": 249.55,
            "eps_avg_yearly": 7.13,
            "eps_latest_yearly": 6.84,
            "eps_growth_yearly": 35.35
        },
        "20192": {
            "year_quarter": 20192,
            "year": 2019,
            "quarter": 2,
            "eps": 1.1,
            "eps_growth_year": -65.19,
            "eps_4q": 6.02,
            "eps_4q_growth_year": -19.15,
            "roe": 2.36,
            "roe_4q": 13.23,
            "gross_profit": 186482,
            "gross_margin": 33.99,
            "gross_margin_4q_avg": 35.12,
            "net_income": 64235,
            "net_income_4q": null,
            "revenue": 548570,
            "revenue_4q": null,
            "common_shares": 602881,
            "book_valuer_per_share": 42.43,
            "book_valuer_per_share_4q_avg": 45.58,
            "equity": 2619264,
            "current_ratio": 221.29,
            "debt_ratio": 32.42,
            "inventory_turnover_ratio": 0.57,
            "account_receivable_turnover_ratio": 1,
            "reinvestment_rate": 40.17,
            "research_to_sale_ratio": 6.63,
            "price_fair": 248.33,
            "eps_avg_yearly": 7.1,
            "eps_latest_yearly": 4.4,
            "eps_growth_yearly": 25.16
        },
        "20193": {
            "year_quarter": 20193,
            "year": 2019,
            "quarter": 3,
            "eps": 1.3,
            "eps_growth_year": -23.53,
            "eps_4q": 5.62,
            "eps_4q_growth_year": -22.75,
            "roe": 2.87,
            "roe_4q": 12.200000000000001,
            "gross_profit": 169708,
            "gross_margin": 30.69,
            "gross_margin_4q_avg": 33.64,
            "net_income": 75648,
            "net_income_4q": null,
            "revenue": 552946,
            "revenue_4q": null,
            "common_shares": 602881,
            "book_valuer_per_share": 42.91,
            "book_valuer_per_share_4q_avg": 43.58,
            "equity": 2645237,
            "current_ratio": 229.96,
            "debt_ratio": 31.69,
            "inventory_turnover_ratio": 0.65,
            "account_receivable_turnover_ratio": 1.1,
            "reinvestment_rate": 27.77,
            "research_to_sale_ratio": 7.22,
            "price_fair": 248.94,
            "eps_avg_yearly": 7.11,
            "eps_latest_yearly": 5.2,
            "eps_growth_yearly": 29.9
        },
        "20194": {
            "year_quarter": 20194,
            "year": 2019,
            "quarter": 4,
            "eps": 0.96,
            "eps_growth_year": -36.28,
            "eps_4q": 5.07,
            "eps_4q_growth_year": -27.94,
            "roe": 2.03,
            "roe_4q": 10.9,
            "gross_profit": 195400,
            "gross_margin": 31.36,
            "gross_margin_4q_avg": 32.87,
            "net_income": 54002,
            "net_income_4q": null,
            "revenue": 623115,
            "revenue_4q": null,
            "common_shares": 602881,
            "book_valuer_per_share": 43.4,
            "book_valuer_per_share_4q_avg": 43.6,
            "equity": 2670658,
            "current_ratio": 247.84,
            "debt_ratio": 31.08,
            "inventory_turnover_ratio": 0.77,
            "account_receivable_turnover_ratio": 1.19,
            "reinvestment_rate": 29.28,
            "research_to_sale_ratio": 6.64,
            "price_fair": 204.96,
            "eps_avg_yearly": 7,
            "eps_latest_yearly": 3.84,
            "eps_growth_yearly": 19.3
        },
        "20201": {
            "year_quarter": 20201,
            "year": 2020,
            "quarter": 1,
            "eps": 1.29,
            "eps_growth_year": -24.56,
            "eps_4q": 4.65,
            "eps_4q_growth_year": -37.93,
            "roe": 2.74,
            "roe_4q": 10,
            "gross_profit": 177857,
            "gross_margin": 31.72,
            "gross_margin_4q_avg": 31.94,
            "net_income": 73852,
            "net_income_4q": null,
            "revenue": 560769,
            "revenue_4q": null,
            "common_shares": 602881,
            "book_valuer_per_share": 44.35,
            "book_valuer_per_share_4q_avg": 43.27,
            "equity": 2719608,
            "current_ratio": 248.79,
            "debt_ratio": 31.04,
            "inventory_turnover_ratio": 0.71,
            "account_receivable_turnover_ratio": 1.08,
            "reinvestment_rate": 31.76,
            "research_to_sale_ratio": 5.41,
            "price_fair": 245.96,
            "eps_avg_yearly": 7.03,
            "eps_latest_yearly": 5.16,
            "eps_growth_yearly": 32.61
        },
        "20202": {
            "year_quarter": 20202,
            "year": 2020,
            "quarter": 2,
            "eps": 1.06,
            "eps_growth_year": -3.64,
            "eps_4q": 4.61,
            "eps_4q_growth_year": -23.3,
            "roe": 2.24,
            "roe_4q": 9.879999999999999,
            "gross_profit": 172681,
            "gross_margin": 32.28,
            "gross_margin_4q_avg": 31.51,
            "net_income": 59157,
            "net_income_4q": null,
            "revenue": 534883,
            "revenue_4q": null,
            "common_shares": 602881,
            "book_valuer_per_share": 41.6,
            "book_valuer_per_share_4q_avg": 43.07,
            "equity": 2550896,
            "current_ratio": 203.34,
            "debt_ratio": 36.16,
            "inventory_turnover_ratio": 0.67,
            "account_receivable_turnover_ratio": 1.05,
            "reinvestment_rate": 30.27,
            "research_to_sale_ratio": 6.74,
            "price_fair": 219.55,
            "eps_avg_yearly": 6.93,
            "eps_latest_yearly": 4.24,
            "eps_growth_yearly": 21.69
        },
        "20203": {
            "year_quarter": 20203,
            "year": 2020,
            "quarter": 3,
            "eps": 2.01,
            "eps_growth_year": 54.62,
            "eps_4q": 5.32,
            "eps_4q_growth_year": -5.39,
            "roe": 4.48,
            "roe_4q": 11.49,
            "gross_profit": 218354,
            "gross_margin": 31.47,
            "gross_margin_4q_avg": 31.71,
            "net_income": 117513,
            "net_income_4q": null,
            "revenue": 693807,
            "revenue_4q": null,
            "common_shares": 602881,
            "book_valuer_per_share": 44.09,
            "book_valuer_per_share_4q_avg": 43.36,
            "equity": 2695632,
            "current_ratio": 222.32,
            "debt_ratio": 32.05,
            "inventory_turnover_ratio": 0.89,
            "account_receivable_turnover_ratio": 1.15,
            "reinvestment_rate": 30.8,
            "research_to_sale_ratio": 4.99,
            "price_fair": 247.1,
            "eps_avg_yearly": 7.06,
            "eps_latest_yearly": 8.04,
            "eps_growth_yearly": 43.76
        },
        "20204": {
            "year_quarter": 20204,
            "year": 2020,
            "quarter": 4,
            "eps": 1.87,
            "eps_growth_year": 95.11,
            "eps_4q": 6.23,
            "eps_4q_growth_year": 22.84,
            "roe": 3.93,
            "roe_4q": 13.39,
            "gross_profit": 254229,
            "gross_margin": 33.95,
            "gross_margin_4q_avg": 32.36,
            "net_income": 108767,
            "net_income_4q": null,
            "revenue": 748940,
            "revenue_4q": null,
            "common_shares": 602881,
            "book_valuer_per_share": 46.52,
            "book_valuer_per_share_4q_avg": 44.14,
            "equity": 2839481,
            "current_ratio": 225.03,
            "debt_ratio": 33.69,
            "inventory_turnover_ratio": 0.92,
            "account_receivable_turnover_ratio": 1.09,
            "reinvestment_rate": 24.74,
            "research_to_sale_ratio": 5.55,
            "price_fair": 196.76,
            "eps_avg_yearly": 6.82,
            "eps_latest_yearly": 7.48,
            "eps_growth_yearly": 18.87
        },
        "20211": {
            "year_quarter": 20211,
            "year": 2021,
            "quarter": 1,
            "eps": 2.14,
            "eps_growth_year": 65.89,
            "eps_4q": 7.09,
            "eps_4q_growth_year": 52.32,
            "roe": 4.33,
            "roe_4q": 14.98,
            "gross_profit": 268428,
            "gross_margin": 34.1,
            "gross_margin_4q_avg": 32.95,
            "net_income": 125334,
            "net_income_4q": null,
            "revenue": 787075,
            "revenue_4q": null,
            "common_shares": 602881,
            "book_valuer_per_share": 48.48,
            "book_valuer_per_share_4q_avg": 45.17,
            "equity": 2952070,
            "current_ratio": 237.6,
            "debt_ratio": 33.07,
            "inventory_turnover_ratio": 0.9,
            "account_receivable_turnover_ratio": 1.11,
            "reinvestment_rate": 22.39,
            "research_to_sale_ratio": 5.17,
            "price_fair": 242.81,
            "eps_avg_yearly": 6.94,
            "eps_latest_yearly": 8.56,
            "eps_growth_yearly": 33.01
        },
        "20212": {
            "year_quarter": 20212,
            "year": 2021,
            "quarter": 2,
            "eps": 2.33,
            "eps_growth_year": 119.81,
            "eps_4q": 8.34,
            "eps_4q_growth_year": 80.75,
            "roe": 4.69,
            "roe_4q": 17.43,
            "gross_profit": 325453,
            "gross_margin": 37.04,
            "gross_margin_4q_avg": 34.14,
            "net_income": 136352,
            "net_income_4q": null,
            "revenue": 878665,
            "revenue_4q": null,
            "common_shares": 602881,
            "book_valuer_per_share": 46.97,
            "book_valuer_per_share_4q_avg": 46.52,
            "equity": 2860108,
            "current_ratio": 201.35,
            "debt_ratio": 39.08,
            "inventory_turnover_ratio": 0.94,
            "account_receivable_turnover_ratio": 1.15,
            "reinvestment_rate": 19.17,
            "research_to_sale_ratio": 5.43,
            "price_fair": 245.88,
            "eps_avg_yearly": 7.03,
            "eps_latest_yearly": 9.32,
            "eps_growth_yearly": 30.23
        },
        "20213": {
            "year_quarter": 20213,
            "year": 2021,
            "quarter": 3,
            "eps": 2.67,
            "eps_growth_year": 32.84,
            "eps_4q": 9.01,
            "eps_4q_growth_year": 69.35,
            "roe": 5.38,
            "roe_4q": 18.330000000000002,
            "gross_profit": 330437,
            "gross_margin": 38.06,
            "gross_margin_4q_avg": 35.79,
            "net_income": 157991,
            "net_income_4q": null,
            "revenue": 868099,
            "revenue_4q": null,
            "common_shares": 602881,
            "book_valuer_per_share": 49.51,
            "book_valuer_per_share_4q_avg": 47.87,
            "equity": 3008965,
            "current_ratio": 213.69,
            "debt_ratio": 37.71,
            "inventory_turnover_ratio": 0.87,
            "account_receivable_turnover_ratio": 1.1,
            "reinvestment_rate": 14.18,
            "research_to_sale_ratio": 6.08,
            "price_fair": 249.29,
            "eps_avg_yearly": 7.12,
            "eps_latest_yearly": 10.68,
            "eps_growth_yearly": 30.09
        },
        "20214": {
            "year_quarter": 20214,
            "year": 2021,
            "quarter": 4,
            "eps": 1.87,
            "eps_growth_year": -0.35,
            "eps_4q": 9,
            "eps_4q_growth_year": 44.47,
            "roe": 3.59,
            "roe_4q": 17.990000000000002,
            "gross_profit": 224993,
            "gross_margin": 32.19,
            "gross_margin_4q_avg": 35.35,
            "net_income": 110301,
            "net_income_4q": null,
            "revenue": 698971,
            "revenue_4q": null,
            "common_shares": 602881,
            "book_valuer_per_share": 51.69,
            "book_valuer_per_share_4q_avg": 49.16,
            "equity": 3138248,
            "current_ratio": 236.32,
            "debt_ratio": 36.3,
            "inventory_turnover_ratio": 0.7,
            "account_receivable_turnover_ratio": 1.05,
            "reinvestment_rate": 8.32,
            "research_to_sale_ratio": 7.15,
            "price_fair": 240.8,
            "eps_avg_yearly": 7.06,
            "eps_latest_yearly": 7.48,
            "eps_growth_yearly": 24.13
        },
        "20221": {
            "year_quarter": 20221,
            "year": 2022,
            "quarter": 1,
            "eps": 3,
            "eps_growth_year": 40.19,
            "eps_4q": 9.86,
            "eps_4q_growth_year": 39.22,
            "roe": 5.46,
            "roe_4q": 19.12,
            "gross_profit": 293683,
            "gross_margin": 32.66,
            "gross_margin_4q_avg": 34.99,
            "net_income": 178312,
            "net_income_4q": null,
            "revenue": 899129,
            "revenue_4q": null,
            "common_shares": 602881,
            "book_valuer_per_share": 55.86,
            "book_valuer_per_share_4q_avg": 51.01,
            "equity": 3387511,
            "current_ratio": 254.64,
            "debt_ratio": 34.87,
            "inventory_turnover_ratio": 0.87,
            "account_receivable_turnover_ratio": 1.28,
            "reinvestment_rate": 5.68,
            "research_to_sale_ratio": 4.94,
            "price_fair": 259.7,
            "eps_avg_yearly": 7.42,
            "eps_latest_yearly": 12,
            "eps_growth_yearly": 46.25
        },
        "20222": {
            "year_quarter": 20222,
            "year": 2022,
            "quarter": 2,
            "eps": 2.81,
            "eps_growth_year": 20.6,
            "eps_4q": 10.35,
            "eps_4q_growth_year": 24.14,
            "roe": 5.09,
            "roe_4q": 19.52,
            "gross_profit": 296606,
            "gross_margin": 34.85,
            "gross_margin_4q_avg": 34.44,
            "net_income": 167529,
            "net_income_4q": null,
            "revenue": 851111,
            "revenue_4q": null,
            "common_shares": 602881,
            "book_valuer_per_share": 52.69,
            "book_valuer_per_share_4q_avg": 52.44,
            "equity": 3194344,
            "current_ratio": 204.64,
            "debt_ratio": 40.7,
            "inventory_turnover_ratio": 0.75,
            "account_receivable_turnover_ratio": 1.02,
            "reinvestment_rate": 1.6,
            "research_to_sale_ratio": 5.13,
            "price_fair": 208,
            "eps_avg_yearly": 7.33,
            "eps_latest_yearly": 11.24,
            "eps_growth_yearly": 18.37
        },
        "20223": {
            "year_quarter": 20223,
            "year": 2022,
            "quarter": 3,
            "eps": 2.79,
            "eps_growth_year": 4.49,
            "eps_4q": 10.46,
            "eps_4q_growth_year": 16.16,
            "roe": 5.05,
            "roe_4q": 19.19,
            "gross_profit": 273072,
            "gross_margin": 31.76,
            "gross_margin_4q_avg": 32.87,
            "net_income": 166001,
            "net_income_4q": null,
            "revenue": 859793,
            "revenue_4q": null,
            "common_shares": 602881,
            "book_valuer_per_share": 55.78,
            "book_valuer_per_share_4q_avg": 54.01,
            "equity": 3378907,
            "current_ratio": 260.68,
            "debt_ratio": 34.45,
            "inventory_turnover_ratio": 0.72,
            "account_receivable_turnover_ratio": 1.04,
            "reinvestment_rate": 1.46,
            "research_to_sale_ratio": 5.48,
            "price_fair": 266.18,
            "eps_avg_yearly": 7.61,
            "eps_latest_yearly": 11.16,
            "eps_growth_yearly": 29.74
        },
        "20224": {
            "year_quarter": 20224,
            "year": 2022,
            "quarter": 4,
            "eps": 1.73,
            "eps_growth_year": -7.46,
            "eps_4q": 10.32,
            "eps_4q_growth_year": 14.66,
            "roe": 2.98,
            "roe_4q": 18.58,
            "gross_profit": 240275,
            "gross_margin": 32.46,
            "gross_margin_4q_avg": 32.93,
            "net_income": 101711,
            "net_income_4q": null,
            "revenue": 740290,
            "revenue_4q": null,
            "common_shares": 602881,
            "book_valuer_per_share": 56.96,
            "book_valuer_per_share_4q_avg": 55.32,
            "equity": 3448009,
            "current_ratio": 277.73,
            "debt_ratio": 30.8,
            "inventory_turnover_ratio": 0.57,
            "account_receivable_turnover_ratio": 0.98,
            "reinvestment_rate": 0.02,
            "research_to_sale_ratio": 6.77,
            "price_fair": 253.05,
            "eps_avg_yearly": 7.66,
            "eps_latest_yearly": 6.92,
            "eps_growth_yearly": 23.04
        },
        "20231": {
            "year_quarter": 20231,
            "year": 2023,
            "quarter": 1,
            "eps": 1.62,
            "eps_growth_year": -46,
            "eps_4q": 8.94,
            "eps_4q_growth_year": -9.39,
            "roe": 2.69,
            "roe_4q": 15.809999999999999,
            "gross_profit": 217753,
            "gross_margin": 27.9,
            "gross_margin_4q_avg": 31.74,
            "net_income": 94288,
            "net_income_4q": null,
            "revenue": 780351,
            "revenue_4q": null,
            "common_shares": 602881,
            "book_valuer_per_share": 58.72,
            "book_valuer_per_share_4q_avg": 56.04,
            "equity": 3551218,
            "current_ratio": 312.95,
            "debt_ratio": 28.03,
            "inventory_turnover_ratio": 0.66,
            "account_receivable_turnover_ratio": 1.14,
            "reinvestment_rate": -4.85,
            "research_to_sale_ratio": 5.48,
            "price_fair": 214.87,
            "eps_avg_yearly": 7.64,
            "eps_latest_yearly": 6.48,
            "eps_growth_yearly": 18.13
        },
        "20232": {
            "year_quarter": 20232,
            "year": 2023,
            "quarter": 2,
            "eps": 2.24,
            "eps_growth_year": -20.28,
            "eps_4q": 8.37,
            "eps_4q_growth_year": -19.18,
            "roe": 3.98,
            "roe_4q": 14.7,
            "gross_profit": 235593,
            "gross_margin": 29.64,
            "gross_margin_4q_avg": 30.44,
            "net_income": 135746,
            "net_income_4q": null,
            "revenue": 794762,
            "revenue_4q": null,
            "common_shares": 602881,
            "book_valuer_per_share": 54.11,
            "book_valuer_per_share_4q_avg": 56.39,
            "equity": 3273962,
            "current_ratio": 245.54,
            "debt_ratio": 32.41,
            "inventory_turnover_ratio": 0.74,
            "account_receivable_turnover_ratio": 1.13,
            "reinvestment_rate": -8.48,
            "research_to_sale_ratio": 6.5,
            "price_fair": 277.29,
            "eps_avg_yearly": 7.92,
            "eps_latest_yearly": 8.96,
            "eps_growth_yearly": 36.62
        },
        "20233": {
            "year_quarter": 20233,
            "year": 2023,
            "quarter": 3,
            "eps": 2.58,
            "eps_growth_year": -7.53,
            "eps_4q": 8.16,
            "eps_4q_growth_year": -21.96,
            "roe": 4.55,
            "roe_4q": 14.2,
            "gross_profit": 326042,
            "gross_margin": 36.33,
            "gross_margin_4q_avg": 31.58,
            "net_income": 154228,
            "net_income_4q": null,
            "revenue": 897517,
            "revenue_4q": null,
            "common_shares": 602881,
            "book_valuer_per_share": 58.02,
            "book_valuer_per_share_4q_avg": 56.95,
            "equity": 3507995,
            "current_ratio": 316.68,
            "debt_ratio": 27.58,
            "inventory_turnover_ratio": 0.81,
            "account_receivable_turnover_ratio": 1.18,
            "reinvestment_rate": -6.54,
            "research_to_sale_ratio": 6.13,
            "price_fair": 288.49,
            "eps_avg_yearly": 8.24,
            "eps_latest_yearly": 10.32,
            "eps_growth_yearly": 35.87
        },
        "20234": {
            "year_quarter": 20234,
            "year": 2023,
            "quarter": 4,
            "eps": 2.42,
            "eps_growth_year": 40.06,
            "eps_4q": 8.86,
            "eps_4q_growth_year": -14.2,
            "roe": 4.11,
            "roe_4q": 15.33,
            "gross_profit": 311806,
            "gross_margin": 36.05,
            "gross_margin_4q_avg": 32.48,
            "net_income": 145668,
            "net_income_4q": null,
            "revenue": 864855,
            "revenue_4q": null,
            "common_shares": 602881,
            "book_valuer_per_share": 59.27,
            "book_valuer_per_share_4q_avg": 57.53,
            "equity": 3583578,
            "current_ratio": 299.12,
            "debt_ratio": 30.65,
            "inventory_turnover_ratio": 0.76,
            "account_receivable_turnover_ratio": 1.1,
            "reinvestment_rate": 18.89,
            "research_to_sale_ratio": 8.7,
            "price_fair": 301.26,
            "eps_avg_yearly": 8.61,
            "eps_latest_yearly": 9.68,
            "eps_growth_yearly": 40.86
        }
    },
    "months": {
        "2010-10": {
            "month": "2010-10",
            "price": "82.76",
            "revenue": 39170
        },
        "2010-11": {
            "month": "2010-11",
            "price": "92.59",
            "revenue": 38428
        },
        "2010-12": {
            "month": "2010-12",
            "price": "94.26",
            "revenue": 51371
        },
        "2011-01": {
            "month": "2011-01",
            "price": "94.27",
            "revenue": 83388
        },
        "2011-02": {
            "month": "2011-02",
            "price": "98.32",
            "revenue": 49444
        },
        "2011-03": {
            "month": "2011-03",
            "price": "115.96",
            "revenue": 57086
        },
        "2011-04": {
            "month": "2011-04",
            "price": "116.26",
            "revenue": 52000
        },
        "2011-05": {
            "month": "2011-05",
            "price": "113.35",
            "revenue": 60553
        },
        "2011-06": {
            "month": "2011-06",
            "price": "113.92",
            "revenue": 53348
        },
        "2011-07": {
            "month": "2011-07",
            "price": "118.46",
            "revenue": 58619
        },
        "2011-08": {
            "month": "2011-08",
            "price": "96.07",
            "revenue": 63589
        },
        "2011-09": {
            "month": "2011-09",
            "price": "80.12",
            "revenue": 79952
        },
        "2011-10": {
            "month": "2011-10",
            "price": "74.12",
            "revenue": 62144
        },
        "2011-11": {
            "month": "2011-11",
            "price": "75.09",
            "revenue": 65279
        },
        "2011-12": {
            "month": "2011-12",
            "price": "65.84",
            "revenue": 60883
        },
        "2012-01": {
            "month": "2012-01",
            "price": "65.21",
            "revenue": 55120
        },
        "2012-02": {
            "month": "2012-02",
            "price": "82.46",
            "revenue": 72347
        },
        "2012-03": {
            "month": "2012-03",
            "price": "94.90",
            "revenue": 91324
        },
        "2012-04": {
            "month": "2012-04",
            "price": "79.76",
            "revenue": 81740
        },
        "2012-05": {
            "month": "2012-05",
            "price": "72.46",
            "revenue": 73314
        },
        "2012-06": {
            "month": "2012-06",
            "price": "66.30",
            "revenue": 77049
        },
        "2012-07": {
            "month": "2012-07",
            "price": "68.56",
            "revenue": 77246
        },
        "2012-08": {
            "month": "2012-08",
            "price": "70.58",
            "revenue": 81582
        },
        "2012-09": {
            "month": "2012-09",
            "price": "67.65",
            "revenue": 75294
        },
        "2012-10": {
            "month": "2012-10",
            "price": "56.60",
            "revenue": 80148
        },
        "2012-11": {
            "month": "2012-11",
            "price": "53.30",
            "revenue": 79960
        },
        "2012-12": {
            "month": "2012-12",
            "price": "57.69",
            "revenue": 88856
        },
        "2013-01": {
            "month": "2013-01",
            "price": "64.00",
            "revenue": 164633
        },
        "2013-02": {
            "month": "2013-02",
            "price": "68.14",
            "revenue": 77789
        },
        "2013-03": {
            "month": "2013-03",
            "price": "89.68",
            "revenue": 123693
        },
        "2013-04": {
            "month": "2013-04",
            "price": "94.84",
            "revenue": 142242
        },
        "2013-05": {
            "month": "2013-05",
            "price": "90.33",
            "revenue": 145701
        },
        "2013-06": {
            "month": "2013-06",
            "price": "86.34",
            "revenue": 166519
        },
        "2013-07": {
            "month": "2013-07",
            "price": "98.62",
            "revenue": 165409
        },
        "2013-08": {
            "month": "2013-08",
            "price": "130.38",
            "revenue": 167660
        },
        "2013-09": {
            "month": "2013-09",
            "price": "128.05",
            "revenue": 159802
        },
        "2013-10": {
            "month": "2013-10",
            "price": "127.64",
            "revenue": 165716
        },
        "2013-11": {
            "month": "2013-11",
            "price": "113.31",
            "revenue": 164622
        },
        "2013-12": {
            "month": "2013-12",
            "price": "119.41",
            "revenue": 160245
        },
        "2014-01": {
            "month": "2014-01",
            "price": "117.03",
            "revenue": 182179
        },
        "2014-02": {
            "month": "2014-02",
            "price": "126.91",
            "revenue": 129003
        },
        "2014-03": {
            "month": "2014-03",
            "price": "150.98",
            "revenue": 164471
        },
        "2014-04": {
            "month": "2014-04",
            "price": "142.76",
            "revenue": 144024
        },
        "2014-05": {
            "month": "2014-05",
            "price": "134.86",
            "revenue": 161589
        },
        "2014-06": {
            "month": "2014-06",
            "price": "140.95",
            "revenue": 169372
        },
        "2014-07": {
            "month": "2014-07",
            "price": "129.20",
            "revenue": 183320
        },
        "2014-08": {
            "month": "2014-08",
            "price": "120.19",
            "revenue": 196989
        },
        "2014-09": {
            "month": "2014-09",
            "price": "122.36",
            "revenue": 179578
        },
        "2014-10": {
            "month": "2014-10",
            "price": "104.43",
            "revenue": 144211
        },
        "2014-11": {
            "month": "2014-11",
            "price": "91.73",
            "revenue": 143841
        },
        "2014-12": {
            "month": "2014-12",
            "price": "88.55",
            "revenue": 172640
        },
        "2015-01": {
            "month": "2015-01",
            "price": "90.62",
            "revenue": 200414
        },
        "2015-02": {
            "month": "2015-02",
            "price": "93.08",
            "revenue": 138980
        },
        "2015-03": {
            "month": "2015-03",
            "price": "106.74",
            "revenue": 180992
        },
        "2015-04": {
            "month": "2015-04",
            "price": "107.78",
            "revenue": 186974
        },
        "2015-05": {
            "month": "2015-05",
            "price": "93.22",
            "revenue": 143133
        },
        "2015-06": {
            "month": "2015-06",
            "price": "80.68",
            "revenue": 165180
        },
        "2015-07": {
            "month": "2015-07",
            "price": "66.56",
            "revenue": 138745
        },
        "2015-08": {
            "month": "2015-08",
            "price": "54.61",
            "revenue": 144011
        },
        "2015-09": {
            "month": "2015-09",
            "price": "59.20",
            "revenue": 150580
        },
        "2015-10": {
            "month": "2015-10",
            "price": "61.64",
            "revenue": 168216
        },
        "2015-11": {
            "month": "2015-11",
            "price": "71.60",
            "revenue": 159475
        },
        "2015-12": {
            "month": "2015-12",
            "price": "74.12",
            "revenue": 195105
        },
        "2016-01": {
            "month": "2016-01",
            "price": "67.20",
            "revenue": 196529
        },
        "2016-02": {
            "month": "2016-02",
            "price": "73.12",
            "revenue": 93061
        },
        "2016-03": {
            "month": "2016-03",
            "price": "75.45",
            "revenue": 209292
        },
        "2016-04": {
            "month": "2016-04",
            "price": "83.61",
            "revenue": 179121
        },
        "2016-05": {
            "month": "2016-05",
            "price": "76.00",
            "revenue": 178455
        },
        "2016-06": {
            "month": "2016-06",
            "price": "77.32",
            "revenue": 182120
        },
        "2016-07": {
            "month": "2016-07",
            "price": "83.17",
            "revenue": 160022
        },
        "2016-08": {
            "month": "2016-08",
            "price": "80.64",
            "revenue": 170168
        },
        "2016-09": {
            "month": "2016-09",
            "price": "80.47",
            "revenue": 191284
        },
        "2016-10": {
            "month": "2016-10",
            "price": "84.95",
            "revenue": 173308
        },
        "2016-11": {
            "month": "2016-11",
            "price": "82.70",
            "revenue": 188456
        },
        "2016-12": {
            "month": "2016-12",
            "price": "91.05",
            "revenue": 215579
        },
        "2017-01": {
            "month": "2017-01",
            "price": "94.57",
            "revenue": 208363
        },
        "2017-02": {
            "month": "2017-02",
            "price": "109.25",
            "revenue": 177551
        },
        "2017-03": {
            "month": "2017-03",
            "price": "112.04",
            "revenue": 232308
        },
        "2017-04": {
            "month": "2017-04",
            "price": "105.31",
            "revenue": 195000
        },
        "2017-05": {
            "month": "2017-05",
            "price": "103.40",
            "revenue": 166698
        },
        "2017-06": {
            "month": "2017-06",
            "price": "94.46",
            "revenue": 171809
        },
        "2017-07": {
            "month": "2017-07",
            "price": "98.75",
            "revenue": 189388
        },
        "2017-08": {
            "month": "2017-08",
            "price": "104.49",
            "revenue": 229160
        },
        "2017-09": {
            "month": "2017-09",
            "price": "110.57",
            "revenue": 215551
        },
        "2017-10": {
            "month": "2017-10",
            "price": "114.47",
            "revenue": 202691
        },
        "2017-11": {
            "month": "2017-11",
            "price": "116.11",
            "revenue": 187962
        },
        "2017-12": {
            "month": "2017-12",
            "price": "104.91",
            "revenue": 212929
        },
        "2018-01": {
            "month": "2018-01",
            "price": "108.00",
            "revenue": 226295
        },
        "2018-02": {
            "month": "2018-02",
            "price": "100.06",
            "revenue": 208424
        },
        "2018-03": {
            "month": "2018-03",
            "price": "106.83",
            "revenue": 241389
        },
        "2018-04": {
            "month": "2018-04",
            "price": "112.92",
            "revenue": 222937
        },
        "2018-05": {
            "month": "2018-05",
            "price": "109.43",
            "revenue": 221921
        },
        "2018-06": {
            "month": "2018-06",
            "price": "107.80",
            "revenue": 220963
        },
        "2018-07": {
            "month": "2018-07",
            "price": "108.93",
            "revenue": 217605
        },
        "2018-08": {
            "month": "2018-08",
            "price": "111.85",
            "revenue": 206481
        },
        "2018-09": {
            "month": "2018-09",
            "price": "104.90",
            "revenue": 203250
        },
        "2018-10": {
            "month": "2018-10",
            "price": "72.39",
            "revenue": 196842
        },
        "2018-11": {
            "month": "2018-11",
            "price": "69.62",
            "revenue": 198102
        },
        "2018-12": {
            "month": "2018-12",
            "price": "71.59",
            "revenue": 185574
        },
        "2019-01": {
            "month": "2019-01",
            "price": "71.90",
            "revenue": 231660
        },
        "2019-02": {
            "month": "2019-02",
            "price": "76.72",
            "revenue": 168937
        },
        "2019-03": {
            "month": "2019-03",
            "price": "79.29",
            "revenue": 228760
        },
        "2019-04": {
            "month": "2019-04",
            "price": "78.82",
            "revenue": 188017
        },
        "2019-05": {
            "month": "2019-05",
            "price": "71.90",
            "revenue": 198087
        },
        "2019-06": {
            "month": "2019-06",
            "price": "70.88",
            "revenue": 162466
        },
        "2019-07": {
            "month": "2019-07",
            "price": "72.71",
            "revenue": 169683
        },
        "2019-08": {
            "month": "2019-08",
            "price": "70.45",
            "revenue": 183118
        },
        "2019-09": {
            "month": "2019-09",
            "price": "73.21",
            "revenue": 200145
        },
        "2019-10": {
            "month": "2019-10",
            "price": "71.61",
            "revenue": 199818
        },
        "2019-11": {
            "month": "2019-11",
            "price": "70.03",
            "revenue": 210928
        },
        "2019-12": {
            "month": "2019-12",
            "price": "70.65",
            "revenue": 212369
        },
        "2020-01": {
            "month": "2020-01",
            "price": "72.53",
            "revenue": 195155
        },
        "2020-02": {
            "month": "2020-02",
            "price": "65.49",
            "revenue": 170587
        },
        "2020-03": {
            "month": "2020-03",
            "price": "51.85",
            "revenue": 195027
        },
        "2020-04": {
            "month": "2020-04",
            "price": "52.36",
            "revenue": 185144
        },
        "2020-05": {
            "month": "2020-05",
            "price": "60.80",
            "revenue": 155436
        },
        "2020-06": {
            "month": "2020-06",
            "price": "64.87",
            "revenue": 194303
        },
        "2020-07": {
            "month": "2020-07",
            "price": "64.58",
            "revenue": 208152
        },
        "2020-08": {
            "month": "2020-08",
            "price": "68.75",
            "revenue": 202039
        },
        "2020-09": {
            "month": "2020-09",
            "price": "73.61",
            "revenue": 283616
        },
        "2020-10": {
            "month": "2020-10",
            "price": "78.66",
            "revenue": 229113
        },
        "2020-11": {
            "month": "2020-11",
            "price": "80.39",
            "revenue": 237632
        },
        "2020-12": {
            "month": "2020-12",
            "price": "79.75",
            "revenue": 282195
        },
        "2021-01": {
            "month": "2021-01",
            "price": "86.83",
            "revenue": 294379
        },
        "2021-02": {
            "month": "2021-02",
            "price": "90.68",
            "revenue": 208603
        },
        "2021-03": {
            "month": "2021-03",
            "price": "93.22",
            "revenue": 284093
        },
        "2021-04": {
            "month": "2021-04",
            "price": "112.22",
            "revenue": 309068
        },
        "2021-05": {
            "month": "2021-05",
            "price": "108.79",
            "revenue": 291320
        },
        "2021-06": {
            "month": "2021-06",
            "price": "125.71",
            "revenue": 278277
        },
        "2021-07": {
            "month": "2021-07",
            "price": "130.52",
            "revenue": 299542
        },
        "2021-08": {
            "month": "2021-08",
            "price": "119.23",
            "revenue": 297732
        },
        "2021-09": {
            "month": "2021-09",
            "price": "111.00",
            "revenue": 270825
        },
        "2021-10": {
            "month": "2021-10",
            "price": "100.16",
            "revenue": 217351
        },
        "2021-11": {
            "month": "2021-11",
            "price": "98.94",
            "revenue": 243650
        },
        "2021-12": {
            "month": "2021-12",
            "price": "95.89",
            "revenue": 237970
        },
        "2022-01": {
            "month": "2022-01",
            "price": "107.36",
            "revenue": 311962
        },
        "2022-02": {
            "month": "2022-02",
            "price": "116.27",
            "revenue": 261825
        },
        "2022-03": {
            "month": "2022-03",
            "price": "112.67",
            "revenue": 325342
        },
        "2022-04": {
            "month": "2022-04",
            "price": "109.11",
            "revenue": 272613
        },
        "2022-05": {
            "month": "2022-05",
            "price": "106.55",
            "revenue": 302063
        },
        "2022-06": {
            "month": "2022-06",
            "price": "123.64",
            "revenue": 276435
        },
        "2022-07": {
            "month": "2022-07",
            "price": "112.48",
            "revenue": 285558
        },
        "2022-08": {
            "month": "2022-08",
            "price": "114.04",
            "revenue": 298708
        },
        "2022-09": {
            "month": "2022-09",
            "price": "107.45",
            "revenue": 275527
        },
        "2022-10": {
            "month": "2022-10",
            "price": "93.02",
            "revenue": 237530
        },
        "2022-11": {
            "month": "2022-11",
            "price": "95.12",
            "revenue": 274052
        },
        "2022-12": {
            "month": "2022-12",
            "price": "100.29",
            "revenue": 228708
        },
        "2023-01": {
            "month": "2023-01",
            "price": "99.38",
            "revenue": 236066
        },
        "2023-02": {
            "month": "2023-02",
            "price": "103.17",
            "revenue": 236436
        },
        "2023-03": {
            "month": "2023-03",
            "price": "108.00",
            "revenue": 307849
        },
        "2023-04": {
            "month": "2023-04",
            "price": "117.79",
            "revenue": 246610
        },
        "2023-05": {
            "month": "2023-05",
            "price": "112.41",
            "revenue": 284154
        },
        "2023-06": {
            "month": "2023-06",
            "price": "110.00",
            "revenue": 263998
        },
        "2023-07": {
            "month": "2023-07",
            "price": "112.05",
            "revenue": 274313
        },
        "2023-08": {
            "month": "2023-08",
            "price": "102.22",
            "revenue": 310094
        },
        "2023-09": {
            "month": "2023-09",
            "price": "110.60",
            "revenue": 313110
        },
        "2023-10": {
            "month": "2023-10",
            "price": "131.02",
            "revenue": 274890
        },
        "2023-11": {
            "month": "2023-11",
            "price": "141.48",
            "revenue": 319698
        },
        "2023-12": {
            "month": "2023-12",
            "price": "140.24",
            "revenue": 270267
        }
    }
}
