{
    "summary": {
        "stock_name": "謚源",
        "stock_id": "2235",
        "category": "電機機械",
        "main_business": "風扇<br>鼓風機<br>升降機",
        "website_url": "http://www.tiy-motor.com",
        "ceo": "吳碣石",
        "pe_ratio": 29,
        "report_year_from": 2010,
        "report_year_to": 2023,
        "age": 14,
        "eps_negative_percentage": 0,
        "eps_growth_avg": {
            "last_all": -1.58,
            "last_2y": 7.06,
            "last_4y": -2.36,
            "last_8y": -1.58,
            "last_12y": null,
            "last_16y": null,
            "last_20y": null,
            "at_2006_last_3y": null,
            "at_2007_last_3y": null,
            "at_2008_last_3y": null,
            "at_2009_last_3y": null,
            "at_2010_last_3y": null,
            "at_2011_last_3y": null,
            "at_2012_last_3y": null,
            "at_2013_last_3y": null,
            "at_2014_last_3y": null,
            "at_2015_last_3y": null,
            "at_2016_last_3y": null,
            "at_2017_last_3y": null,
            "at_2018_last_3y": -0.6,
            "at_2019_last_3y": -14.65,
            "at_2020_last_3y": -21.15,
            "at_2021_last_3y": -18.67,
            "at_2022_last_3y": 9.64,
            "at_2023_last_3y": -3.53,
            "at_2024_last_3y": -3.53,
            "at_2006_last_all": null,
            "at_2007_last_all": null,
            "at_2008_last_all": null,
            "at_2009_last_all": null,
            "at_2010_last_all": null,
            "at_2011_last_all": null,
            "at_2012_last_all": null,
            "at_2013_last_all": null,
            "at_2014_last_all": null,
            "at_2015_last_all": null,
            "at_2016_last_all": 24.61,
            "at_2017_last_all": 3.6,
            "at_2018_last_all": -0.6,
            "at_2019_last_all": -0.02,
            "at_2020_last_all": -5.89,
            "at_2021_last_all": -9.12,
            "at_2022_last_all": 4.52,
            "at_2023_last_all": -1.58,
            "at_2024_last_all": -1.58
        },
        "latest_eps": 1.59,
        "latest_price": 45.4,
        "latest_roe": 4.26,
        "latest_gross_margin": 26.18,
        "latest_equity": 1294613,
        "latest_revenue": 173649,
        "latest_gross_profit": 45467,
        "latest_net_income": 42193,
        "latest_debt_ratio": 23.79,
        "latest_current_ratio": 221.04,
        "latest_account_receivable_turnover_ratio": 0.91,
        "latest_inventory_turnover_ratio": 0.68,
        "latest_reinvestment_rate": -32.98,
        "latest_research_to_sale_ratio": 2.69
    },
    "eps_dividends": {
        "2001": {
            "cash": 0,
            "stock": 0,
            "eps": 0
        },
        "2002": {
            "cash": 0,
            "stock": 0,
            "eps": 0
        },
        "2003": {
            "cash": 0,
            "stock": 0,
            "eps": 0
        },
        "2004": {
            "cash": 0,
            "stock": 0,
            "eps": 0
        },
        "2005": {
            "cash": 0,
            "stock": 0,
            "eps": 0
        },
        "2006": {
            "cash": 0,
            "stock": 0,
            "eps": 0
        },
        "2007": {
            "cash": 0,
            "stock": 0,
            "eps": 0
        },
        "2008": {
            "cash": 0,
            "stock": 0,
            "eps": 0
        },
        "2009": {
            "cash": 0,
            "stock": 0,
            "eps": 0
        },
        "2010": {
            "cash": 0,
            "stock": 0,
            "eps": 0
        },
        "2011": {
            "cash": 0,
            "stock": 0.6,
            "eps": 0
        },
        "2012": {
            "cash": 1,
            "stock": 0,
            "eps": 0
        },
        "2013": {
            "cash": 1.5,
            "stock": 0,
            "eps": 0
        },
        "2014": {
            "cash": 2,
            "stock": 0,
            "eps": 3.93
        },
        "2015": {
            "cash": 4,
            "stock": 0,
            "eps": 6.23
        },
        "2016": {
            "cash": 5,
            "stock": 0,
            "eps": 5.65
        },
        "2017": {
            "cash": 4,
            "stock": 0,
            "eps": 3.48
        },
        "2018": {
            "cash": 3.5,
            "stock": 0,
            "eps": 3.02
        },
        "2019": {
            "cash": 3,
            "stock": 0,
            "eps": 3.09
        },
        "2020": {
            "cash": 3,
            "stock": 0,
            "eps": 2
        },
        "2021": {
            "cash": 2,
            "stock": 0,
            "eps": 1.43
        },
        "2022": {
            "cash": 1.5,
            "stock": 0,
            "eps": 4.59
        },
        "2023": {
            "cash": 4,
            "stock": 0,
            "eps": 2.28
        }
    },
    "dividends": {
        "2011-03-22": {
            "cash": 0,
            "stock": 0.6
        },
        "2012-03-15": {
            "cash": 1,
            "stock": 0
        },
        "2013-06-10": {
            "cash": 1.5,
            "stock": 0
        },
        "2014-08-21": {
            "cash": 2,
            "stock": 0
        },
        "2015-08-28": {
            "cash": 4,
            "stock": 0
        },
        "2016-08-15": {
            "cash": 5,
            "stock": 0
        },
        "2017-08-18": {
            "cash": 4,
            "stock": 0
        },
        "2018-08-17": {
            "cash": 3.5,
            "stock": 0
        },
        "2019-08-16": {
            "cash": 3,
            "stock": 0
        },
        "2020-08-17": {
            "cash": 3,
            "stock": 0
        },
        "2021-10-06": {
            "cash": 2,
            "stock": 0
        },
        "2022-08-23": {
            "cash": 1.5,
            "stock": 0
        },
        "2023-08-15": {
            "cash": 4,
            "stock": 0
        }
    },
    "prices": {
        "200101": "無",
        "200102": "無",
        "200103": "無",
        "200104": "無",
        "200105": "無",
        "200106": "無",
        "200107": "無",
        "200108": "無",
        "200109": "無",
        "200110": "無",
        "200111": "無",
        "200112": "無",
        "200201": "無",
        "200202": "無",
        "200203": "無",
        "200204": "無",
        "200205": "無",
        "200206": "無",
        "200207": "無",
        "200208": "無",
        "200209": "無",
        "200210": "無",
        "200211": "無",
        "200212": "無",
        "200301": "無",
        "200302": "無",
        "200303": "無",
        "200304": "無",
        "200305": "無",
        "200306": "無",
        "200307": "無",
        "200308": "無",
        "200309": "無",
        "200310": "無",
        "200311": "無",
        "200312": "無",
        "200401": "無",
        "200402": "無",
        "200403": "無",
        "200404": "無",
        "200405": "無",
        "200406": "無",
        "200407": "無",
        "200408": "無",
        "200409": "無",
        "200410": "無",
        "200411": "無",
        "200412": "無",
        "200501": "無",
        "200502": "無",
        "200503": "無",
        "200504": "無",
        "200505": "無",
        "200506": "無",
        "200507": "無",
        "200508": "無",
        "200509": "無",
        "200510": "無",
        "200511": "無",
        "200512": "無",
        "200601": "無",
        "200602": "無",
        "200603": "無",
        "200604": "無",
        "200605": "無",
        "200606": "無",
        "200607": "無",
        "200608": "無",
        "200609": "無",
        "200610": "無",
        "200611": "無",
        "200612": "無",
        "200701": "無",
        "200702": "無",
        "200703": "無",
        "200704": "無",
        "200705": "無",
        "200706": "無",
        "200707": "無",
        "200708": "無",
        "200709": "無",
        "200710": "無",
        "200711": "無",
        "200712": "無",
        "200801": "無",
        "200802": "無",
        "200803": "無",
        "200804": "無",
        "200805": "無",
        "200806": "無",
        "200807": "無",
        "200808": "無",
        "200809": "無",
        "200810": "無",
        "200811": "無",
        "200812": "無",
        "200901": "無",
        "200902": "無",
        "200903": "無",
        "200904": "無",
        "200905": "無",
        "200906": "無",
        "200907": "無",
        "200908": "無",
        "200909": "無",
        "200910": "無",
        "200911": "無",
        "200912": "無",
        "201001": "無",
        "201002": "無",
        "201003": "無",
        "201004": "無",
        "201005": "無",
        "201006": "無",
        "201007": "無",
        "201008": "無",
        "201009": "無",
        "201010": "無",
        "201011": "無",
        "201012": "無",
        "201101": "無",
        "201102": "無",
        "201103": "無",
        "201104": "無",
        "201105": "33.92",
        "201106": "30.54",
        "201107": "29.00",
        "201108": "28.83",
        "201109": "無",
        "201110": "26.50",
        "201111": "27.10",
        "201112": "28.00",
        "201201": "無",
        "201202": "27.80",
        "201203": "27.75",
        "201204": "無",
        "201205": "無",
        "201206": "無",
        "201207": "無",
        "201208": "26.60",
        "201209": "26.81",
        "201210": "25.33",
        "201211": "27.26",
        "201212": "27.88",
        "201301": "30.72",
        "201302": "32.21",
        "201303": "32.73",
        "201304": "31.30",
        "201305": "34.53",
        "201306": "34.37",
        "201307": "35.82",
        "201308": "40.34",
        "201309": "47.06",
        "201310": "49.42",
        "201311": "55.19",
        "201312": "59.17",
        "201401": "65.20",
        "201402": "72.60",
        "201403": "81.55",
        "201404": "83.94",
        "201405": "80.25",
        "201406": "83.70",
        "201407": "86.13",
        "201408": "82.63",
        "201409": "80.48",
        "201410": "79.85",
        "201411": "74.01",
        "201412": "76.03",
        "201501": "92.36",
        "201502": "91.95",
        "201503": "91.10",
        "201504": "111.85",
        "201505": "99.46",
        "201506": "102.20",
        "201507": "105.23",
        "201508": "105.19",
        "201509": "101.38",
        "201510": "106.33",
        "201511": "128.71",
        "201512": "136.35",
        "201601": "118.55",
        "201602": "119.62",
        "201603": "126.00",
        "201604": "131.05",
        "201605": "127.98",
        "201606": "129.43",
        "201607": "124.75",
        "201608": "121.35",
        "201609": "124.74",
        "201610": "122.42",
        "201611": "112.10",
        "201612": "108.02",
        "201701": "118.53",
        "201702": "122.65",
        "201703": "124.13",
        "201704": "127.91",
        "201705": "119.62",
        "201706": "114.02",
        "201707": "118.29",
        "201708": "104.62",
        "201709": "110.79",
        "201710": "117.81",
        "201711": "112.09",
        "201712": "93.18",
        "201801": "85.93",
        "201802": "85.82",
        "201803": "75.70",
        "201804": "64.91",
        "201805": "53.23",
        "201806": "54.54",
        "201807": "52.58",
        "201808": "50.06",
        "201809": "54.95",
        "201810": "55.84",
        "201811": "56.25",
        "201812": "53.24",
        "201901": "52.14",
        "201902": "53.39",
        "201903": "56.72",
        "201904": "59.86",
        "201905": "72.84",
        "201906": "74.08",
        "201907": "67.86",
        "201908": "63.22",
        "201909": "65.44",
        "201910": "62.60",
        "201911": "60.78",
        "201912": "59.46",
        "202001": "58.05",
        "202002": "52.19",
        "202003": "44.80",
        "202004": "43.13",
        "202005": "45.91",
        "202006": "49.35",
        "202007": "48.20",
        "202008": "43.96",
        "202009": "43.66",
        "202010": "44.67",
        "202011": "44.88",
        "202012": "44.79",
        "202101": "43.84",
        "202102": "42.17",
        "202103": "42.35",
        "202104": "43.81",
        "202105": "42.27",
        "202106": "42.15",
        "202107": "43.82",
        "202108": "41.45",
        "202109": "40.06",
        "202110": "38.73",
        "202111": "38.97",
        "202112": "39.31",
        "202201": "38.65",
        "202202": "40.24",
        "202203": "38.71",
        "202204": "38.13",
        "202205": "39.84",
        "202206": "41.06",
        "202207": "40.28",
        "202208": "45.68",
        "202209": "48.57",
        "202210": "47.31",
        "202211": "49.07",
        "202212": "47.58",
        "202301": "46.03",
        "202302": "46.89",
        "202303": "47.37",
        "202304": "45.99",
        "202305": "44.68",
        "202306": "46.04",
        "202307": "44.18",
        "202308": "42.64",
        "202309": "43.42",
        "202310": "42.67",
        "202311": "43.20",
        "202312": "44.53"
    },
    "quarters": {
        "20011": {
            "year_quarter": 20011,
            "year": 2001,
            "quarter": 1,
            "eps": null,
            "eps_growth_year": null,
            "eps_4q": null,
            "eps_4q_growth_year": null,
            "roe": null,
            "roe_4q": 0,
            "gross_profit": null,
            "gross_margin": null,
            "gross_margin_4q_avg": 0,
            "net_income": null,
            "net_income_4q": null,
            "revenue": null,
            "revenue_4q": null,
            "common_shares": null,
            "book_valuer_per_share": null,
            "book_valuer_per_share_4q_avg": 0,
            "equity": null,
            "current_ratio": null,
            "debt_ratio": null,
            "inventory_turnover_ratio": null,
            "account_receivable_turnover_ratio": null,
            "reinvestment_rate": null,
            "research_to_sale_ratio": null,
            "price_fair": 0,
            "eps_avg_yearly": 0,
            "eps_latest_yearly": 0,
            "eps_growth_yearly": 0
        },
        "20012": {
            "year_quarter": 20012,
            "year": 2001,
            "quarter": 2,
            "eps": null,
            "eps_growth_year": null,
            "eps_4q": null,
            "eps_4q_growth_year": null,
            "roe": null,
            "roe_4q": 0,
            "gross_profit": null,
            "gross_margin": null,
            "gross_margin_4q_avg": 0,
            "net_income": null,
            "net_income_4q": null,
            "revenue": null,
            "revenue_4q": null,
            "common_shares": null,
            "book_valuer_per_share": null,
            "book_valuer_per_share_4q_avg": 0,
            "equity": null,
            "current_ratio": null,
            "debt_ratio": null,
            "inventory_turnover_ratio": null,
            "account_receivable_turnover_ratio": null,
            "reinvestment_rate": null,
            "research_to_sale_ratio": null,
            "price_fair": 0,
            "eps_avg_yearly": 0,
            "eps_latest_yearly": 0,
            "eps_growth_yearly": 0
        },
        "20013": {
            "year_quarter": 20013,
            "year": 2001,
            "quarter": 3,
            "eps": null,
            "eps_growth_year": null,
            "eps_4q": null,
            "eps_4q_growth_year": null,
            "roe": null,
            "roe_4q": 0,
            "gross_profit": null,
            "gross_margin": null,
            "gross_margin_4q_avg": 0,
            "net_income": null,
            "net_income_4q": null,
            "revenue": null,
            "revenue_4q": null,
            "common_shares": null,
            "book_valuer_per_share": null,
            "book_valuer_per_share_4q_avg": 0,
            "equity": null,
            "current_ratio": null,
            "debt_ratio": null,
            "inventory_turnover_ratio": null,
            "account_receivable_turnover_ratio": null,
            "reinvestment_rate": null,
            "research_to_sale_ratio": null,
            "price_fair": 0,
            "eps_avg_yearly": 0,
            "eps_latest_yearly": 0,
            "eps_growth_yearly": 0
        },
        "20014": {
            "year_quarter": 20014,
            "year": 2001,
            "quarter": 4,
            "eps": null,
            "eps_growth_year": null,
            "eps_4q": null,
            "eps_4q_growth_year": null,
            "roe": null,
            "roe_4q": 0,
            "gross_profit": null,
            "gross_margin": null,
            "gross_margin_4q_avg": 0,
            "net_income": null,
            "net_income_4q": null,
            "revenue": null,
            "revenue_4q": null,
            "common_shares": null,
            "book_valuer_per_share": null,
            "book_valuer_per_share_4q_avg": 0,
            "equity": null,
            "current_ratio": null,
            "debt_ratio": null,
            "inventory_turnover_ratio": null,
            "account_receivable_turnover_ratio": null,
            "reinvestment_rate": null,
            "research_to_sale_ratio": null,
            "price_fair": 0,
            "eps_avg_yearly": 0,
            "eps_latest_yearly": 0,
            "eps_growth_yearly": 0
        },
        "20021": {
            "year_quarter": 20021,
            "year": 2002,
            "quarter": 1,
            "eps": null,
            "eps_growth_year": null,
            "eps_4q": null,
            "eps_4q_growth_year": null,
            "roe": null,
            "roe_4q": 0,
            "gross_profit": null,
            "gross_margin": null,
            "gross_margin_4q_avg": 0,
            "net_income": null,
            "net_income_4q": null,
            "revenue": null,
            "revenue_4q": null,
            "common_shares": null,
            "book_valuer_per_share": null,
            "book_valuer_per_share_4q_avg": 0,
            "equity": null,
            "current_ratio": null,
            "debt_ratio": null,
            "inventory_turnover_ratio": null,
            "account_receivable_turnover_ratio": null,
            "reinvestment_rate": null,
            "research_to_sale_ratio": null,
            "price_fair": 0,
            "eps_avg_yearly": 0,
            "eps_latest_yearly": 0,
            "eps_growth_yearly": 0
        },
        "20022": {
            "year_quarter": 20022,
            "year": 2002,
            "quarter": 2,
            "eps": null,
            "eps_growth_year": null,
            "eps_4q": null,
            "eps_4q_growth_year": null,
            "roe": null,
            "roe_4q": 0,
            "gross_profit": null,
            "gross_margin": null,
            "gross_margin_4q_avg": 0,
            "net_income": null,
            "net_income_4q": null,
            "revenue": null,
            "revenue_4q": null,
            "common_shares": null,
            "book_valuer_per_share": null,
            "book_valuer_per_share_4q_avg": 0,
            "equity": null,
            "current_ratio": null,
            "debt_ratio": null,
            "inventory_turnover_ratio": null,
            "account_receivable_turnover_ratio": null,
            "reinvestment_rate": null,
            "research_to_sale_ratio": null,
            "price_fair": 0,
            "eps_avg_yearly": 0,
            "eps_latest_yearly": 0,
            "eps_growth_yearly": 0
        },
        "20023": {
            "year_quarter": 20023,
            "year": 2002,
            "quarter": 3,
            "eps": null,
            "eps_growth_year": null,
            "eps_4q": null,
            "eps_4q_growth_year": null,
            "roe": null,
            "roe_4q": 0,
            "gross_profit": null,
            "gross_margin": null,
            "gross_margin_4q_avg": 0,
            "net_income": null,
            "net_income_4q": null,
            "revenue": null,
            "revenue_4q": null,
            "common_shares": null,
            "book_valuer_per_share": null,
            "book_valuer_per_share_4q_avg": 0,
            "equity": null,
            "current_ratio": null,
            "debt_ratio": null,
            "inventory_turnover_ratio": null,
            "account_receivable_turnover_ratio": null,
            "reinvestment_rate": null,
            "research_to_sale_ratio": null,
            "price_fair": 0,
            "eps_avg_yearly": 0,
            "eps_latest_yearly": 0,
            "eps_growth_yearly": 0
        },
        "20024": {
            "year_quarter": 20024,
            "year": 2002,
            "quarter": 4,
            "eps": null,
            "eps_growth_year": null,
            "eps_4q": null,
            "eps_4q_growth_year": null,
            "roe": null,
            "roe_4q": 0,
            "gross_profit": null,
            "gross_margin": null,
            "gross_margin_4q_avg": 0,
            "net_income": null,
            "net_income_4q": null,
            "revenue": null,
            "revenue_4q": null,
            "common_shares": null,
            "book_valuer_per_share": null,
            "book_valuer_per_share_4q_avg": 0,
            "equity": null,
            "current_ratio": null,
            "debt_ratio": null,
            "inventory_turnover_ratio": null,
            "account_receivable_turnover_ratio": null,
            "reinvestment_rate": null,
            "research_to_sale_ratio": null,
            "price_fair": 0,
            "eps_avg_yearly": 0,
            "eps_latest_yearly": 0,
            "eps_growth_yearly": 0
        },
        "20031": {
            "year_quarter": 20031,
            "year": 2003,
            "quarter": 1,
            "eps": null,
            "eps_growth_year": null,
            "eps_4q": null,
            "eps_4q_growth_year": null,
            "roe": null,
            "roe_4q": 0,
            "gross_profit": null,
            "gross_margin": null,
            "gross_margin_4q_avg": 0,
            "net_income": null,
            "net_income_4q": null,
            "revenue": null,
            "revenue_4q": null,
            "common_shares": null,
            "book_valuer_per_share": null,
            "book_valuer_per_share_4q_avg": 0,
            "equity": null,
            "current_ratio": null,
            "debt_ratio": null,
            "inventory_turnover_ratio": null,
            "account_receivable_turnover_ratio": null,
            "reinvestment_rate": null,
            "research_to_sale_ratio": null,
            "price_fair": 0,
            "eps_avg_yearly": 0,
            "eps_latest_yearly": 0,
            "eps_growth_yearly": 0
        },
        "20032": {
            "year_quarter": 20032,
            "year": 2003,
            "quarter": 2,
            "eps": null,
            "eps_growth_year": null,
            "eps_4q": null,
            "eps_4q_growth_year": null,
            "roe": null,
            "roe_4q": 0,
            "gross_profit": null,
            "gross_margin": null,
            "gross_margin_4q_avg": 0,
            "net_income": null,
            "net_income_4q": null,
            "revenue": null,
            "revenue_4q": null,
            "common_shares": null,
            "book_valuer_per_share": null,
            "book_valuer_per_share_4q_avg": 0,
            "equity": null,
            "current_ratio": null,
            "debt_ratio": null,
            "inventory_turnover_ratio": null,
            "account_receivable_turnover_ratio": null,
            "reinvestment_rate": null,
            "research_to_sale_ratio": null,
            "price_fair": 0,
            "eps_avg_yearly": 0,
            "eps_latest_yearly": 0,
            "eps_growth_yearly": 0
        },
        "20033": {
            "year_quarter": 20033,
            "year": 2003,
            "quarter": 3,
            "eps": null,
            "eps_growth_year": null,
            "eps_4q": null,
            "eps_4q_growth_year": null,
            "roe": null,
            "roe_4q": 0,
            "gross_profit": null,
            "gross_margin": null,
            "gross_margin_4q_avg": 0,
            "net_income": null,
            "net_income_4q": null,
            "revenue": null,
            "revenue_4q": null,
            "common_shares": null,
            "book_valuer_per_share": null,
            "book_valuer_per_share_4q_avg": 0,
            "equity": null,
            "current_ratio": null,
            "debt_ratio": null,
            "inventory_turnover_ratio": null,
            "account_receivable_turnover_ratio": null,
            "reinvestment_rate": null,
            "research_to_sale_ratio": null,
            "price_fair": 0,
            "eps_avg_yearly": 0,
            "eps_latest_yearly": 0,
            "eps_growth_yearly": 0
        },
        "20034": {
            "year_quarter": 20034,
            "year": 2003,
            "quarter": 4,
            "eps": null,
            "eps_growth_year": null,
            "eps_4q": null,
            "eps_4q_growth_year": null,
            "roe": null,
            "roe_4q": 0,
            "gross_profit": null,
            "gross_margin": null,
            "gross_margin_4q_avg": 0,
            "net_income": null,
            "net_income_4q": null,
            "revenue": null,
            "revenue_4q": null,
            "common_shares": null,
            "book_valuer_per_share": null,
            "book_valuer_per_share_4q_avg": 0,
            "equity": null,
            "current_ratio": null,
            "debt_ratio": null,
            "inventory_turnover_ratio": null,
            "account_receivable_turnover_ratio": null,
            "reinvestment_rate": null,
            "research_to_sale_ratio": null,
            "price_fair": 0,
            "eps_avg_yearly": 0,
            "eps_latest_yearly": 0,
            "eps_growth_yearly": 0
        },
        "20041": {
            "year_quarter": 20041,
            "year": 2004,
            "quarter": 1,
            "eps": null,
            "eps_growth_year": null,
            "eps_4q": null,
            "eps_4q_growth_year": null,
            "roe": null,
            "roe_4q": 0,
            "gross_profit": null,
            "gross_margin": null,
            "gross_margin_4q_avg": 0,
            "net_income": null,
            "net_income_4q": null,
            "revenue": null,
            "revenue_4q": null,
            "common_shares": null,
            "book_valuer_per_share": null,
            "book_valuer_per_share_4q_avg": 0,
            "equity": null,
            "current_ratio": null,
            "debt_ratio": null,
            "inventory_turnover_ratio": null,
            "account_receivable_turnover_ratio": null,
            "reinvestment_rate": null,
            "research_to_sale_ratio": null,
            "price_fair": 0,
            "eps_avg_yearly": 0,
            "eps_latest_yearly": 0,
            "eps_growth_yearly": 0
        },
        "20042": {
            "year_quarter": 20042,
            "year": 2004,
            "quarter": 2,
            "eps": null,
            "eps_growth_year": null,
            "eps_4q": null,
            "eps_4q_growth_year": null,
            "roe": null,
            "roe_4q": 0,
            "gross_profit": null,
            "gross_margin": null,
            "gross_margin_4q_avg": 0,
            "net_income": null,
            "net_income_4q": null,
            "revenue": null,
            "revenue_4q": null,
            "common_shares": null,
            "book_valuer_per_share": null,
            "book_valuer_per_share_4q_avg": 0,
            "equity": null,
            "current_ratio": null,
            "debt_ratio": null,
            "inventory_turnover_ratio": null,
            "account_receivable_turnover_ratio": null,
            "reinvestment_rate": null,
            "research_to_sale_ratio": null,
            "price_fair": 0,
            "eps_avg_yearly": 0,
            "eps_latest_yearly": 0,
            "eps_growth_yearly": 0
        },
        "20043": {
            "year_quarter": 20043,
            "year": 2004,
            "quarter": 3,
            "eps": null,
            "eps_growth_year": null,
            "eps_4q": null,
            "eps_4q_growth_year": null,
            "roe": null,
            "roe_4q": 0,
            "gross_profit": null,
            "gross_margin": null,
            "gross_margin_4q_avg": 0,
            "net_income": null,
            "net_income_4q": null,
            "revenue": null,
            "revenue_4q": null,
            "common_shares": null,
            "book_valuer_per_share": null,
            "book_valuer_per_share_4q_avg": 0,
            "equity": null,
            "current_ratio": null,
            "debt_ratio": null,
            "inventory_turnover_ratio": null,
            "account_receivable_turnover_ratio": null,
            "reinvestment_rate": null,
            "research_to_sale_ratio": null,
            "price_fair": 0,
            "eps_avg_yearly": 0,
            "eps_latest_yearly": 0,
            "eps_growth_yearly": 0
        },
        "20044": {
            "year_quarter": 20044,
            "year": 2004,
            "quarter": 4,
            "eps": null,
            "eps_growth_year": null,
            "eps_4q": null,
            "eps_4q_growth_year": null,
            "roe": null,
            "roe_4q": 0,
            "gross_profit": null,
            "gross_margin": null,
            "gross_margin_4q_avg": 0,
            "net_income": null,
            "net_income_4q": null,
            "revenue": null,
            "revenue_4q": null,
            "common_shares": null,
            "book_valuer_per_share": null,
            "book_valuer_per_share_4q_avg": 0,
            "equity": null,
            "current_ratio": null,
            "debt_ratio": null,
            "inventory_turnover_ratio": null,
            "account_receivable_turnover_ratio": null,
            "reinvestment_rate": null,
            "research_to_sale_ratio": null,
            "price_fair": 0,
            "eps_avg_yearly": 0,
            "eps_latest_yearly": 0,
            "eps_growth_yearly": 0
        },
        "20051": {
            "year_quarter": 20051,
            "year": 2005,
            "quarter": 1,
            "eps": null,
            "eps_growth_year": null,
            "eps_4q": null,
            "eps_4q_growth_year": null,
            "roe": null,
            "roe_4q": 0,
            "gross_profit": null,
            "gross_margin": null,
            "gross_margin_4q_avg": 0,
            "net_income": null,
            "net_income_4q": null,
            "revenue": null,
            "revenue_4q": null,
            "common_shares": null,
            "book_valuer_per_share": null,
            "book_valuer_per_share_4q_avg": 0,
            "equity": null,
            "current_ratio": null,
            "debt_ratio": null,
            "inventory_turnover_ratio": null,
            "account_receivable_turnover_ratio": null,
            "reinvestment_rate": null,
            "research_to_sale_ratio": null,
            "price_fair": 0,
            "eps_avg_yearly": 0,
            "eps_latest_yearly": 0,
            "eps_growth_yearly": 0
        },
        "20052": {
            "year_quarter": 20052,
            "year": 2005,
            "quarter": 2,
            "eps": null,
            "eps_growth_year": null,
            "eps_4q": null,
            "eps_4q_growth_year": null,
            "roe": null,
            "roe_4q": 0,
            "gross_profit": null,
            "gross_margin": null,
            "gross_margin_4q_avg": 0,
            "net_income": null,
            "net_income_4q": null,
            "revenue": null,
            "revenue_4q": null,
            "common_shares": null,
            "book_valuer_per_share": null,
            "book_valuer_per_share_4q_avg": 0,
            "equity": null,
            "current_ratio": null,
            "debt_ratio": null,
            "inventory_turnover_ratio": null,
            "account_receivable_turnover_ratio": null,
            "reinvestment_rate": null,
            "research_to_sale_ratio": null,
            "price_fair": 0,
            "eps_avg_yearly": 0,
            "eps_latest_yearly": 0,
            "eps_growth_yearly": 0
        },
        "20053": {
            "year_quarter": 20053,
            "year": 2005,
            "quarter": 3,
            "eps": null,
            "eps_growth_year": null,
            "eps_4q": null,
            "eps_4q_growth_year": null,
            "roe": null,
            "roe_4q": 0,
            "gross_profit": null,
            "gross_margin": null,
            "gross_margin_4q_avg": 0,
            "net_income": null,
            "net_income_4q": null,
            "revenue": null,
            "revenue_4q": null,
            "common_shares": null,
            "book_valuer_per_share": null,
            "book_valuer_per_share_4q_avg": 0,
            "equity": null,
            "current_ratio": null,
            "debt_ratio": null,
            "inventory_turnover_ratio": null,
            "account_receivable_turnover_ratio": null,
            "reinvestment_rate": null,
            "research_to_sale_ratio": null,
            "price_fair": 0,
            "eps_avg_yearly": 0,
            "eps_latest_yearly": 0,
            "eps_growth_yearly": 0
        },
        "20054": {
            "year_quarter": 20054,
            "year": 2005,
            "quarter": 4,
            "eps": null,
            "eps_growth_year": null,
            "eps_4q": null,
            "eps_4q_growth_year": null,
            "roe": null,
            "roe_4q": 0,
            "gross_profit": null,
            "gross_margin": null,
            "gross_margin_4q_avg": 0,
            "net_income": null,
            "net_income_4q": null,
            "revenue": null,
            "revenue_4q": null,
            "common_shares": null,
            "book_valuer_per_share": null,
            "book_valuer_per_share_4q_avg": 0,
            "equity": null,
            "current_ratio": null,
            "debt_ratio": null,
            "inventory_turnover_ratio": null,
            "account_receivable_turnover_ratio": null,
            "reinvestment_rate": null,
            "research_to_sale_ratio": null,
            "price_fair": 0,
            "eps_avg_yearly": 0,
            "eps_latest_yearly": 0,
            "eps_growth_yearly": 0
        },
        "20061": {
            "year_quarter": 20061,
            "year": 2006,
            "quarter": 1,
            "eps": null,
            "eps_growth_year": null,
            "eps_4q": null,
            "eps_4q_growth_year": null,
            "roe": null,
            "roe_4q": 0,
            "gross_profit": null,
            "gross_margin": null,
            "gross_margin_4q_avg": 0,
            "net_income": null,
            "net_income_4q": null,
            "revenue": null,
            "revenue_4q": null,
            "common_shares": null,
            "book_valuer_per_share": null,
            "book_valuer_per_share_4q_avg": 0,
            "equity": null,
            "current_ratio": null,
            "debt_ratio": null,
            "inventory_turnover_ratio": null,
            "account_receivable_turnover_ratio": null,
            "reinvestment_rate": null,
            "research_to_sale_ratio": null,
            "price_fair": 0,
            "eps_avg_yearly": 0,
            "eps_latest_yearly": 0,
            "eps_growth_yearly": 0
        },
        "20062": {
            "year_quarter": 20062,
            "year": 2006,
            "quarter": 2,
            "eps": null,
            "eps_growth_year": null,
            "eps_4q": null,
            "eps_4q_growth_year": null,
            "roe": null,
            "roe_4q": 0,
            "gross_profit": null,
            "gross_margin": null,
            "gross_margin_4q_avg": 0,
            "net_income": null,
            "net_income_4q": null,
            "revenue": null,
            "revenue_4q": null,
            "common_shares": null,
            "book_valuer_per_share": null,
            "book_valuer_per_share_4q_avg": 0,
            "equity": null,
            "current_ratio": null,
            "debt_ratio": null,
            "inventory_turnover_ratio": null,
            "account_receivable_turnover_ratio": null,
            "reinvestment_rate": null,
            "research_to_sale_ratio": null,
            "price_fair": 0,
            "eps_avg_yearly": 0,
            "eps_latest_yearly": 0,
            "eps_growth_yearly": 0
        },
        "20063": {
            "year_quarter": 20063,
            "year": 2006,
            "quarter": 3,
            "eps": null,
            "eps_growth_year": null,
            "eps_4q": null,
            "eps_4q_growth_year": null,
            "roe": null,
            "roe_4q": 0,
            "gross_profit": null,
            "gross_margin": null,
            "gross_margin_4q_avg": 0,
            "net_income": null,
            "net_income_4q": null,
            "revenue": null,
            "revenue_4q": null,
            "common_shares": null,
            "book_valuer_per_share": null,
            "book_valuer_per_share_4q_avg": 0,
            "equity": null,
            "current_ratio": null,
            "debt_ratio": null,
            "inventory_turnover_ratio": null,
            "account_receivable_turnover_ratio": null,
            "reinvestment_rate": null,
            "research_to_sale_ratio": null,
            "price_fair": 0,
            "eps_avg_yearly": 0,
            "eps_latest_yearly": 0,
            "eps_growth_yearly": 0
        },
        "20064": {
            "year_quarter": 20064,
            "year": 2006,
            "quarter": 4,
            "eps": null,
            "eps_growth_year": null,
            "eps_4q": null,
            "eps_4q_growth_year": null,
            "roe": null,
            "roe_4q": 0,
            "gross_profit": null,
            "gross_margin": null,
            "gross_margin_4q_avg": 0,
            "net_income": null,
            "net_income_4q": null,
            "revenue": null,
            "revenue_4q": null,
            "common_shares": 150000,
            "book_valuer_per_share": 16.8,
            "book_valuer_per_share_4q_avg": 4.2,
            "equity": 251980,
            "current_ratio": 211.47,
            "debt_ratio": 31.18,
            "inventory_turnover_ratio": null,
            "account_receivable_turnover_ratio": null,
            "reinvestment_rate": null,
            "research_to_sale_ratio": null,
            "price_fair": 0,
            "eps_avg_yearly": 0,
            "eps_latest_yearly": 0,
            "eps_growth_yearly": 0
        },
        "20071": {
            "year_quarter": 20071,
            "year": 2007,
            "quarter": 1,
            "eps": null,
            "eps_growth_year": null,
            "eps_4q": null,
            "eps_4q_growth_year": null,
            "roe": null,
            "roe_4q": 0,
            "gross_profit": null,
            "gross_margin": null,
            "gross_margin_4q_avg": 0,
            "net_income": null,
            "net_income_4q": null,
            "revenue": null,
            "revenue_4q": null,
            "common_shares": null,
            "book_valuer_per_share": null,
            "book_valuer_per_share_4q_avg": 4.2,
            "equity": null,
            "current_ratio": null,
            "debt_ratio": null,
            "inventory_turnover_ratio": null,
            "account_receivable_turnover_ratio": null,
            "reinvestment_rate": null,
            "research_to_sale_ratio": null,
            "price_fair": 0,
            "eps_avg_yearly": 0,
            "eps_latest_yearly": 0,
            "eps_growth_yearly": 0
        },
        "20072": {
            "year_quarter": 20072,
            "year": 2007,
            "quarter": 2,
            "eps": null,
            "eps_growth_year": null,
            "eps_4q": null,
            "eps_4q_growth_year": null,
            "roe": null,
            "roe_4q": 0,
            "gross_profit": null,
            "gross_margin": null,
            "gross_margin_4q_avg": 0,
            "net_income": null,
            "net_income_4q": null,
            "revenue": null,
            "revenue_4q": null,
            "common_shares": null,
            "book_valuer_per_share": null,
            "book_valuer_per_share_4q_avg": 4.2,
            "equity": null,
            "current_ratio": null,
            "debt_ratio": null,
            "inventory_turnover_ratio": null,
            "account_receivable_turnover_ratio": null,
            "reinvestment_rate": null,
            "research_to_sale_ratio": null,
            "price_fair": 0,
            "eps_avg_yearly": 0,
            "eps_latest_yearly": 0,
            "eps_growth_yearly": 0
        },
        "20073": {
            "year_quarter": 20073,
            "year": 2007,
            "quarter": 3,
            "eps": null,
            "eps_growth_year": null,
            "eps_4q": null,
            "eps_4q_growth_year": null,
            "roe": null,
            "roe_4q": 0,
            "gross_profit": null,
            "gross_margin": null,
            "gross_margin_4q_avg": 0,
            "net_income": null,
            "net_income_4q": null,
            "revenue": null,
            "revenue_4q": null,
            "common_shares": null,
            "book_valuer_per_share": null,
            "book_valuer_per_share_4q_avg": 4.2,
            "equity": null,
            "current_ratio": null,
            "debt_ratio": null,
            "inventory_turnover_ratio": null,
            "account_receivable_turnover_ratio": null,
            "reinvestment_rate": null,
            "research_to_sale_ratio": null,
            "price_fair": 0,
            "eps_avg_yearly": 0,
            "eps_latest_yearly": 0,
            "eps_growth_yearly": 0
        },
        "20074": {
            "year_quarter": 20074,
            "year": 2007,
            "quarter": 4,
            "eps": null,
            "eps_growth_year": null,
            "eps_4q": null,
            "eps_4q_growth_year": null,
            "roe": null,
            "roe_4q": 0,
            "gross_profit": null,
            "gross_margin": null,
            "gross_margin_4q_avg": 0,
            "net_income": null,
            "net_income_4q": null,
            "revenue": null,
            "revenue_4q": null,
            "common_shares": 170000,
            "book_valuer_per_share": 17.26,
            "book_valuer_per_share_4q_avg": 4.32,
            "equity": 293439,
            "current_ratio": 278.36,
            "debt_ratio": 26.36,
            "inventory_turnover_ratio": null,
            "account_receivable_turnover_ratio": null,
            "reinvestment_rate": null,
            "research_to_sale_ratio": null,
            "price_fair": 0,
            "eps_avg_yearly": 0,
            "eps_latest_yearly": 0,
            "eps_growth_yearly": 0
        },
        "20081": {
            "year_quarter": 20081,
            "year": 2008,
            "quarter": 1,
            "eps": null,
            "eps_growth_year": null,
            "eps_4q": null,
            "eps_4q_growth_year": null,
            "roe": null,
            "roe_4q": 0,
            "gross_profit": null,
            "gross_margin": null,
            "gross_margin_4q_avg": 0,
            "net_income": null,
            "net_income_4q": null,
            "revenue": null,
            "revenue_4q": null,
            "common_shares": null,
            "book_valuer_per_share": null,
            "book_valuer_per_share_4q_avg": 4.32,
            "equity": null,
            "current_ratio": null,
            "debt_ratio": null,
            "inventory_turnover_ratio": null,
            "account_receivable_turnover_ratio": null,
            "reinvestment_rate": null,
            "research_to_sale_ratio": null,
            "price_fair": 0,
            "eps_avg_yearly": 0,
            "eps_latest_yearly": 0,
            "eps_growth_yearly": 0
        },
        "20082": {
            "year_quarter": 20082,
            "year": 2008,
            "quarter": 2,
            "eps": null,
            "eps_growth_year": null,
            "eps_4q": null,
            "eps_4q_growth_year": null,
            "roe": null,
            "roe_4q": 0,
            "gross_profit": null,
            "gross_margin": null,
            "gross_margin_4q_avg": 0,
            "net_income": null,
            "net_income_4q": null,
            "revenue": null,
            "revenue_4q": null,
            "common_shares": null,
            "book_valuer_per_share": null,
            "book_valuer_per_share_4q_avg": 4.32,
            "equity": null,
            "current_ratio": null,
            "debt_ratio": null,
            "inventory_turnover_ratio": null,
            "account_receivable_turnover_ratio": null,
            "reinvestment_rate": null,
            "research_to_sale_ratio": null,
            "price_fair": 0,
            "eps_avg_yearly": 0,
            "eps_latest_yearly": 0,
            "eps_growth_yearly": 0
        },
        "20083": {
            "year_quarter": 20083,
            "year": 2008,
            "quarter": 3,
            "eps": null,
            "eps_growth_year": null,
            "eps_4q": null,
            "eps_4q_growth_year": null,
            "roe": null,
            "roe_4q": 0,
            "gross_profit": null,
            "gross_margin": null,
            "gross_margin_4q_avg": 0,
            "net_income": null,
            "net_income_4q": null,
            "revenue": null,
            "revenue_4q": null,
            "common_shares": null,
            "book_valuer_per_share": null,
            "book_valuer_per_share_4q_avg": 4.32,
            "equity": null,
            "current_ratio": null,
            "debt_ratio": null,
            "inventory_turnover_ratio": null,
            "account_receivable_turnover_ratio": null,
            "reinvestment_rate": null,
            "research_to_sale_ratio": null,
            "price_fair": 0,
            "eps_avg_yearly": 0,
            "eps_latest_yearly": 0,
            "eps_growth_yearly": 0
        },
        "20084": {
            "year_quarter": 20084,
            "year": 2008,
            "quarter": 4,
            "eps": null,
            "eps_growth_year": null,
            "eps_4q": null,
            "eps_4q_growth_year": null,
            "roe": null,
            "roe_4q": 0,
            "gross_profit": null,
            "gross_margin": null,
            "gross_margin_4q_avg": 0,
            "net_income": null,
            "net_income_4q": null,
            "revenue": null,
            "revenue_4q": null,
            "common_shares": 170000,
            "book_valuer_per_share": 18.61,
            "book_valuer_per_share_4q_avg": 4.65,
            "equity": 316349,
            "current_ratio": 268.24,
            "debt_ratio": 29.56,
            "inventory_turnover_ratio": null,
            "account_receivable_turnover_ratio": null,
            "reinvestment_rate": null,
            "research_to_sale_ratio": null,
            "price_fair": 0,
            "eps_avg_yearly": 0,
            "eps_latest_yearly": 0,
            "eps_growth_yearly": 0
        },
        "20091": {
            "year_quarter": 20091,
            "year": 2009,
            "quarter": 1,
            "eps": null,
            "eps_growth_year": null,
            "eps_4q": null,
            "eps_4q_growth_year": null,
            "roe": null,
            "roe_4q": 0,
            "gross_profit": null,
            "gross_margin": null,
            "gross_margin_4q_avg": 0,
            "net_income": null,
            "net_income_4q": null,
            "revenue": null,
            "revenue_4q": null,
            "common_shares": null,
            "book_valuer_per_share": null,
            "book_valuer_per_share_4q_avg": 4.65,
            "equity": null,
            "current_ratio": null,
            "debt_ratio": null,
            "inventory_turnover_ratio": null,
            "account_receivable_turnover_ratio": null,
            "reinvestment_rate": null,
            "research_to_sale_ratio": null,
            "price_fair": 0,
            "eps_avg_yearly": 0,
            "eps_latest_yearly": 0,
            "eps_growth_yearly": 0
        },
        "20092": {
            "year_quarter": 20092,
            "year": 2009,
            "quarter": 2,
            "eps": null,
            "eps_growth_year": null,
            "eps_4q": null,
            "eps_4q_growth_year": null,
            "roe": null,
            "roe_4q": 0,
            "gross_profit": null,
            "gross_margin": null,
            "gross_margin_4q_avg": 0,
            "net_income": null,
            "net_income_4q": null,
            "revenue": null,
            "revenue_4q": null,
            "common_shares": null,
            "book_valuer_per_share": null,
            "book_valuer_per_share_4q_avg": 4.65,
            "equity": null,
            "current_ratio": null,
            "debt_ratio": null,
            "inventory_turnover_ratio": null,
            "account_receivable_turnover_ratio": null,
            "reinvestment_rate": null,
            "research_to_sale_ratio": null,
            "price_fair": 0,
            "eps_avg_yearly": 0,
            "eps_latest_yearly": 0,
            "eps_growth_yearly": 0
        },
        "20093": {
            "year_quarter": 20093,
            "year": 2009,
            "quarter": 3,
            "eps": null,
            "eps_growth_year": null,
            "eps_4q": null,
            "eps_4q_growth_year": null,
            "roe": null,
            "roe_4q": 0,
            "gross_profit": null,
            "gross_margin": null,
            "gross_margin_4q_avg": 0,
            "net_income": null,
            "net_income_4q": null,
            "revenue": null,
            "revenue_4q": null,
            "common_shares": null,
            "book_valuer_per_share": null,
            "book_valuer_per_share_4q_avg": 4.65,
            "equity": null,
            "current_ratio": null,
            "debt_ratio": null,
            "inventory_turnover_ratio": null,
            "account_receivable_turnover_ratio": null,
            "reinvestment_rate": null,
            "research_to_sale_ratio": null,
            "price_fair": 0,
            "eps_avg_yearly": 0,
            "eps_latest_yearly": 0,
            "eps_growth_yearly": 0
        },
        "20094": {
            "year_quarter": 20094,
            "year": 2009,
            "quarter": 4,
            "eps": null,
            "eps_growth_year": null,
            "eps_4q": null,
            "eps_4q_growth_year": null,
            "roe": null,
            "roe_4q": 0,
            "gross_profit": null,
            "gross_margin": null,
            "gross_margin_4q_avg": 0,
            "net_income": null,
            "net_income_4q": null,
            "revenue": null,
            "revenue_4q": null,
            "common_shares": 190000,
            "book_valuer_per_share": 18.72,
            "book_valuer_per_share_4q_avg": 4.68,
            "equity": 355587,
            "current_ratio": 115.91,
            "debt_ratio": 47.66,
            "inventory_turnover_ratio": null,
            "account_receivable_turnover_ratio": null,
            "reinvestment_rate": null,
            "research_to_sale_ratio": null,
            "price_fair": 0,
            "eps_avg_yearly": 0,
            "eps_latest_yearly": 0,
            "eps_growth_yearly": 0
        },
        "20101": {
            "year_quarter": 20101,
            "year": 2010,
            "quarter": 1,
            "eps": null,
            "eps_growth_year": null,
            "eps_4q": null,
            "eps_4q_growth_year": null,
            "roe": null,
            "roe_4q": 0,
            "gross_profit": null,
            "gross_margin": null,
            "gross_margin_4q_avg": 0,
            "net_income": null,
            "net_income_4q": null,
            "revenue": null,
            "revenue_4q": null,
            "common_shares": null,
            "book_valuer_per_share": null,
            "book_valuer_per_share_4q_avg": 4.68,
            "equity": null,
            "current_ratio": null,
            "debt_ratio": null,
            "inventory_turnover_ratio": null,
            "account_receivable_turnover_ratio": null,
            "reinvestment_rate": null,
            "research_to_sale_ratio": null,
            "price_fair": 0,
            "eps_avg_yearly": 0,
            "eps_latest_yearly": 0,
            "eps_growth_yearly": 0
        },
        "20102": {
            "year_quarter": 20102,
            "year": 2010,
            "quarter": 2,
            "eps": null,
            "eps_growth_year": null,
            "eps_4q": null,
            "eps_4q_growth_year": null,
            "roe": null,
            "roe_4q": 0,
            "gross_profit": null,
            "gross_margin": null,
            "gross_margin_4q_avg": 0,
            "net_income": null,
            "net_income_4q": null,
            "revenue": null,
            "revenue_4q": null,
            "common_shares": 190000,
            "book_valuer_per_share": null,
            "book_valuer_per_share_4q_avg": 4.68,
            "equity": 373287,
            "current_ratio": null,
            "debt_ratio": null,
            "inventory_turnover_ratio": null,
            "account_receivable_turnover_ratio": null,
            "reinvestment_rate": null,
            "research_to_sale_ratio": null,
            "price_fair": 0,
            "eps_avg_yearly": 0,
            "eps_latest_yearly": 0,
            "eps_growth_yearly": 0
        },
        "20103": {
            "year_quarter": 20103,
            "year": 2010,
            "quarter": 3,
            "eps": null,
            "eps_growth_year": null,
            "eps_4q": null,
            "eps_4q_growth_year": null,
            "roe": null,
            "roe_4q": 0,
            "gross_profit": null,
            "gross_margin": null,
            "gross_margin_4q_avg": 0,
            "net_income": null,
            "net_income_4q": null,
            "revenue": null,
            "revenue_4q": null,
            "common_shares": null,
            "book_valuer_per_share": null,
            "book_valuer_per_share_4q_avg": 4.68,
            "equity": null,
            "current_ratio": null,
            "debt_ratio": null,
            "inventory_turnover_ratio": null,
            "account_receivable_turnover_ratio": null,
            "reinvestment_rate": null,
            "research_to_sale_ratio": null,
            "price_fair": 0,
            "eps_avg_yearly": 0,
            "eps_latest_yearly": 0,
            "eps_growth_yearly": 0
        },
        "20104": {
            "year_quarter": 20104,
            "year": 2010,
            "quarter": 4,
            "eps": null,
            "eps_growth_year": null,
            "eps_4q": null,
            "eps_4q_growth_year": null,
            "roe": null,
            "roe_4q": 0,
            "gross_profit": null,
            "gross_margin": null,
            "gross_margin_4q_avg": 0,
            "net_income": null,
            "net_income_4q": null,
            "revenue": null,
            "revenue_4q": null,
            "common_shares": 263000,
            "book_valuer_per_share": 17.55,
            "book_valuer_per_share_4q_avg": 4.39,
            "equity": 461683,
            "current_ratio": 71.15,
            "debt_ratio": 66.19,
            "inventory_turnover_ratio": null,
            "account_receivable_turnover_ratio": null,
            "reinvestment_rate": null,
            "research_to_sale_ratio": null,
            "price_fair": 0,
            "eps_avg_yearly": 0,
            "eps_latest_yearly": 0,
            "eps_growth_yearly": 0
        },
        "20111": {
            "year_quarter": 20111,
            "year": 2011,
            "quarter": 1,
            "eps": null,
            "eps_growth_year": null,
            "eps_4q": null,
            "eps_4q_growth_year": null,
            "roe": null,
            "roe_4q": 0,
            "gross_profit": null,
            "gross_margin": null,
            "gross_margin_4q_avg": 0,
            "net_income": null,
            "net_income_4q": null,
            "revenue": null,
            "revenue_4q": null,
            "common_shares": null,
            "book_valuer_per_share": null,
            "book_valuer_per_share_4q_avg": 4.39,
            "equity": null,
            "current_ratio": null,
            "debt_ratio": null,
            "inventory_turnover_ratio": null,
            "account_receivable_turnover_ratio": null,
            "reinvestment_rate": null,
            "research_to_sale_ratio": null,
            "price_fair": 0,
            "eps_avg_yearly": 0,
            "eps_latest_yearly": 0,
            "eps_growth_yearly": 0
        },
        "20112": {
            "year_quarter": 20112,
            "year": 2011,
            "quarter": 2,
            "eps": null,
            "eps_growth_year": null,
            "eps_4q": null,
            "eps_4q_growth_year": null,
            "roe": null,
            "roe_4q": 0,
            "gross_profit": null,
            "gross_margin": null,
            "gross_margin_4q_avg": 0,
            "net_income": null,
            "net_income_4q": null,
            "revenue": null,
            "revenue_4q": null,
            "common_shares": 263000,
            "book_valuer_per_share": 18.31,
            "book_valuer_per_share_4q_avg": 8.97,
            "equity": 481527,
            "current_ratio": 66.68,
            "debt_ratio": 63.23,
            "inventory_turnover_ratio": null,
            "account_receivable_turnover_ratio": null,
            "reinvestment_rate": null,
            "research_to_sale_ratio": null,
            "price_fair": 0,
            "eps_avg_yearly": 0,
            "eps_latest_yearly": 0,
            "eps_growth_yearly": 0
        },
        "20113": {
            "year_quarter": 20113,
            "year": 2011,
            "quarter": 3,
            "eps": null,
            "eps_growth_year": null,
            "eps_4q": null,
            "eps_4q_growth_year": null,
            "roe": null,
            "roe_4q": 0,
            "gross_profit": null,
            "gross_margin": null,
            "gross_margin_4q_avg": 0,
            "net_income": null,
            "net_income_4q": null,
            "revenue": null,
            "revenue_4q": null,
            "common_shares": null,
            "book_valuer_per_share": null,
            "book_valuer_per_share_4q_avg": 8.97,
            "equity": null,
            "current_ratio": null,
            "debt_ratio": null,
            "inventory_turnover_ratio": null,
            "account_receivable_turnover_ratio": null,
            "reinvestment_rate": null,
            "research_to_sale_ratio": null,
            "price_fair": 0,
            "eps_avg_yearly": 0,
            "eps_latest_yearly": 0,
            "eps_growth_yearly": 0
        },
        "20114": {
            "year_quarter": 20114,
            "year": 2011,
            "quarter": 4,
            "eps": null,
            "eps_growth_year": null,
            "eps_4q": null,
            "eps_4q_growth_year": null,
            "roe": null,
            "roe_4q": 0,
            "gross_profit": null,
            "gross_margin": null,
            "gross_margin_4q_avg": 0,
            "net_income": null,
            "net_income_4q": null,
            "revenue": null,
            "revenue_4q": null,
            "common_shares": 278780,
            "book_valuer_per_share": 18.21,
            "book_valuer_per_share_4q_avg": 9.13,
            "equity": 507762,
            "current_ratio": 118.15,
            "debt_ratio": 62.41,
            "inventory_turnover_ratio": null,
            "account_receivable_turnover_ratio": null,
            "reinvestment_rate": null,
            "research_to_sale_ratio": null,
            "price_fair": 0,
            "eps_avg_yearly": 0,
            "eps_latest_yearly": 0,
            "eps_growth_yearly": 0
        },
        "20121": {
            "year_quarter": 20121,
            "year": 2012,
            "quarter": 1,
            "eps": null,
            "eps_growth_year": null,
            "eps_4q": null,
            "eps_4q_growth_year": null,
            "roe": null,
            "roe_4q": 0,
            "gross_profit": null,
            "gross_margin": null,
            "gross_margin_4q_avg": 0,
            "net_income": null,
            "net_income_4q": null,
            "revenue": null,
            "revenue_4q": null,
            "common_shares": null,
            "book_valuer_per_share": null,
            "book_valuer_per_share_4q_avg": 9.13,
            "equity": null,
            "current_ratio": null,
            "debt_ratio": null,
            "inventory_turnover_ratio": null,
            "account_receivable_turnover_ratio": null,
            "reinvestment_rate": null,
            "research_to_sale_ratio": null,
            "price_fair": 0,
            "eps_avg_yearly": 0,
            "eps_latest_yearly": 0,
            "eps_growth_yearly": 0
        },
        "20122": {
            "year_quarter": 20122,
            "year": 2012,
            "quarter": 2,
            "eps": null,
            "eps_growth_year": null,
            "eps_4q": null,
            "eps_4q_growth_year": null,
            "roe": null,
            "roe_4q": 0,
            "gross_profit": null,
            "gross_margin": null,
            "gross_margin_4q_avg": 0,
            "net_income": null,
            "net_income_4q": null,
            "revenue": null,
            "revenue_4q": null,
            "common_shares": 278780,
            "book_valuer_per_share": 18.21,
            "book_valuer_per_share_4q_avg": 9.11,
            "equity": 507652,
            "current_ratio": 111.32,
            "debt_ratio": 62.34,
            "inventory_turnover_ratio": null,
            "account_receivable_turnover_ratio": null,
            "reinvestment_rate": null,
            "research_to_sale_ratio": null,
            "price_fair": 0,
            "eps_avg_yearly": 0,
            "eps_latest_yearly": 0,
            "eps_growth_yearly": 0
        },
        "20123": {
            "year_quarter": 20123,
            "year": 2012,
            "quarter": 3,
            "eps": null,
            "eps_growth_year": null,
            "eps_4q": null,
            "eps_4q_growth_year": null,
            "roe": null,
            "roe_4q": 0,
            "gross_profit": null,
            "gross_margin": null,
            "gross_margin_4q_avg": 0,
            "net_income": null,
            "net_income_4q": null,
            "revenue": null,
            "revenue_4q": null,
            "common_shares": null,
            "book_valuer_per_share": null,
            "book_valuer_per_share_4q_avg": 9.11,
            "equity": null,
            "current_ratio": null,
            "debt_ratio": null,
            "inventory_turnover_ratio": null,
            "account_receivable_turnover_ratio": null,
            "reinvestment_rate": null,
            "research_to_sale_ratio": null,
            "price_fair": 0,
            "eps_avg_yearly": 0,
            "eps_latest_yearly": 0,
            "eps_growth_yearly": 0
        },
        "20124": {
            "year_quarter": 20124,
            "year": 2012,
            "quarter": 4,
            "eps": null,
            "eps_growth_year": null,
            "eps_4q": null,
            "eps_4q_growth_year": null,
            "roe": null,
            "roe_4q": 0,
            "gross_profit": null,
            "gross_margin": null,
            "gross_margin_4q_avg": 0,
            "net_income": null,
            "net_income_4q": null,
            "revenue": null,
            "revenue_4q": null,
            "common_shares": 278780,
            "book_valuer_per_share": 19.41,
            "book_valuer_per_share_4q_avg": 9.41,
            "equity": 540980,
            "current_ratio": 116.29,
            "debt_ratio": 58.71,
            "inventory_turnover_ratio": null,
            "account_receivable_turnover_ratio": null,
            "reinvestment_rate": null,
            "research_to_sale_ratio": null,
            "price_fair": 0,
            "eps_avg_yearly": 0,
            "eps_latest_yearly": 0,
            "eps_growth_yearly": 0
        },
        "20131": {
            "year_quarter": 20131,
            "year": 2013,
            "quarter": 1,
            "eps": null,
            "eps_growth_year": null,
            "eps_4q": null,
            "eps_4q_growth_year": null,
            "roe": null,
            "roe_4q": 0,
            "gross_profit": null,
            "gross_margin": null,
            "gross_margin_4q_avg": 0,
            "net_income": null,
            "net_income_4q": null,
            "revenue": null,
            "revenue_4q": null,
            "common_shares": null,
            "book_valuer_per_share": null,
            "book_valuer_per_share_4q_avg": 9.41,
            "equity": null,
            "current_ratio": null,
            "debt_ratio": null,
            "inventory_turnover_ratio": null,
            "account_receivable_turnover_ratio": null,
            "reinvestment_rate": null,
            "research_to_sale_ratio": null,
            "price_fair": 0,
            "eps_avg_yearly": 0,
            "eps_latest_yearly": 0,
            "eps_growth_yearly": 0
        },
        "20132": {
            "year_quarter": 20132,
            "year": 2013,
            "quarter": 2,
            "eps": null,
            "eps_growth_year": null,
            "eps_4q": null,
            "eps_4q_growth_year": null,
            "roe": null,
            "roe_4q": 0,
            "gross_profit": null,
            "gross_margin": null,
            "gross_margin_4q_avg": 0,
            "net_income": null,
            "net_income_4q": null,
            "revenue": null,
            "revenue_4q": null,
            "common_shares": 278780,
            "book_valuer_per_share": 19.43,
            "book_valuer_per_share_4q_avg": 9.71,
            "equity": 541541,
            "current_ratio": 83.58,
            "debt_ratio": 62.62,
            "inventory_turnover_ratio": null,
            "account_receivable_turnover_ratio": null,
            "reinvestment_rate": null,
            "research_to_sale_ratio": null,
            "price_fair": 0,
            "eps_avg_yearly": 0,
            "eps_latest_yearly": 0,
            "eps_growth_yearly": 0
        },
        "20133": {
            "year_quarter": 20133,
            "year": 2013,
            "quarter": 3,
            "eps": null,
            "eps_growth_year": null,
            "eps_4q": null,
            "eps_4q_growth_year": null,
            "roe": null,
            "roe_4q": 0,
            "gross_profit": 54424,
            "gross_margin": null,
            "gross_margin_4q_avg": 0,
            "net_income": 32517,
            "net_income_4q": null,
            "revenue": 196786,
            "revenue_4q": null,
            "common_shares": 278780,
            "book_valuer_per_share": 20.59,
            "book_valuer_per_share_4q_avg": 14.86,
            "equity": 574058,
            "current_ratio": 84.15,
            "debt_ratio": 58.19,
            "inventory_turnover_ratio": null,
            "account_receivable_turnover_ratio": null,
            "reinvestment_rate": null,
            "research_to_sale_ratio": null,
            "price_fair": 0,
            "eps_avg_yearly": 0,
            "eps_latest_yearly": 0,
            "eps_growth_yearly": 0
        },
        "20134": {
            "year_quarter": 20134,
            "year": 2013,
            "quarter": 4,
            "eps": null,
            "eps_growth_year": null,
            "eps_4q": null,
            "eps_4q_growth_year": null,
            "roe": null,
            "roe_4q": 0,
            "gross_profit": 51229,
            "gross_margin": null,
            "gross_margin_4q_avg": 0,
            "net_income": 27866,
            "net_income_4q": null,
            "revenue": 192506,
            "revenue_4q": null,
            "common_shares": 278780,
            "book_valuer_per_share": 21.55,
            "book_valuer_per_share_4q_avg": 15.39,
            "equity": 600891,
            "current_ratio": 88.86,
            "debt_ratio": 56.46,
            "inventory_turnover_ratio": null,
            "account_receivable_turnover_ratio": null,
            "reinvestment_rate": null,
            "research_to_sale_ratio": null,
            "price_fair": 0,
            "eps_avg_yearly": 0,
            "eps_latest_yearly": 0,
            "eps_growth_yearly": 0
        },
        "20141": {
            "year_quarter": 20141,
            "year": 2014,
            "quarter": 1,
            "eps": null,
            "eps_growth_year": null,
            "eps_4q": null,
            "eps_4q_growth_year": null,
            "roe": null,
            "roe_4q": 0,
            "gross_profit": 52582,
            "gross_margin": null,
            "gross_margin_4q_avg": 0,
            "net_income": 37730,
            "net_income_4q": null,
            "revenue": 199054,
            "revenue_4q": null,
            "common_shares": 278780,
            "book_valuer_per_share": 22.91,
            "book_valuer_per_share_4q_avg": 21.12,
            "equity": 638621,
            "current_ratio": 96.63,
            "debt_ratio": 55.28,
            "inventory_turnover_ratio": null,
            "account_receivable_turnover_ratio": null,
            "reinvestment_rate": null,
            "research_to_sale_ratio": null,
            "price_fair": 0,
            "eps_avg_yearly": 0,
            "eps_latest_yearly": 0,
            "eps_growth_yearly": 0
        },
        "20142": {
            "year_quarter": 20142,
            "year": 2014,
            "quarter": 2,
            "eps": 1.27,
            "eps_growth_year": null,
            "eps_4q": 1.27,
            "eps_4q_growth_year": null,
            "roe": 5.62,
            "roe_4q": 5.62,
            "gross_profit": 68981,
            "gross_margin": 29.92,
            "gross_margin_4q_avg": 7.48,
            "net_income": 35307,
            "net_income_4q": null,
            "revenue": 230585,
            "revenue_4q": null,
            "common_shares": 278780,
            "book_valuer_per_share": 22.17,
            "book_valuer_per_share_4q_avg": 21.81,
            "equity": 618172,
            "current_ratio": 90.46,
            "debt_ratio": 58.65,
            "inventory_turnover_ratio": 1.22,
            "account_receivable_turnover_ratio": 1.5,
            "reinvestment_rate": null,
            "research_to_sale_ratio": 1.04,
            "price_fair": 0,
            "eps_avg_yearly": 0,
            "eps_latest_yearly": 0,
            "eps_growth_yearly": 0
        },
        "20143": {
            "year_quarter": 20143,
            "year": 2014,
            "quarter": 3,
            "eps": 1.27,
            "eps_growth_year": null,
            "eps_4q": 2.54,
            "eps_4q_growth_year": null,
            "roe": 5.56,
            "roe_4q": 11.18,
            "gross_profit": 56578,
            "gross_margin": 27.62,
            "gross_margin_4q_avg": 14.39,
            "net_income": 35366,
            "net_income_4q": null,
            "revenue": 204848,
            "revenue_4q": null,
            "common_shares": 278780,
            "book_valuer_per_share": 23.44,
            "book_valuer_per_share_4q_avg": 22.52,
            "equity": 653538,
            "current_ratio": 96.56,
            "debt_ratio": 55.03,
            "inventory_turnover_ratio": 1.07,
            "account_receivable_turnover_ratio": 0.71,
            "reinvestment_rate": null,
            "research_to_sale_ratio": 1.34,
            "price_fair": 50.8,
            "eps_avg_yearly": 5.08,
            "eps_latest_yearly": 5.08,
            "eps_growth_yearly": 0
        },
        "20144": {
            "year_quarter": 20144,
            "year": 2014,
            "quarter": 4,
            "eps": 1.39,
            "eps_growth_year": null,
            "eps_4q": 3.61,
            "eps_4q_growth_year": null,
            "roe": 5.68,
            "roe_4q": 16.86,
            "gross_profit": 62593,
            "gross_margin": 29.64,
            "gross_margin_4q_avg": 21.8,
            "net_income": 44377,
            "net_income_4q": null,
            "revenue": 211199,
            "revenue_4q": null,
            "common_shares": 318780,
            "book_valuer_per_share": 28.5,
            "book_valuer_per_share_4q_avg": 24.26,
            "equity": 908578,
            "current_ratio": 108.58,
            "debt_ratio": 38.2,
            "inventory_turnover_ratio": 1.06,
            "account_receivable_turnover_ratio": 0.78,
            "reinvestment_rate": null,
            "research_to_sale_ratio": 1.36,
            "price_fair": 153.74,
            "eps_avg_yearly": 5.32,
            "eps_latest_yearly": 5.56,
            "eps_growth_yearly": 18.9
        },
        "20151": {
            "year_quarter": 20151,
            "year": 2015,
            "quarter": 1,
            "eps": 1.42,
            "eps_growth_year": null,
            "eps_4q": 5.03,
            "eps_4q_growth_year": null,
            "roe": 4.85,
            "roe_4q": 21.71,
            "gross_profit": 70654,
            "gross_margin": 32.94,
            "gross_margin_4q_avg": 30.03,
            "net_income": 45143,
            "net_income_4q": null,
            "revenue": 214499,
            "revenue_4q": null,
            "common_shares": 318780,
            "book_valuer_per_share": 29.92,
            "book_valuer_per_share_4q_avg": 26.01,
            "equity": 953721,
            "current_ratio": 118.81,
            "debt_ratio": 34.27,
            "inventory_turnover_ratio": 0.98,
            "account_receivable_turnover_ratio": 0.83,
            "reinvestment_rate": null,
            "research_to_sale_ratio": 1.43,
            "price_fair": 138.59,
            "eps_avg_yearly": 5.44,
            "eps_latest_yearly": 5.68,
            "eps_growth_yearly": 15.48
        },
        "20152": {
            "year_quarter": 20152,
            "year": 2015,
            "quarter": 2,
            "eps": 1.43,
            "eps_growth_year": 12.6,
            "eps_4q": 5.34,
            "eps_4q_growth_year": 322.01,
            "roe": 4.66,
            "roe_4q": 20.75,
            "gross_profit": 67228,
            "gross_margin": 30.98,
            "gross_margin_4q_avg": 30.3,
            "net_income": 45491,
            "net_income_4q": null,
            "revenue": 217028,
            "revenue_4q": null,
            "common_shares": 318780,
            "book_valuer_per_share": 31.34,
            "book_valuer_per_share_4q_avg": 28.3,
            "equity": 999212,
            "current_ratio": 115.55,
            "debt_ratio": 32.75,
            "inventory_turnover_ratio": 1.01,
            "account_receivable_turnover_ratio": 0.87,
            "reinvestment_rate": null,
            "research_to_sale_ratio": 1.17,
            "price_fair": 122.94,
            "eps_avg_yearly": 5.51,
            "eps_latest_yearly": 5.72,
            "eps_growth_yearly": 12.31
        },
        "20153": {
            "year_quarter": 20153,
            "year": 2015,
            "quarter": 3,
            "eps": 2.02,
            "eps_growth_year": 59.06,
            "eps_4q": 6.26,
            "eps_4q_growth_year": 146.88,
            "roe": 6.67,
            "roe_4q": 21.86,
            "gross_profit": 75780,
            "gross_margin": 33.3,
            "gross_margin_4q_avg": 31.72,
            "net_income": 64502,
            "net_income_4q": null,
            "revenue": 227550,
            "revenue_4q": null,
            "common_shares": 318780,
            "book_valuer_per_share": 29.37,
            "book_valuer_per_share_4q_avg": 29.78,
            "equity": 936202,
            "current_ratio": 91.58,
            "debt_ratio": 35.89,
            "inventory_turnover_ratio": 1.1,
            "account_receivable_turnover_ratio": 0.85,
            "reinvestment_rate": null,
            "research_to_sale_ratio": 1.36,
            "price_fair": 210.84,
            "eps_avg_yearly": 6.02,
            "eps_latest_yearly": 8.08,
            "eps_growth_yearly": 42.86
        },
        "20154": {
            "year_quarter": 20154,
            "year": 2015,
            "quarter": 4,
            "eps": 1.36,
            "eps_growth_year": -2.44,
            "eps_4q": 6.22,
            "eps_4q_growth_year": 72.47,
            "roe": 4.52,
            "roe_4q": 20.7,
            "gross_profit": 68453,
            "gross_margin": 31.72,
            "gross_margin_4q_avg": 32.24,
            "net_income": 43294,
            "net_income_4q": null,
            "revenue": 215778,
            "revenue_4q": null,
            "common_shares": 318780,
            "book_valuer_per_share": 30.7,
            "book_valuer_per_share_4q_avg": 30.33,
            "equity": 978610,
            "current_ratio": 99.68,
            "debt_ratio": 33.68,
            "inventory_turnover_ratio": 1.15,
            "account_receivable_turnover_ratio": 0.78,
            "reinvestment_rate": null,
            "research_to_sale_ratio": 1.3,
            "price_fair": 141.83,
            "eps_avg_yearly": 5.93,
            "eps_latest_yearly": 5.44,
            "eps_growth_yearly": 13.93
        },
        "20161": {
            "year_quarter": 20161,
            "year": 2016,
            "quarter": 1,
            "eps": 1.31,
            "eps_growth_year": -7.75,
            "eps_4q": 6.11,
            "eps_4q_growth_year": 21.67,
            "roe": 4.16,
            "roe_4q": 20.009999999999998,
            "gross_profit": 67695,
            "gross_margin": 32.12,
            "gross_margin_4q_avg": 32.03,
            "net_income": 41616,
            "net_income_4q": null,
            "revenue": 210760,
            "revenue_4q": null,
            "common_shares": 318780,
            "book_valuer_per_share": 32,
            "book_valuer_per_share_4q_avg": 30.85,
            "equity": 1020226,
            "current_ratio": 110.44,
            "debt_ratio": 31.42,
            "inventory_turnover_ratio": 1.12,
            "account_receivable_turnover_ratio": 0.8,
            "reinvestment_rate": null,
            "research_to_sale_ratio": 1.96,
            "price_fair": 115.64,
            "eps_avg_yearly": 5.83,
            "eps_latest_yearly": 5.24,
            "eps_growth_yearly": 9.84
        },
        "20162": {
            "year_quarter": 20162,
            "year": 2016,
            "quarter": 2,
            "eps": 1.36,
            "eps_growth_year": -4.9,
            "eps_4q": 6.05,
            "eps_4q_growth_year": 13.17,
            "roe": 4.51,
            "roe_4q": 19.86,
            "gross_profit": 75644,
            "gross_margin": 32.82,
            "gross_margin_4q_avg": 32.49,
            "net_income": 43397,
            "net_income_4q": null,
            "revenue": 230488,
            "revenue_4q": null,
            "common_shares": 318780,
            "book_valuer_per_share": 28.37,
            "book_valuer_per_share_4q_avg": 30.11,
            "equity": 904233,
            "current_ratio": 77.51,
            "debt_ratio": 40.46,
            "inventory_turnover_ratio": 1.11,
            "account_receivable_turnover_ratio": 0.85,
            "reinvestment_rate": null,
            "research_to_sale_ratio": 1.93,
            "price_fair": 118.6,
            "eps_avg_yearly": 5.78,
            "eps_latest_yearly": 5.44,
            "eps_growth_yearly": 10.52
        },
        "20163": {
            "year_quarter": 20163,
            "year": 2016,
            "quarter": 3,
            "eps": 1.42,
            "eps_growth_year": -29.7,
            "eps_4q": 5.44,
            "eps_4q_growth_year": -13.06,
            "roe": 4.87,
            "roe_4q": 18.06,
            "gross_profit": 75312,
            "gross_margin": 32.1,
            "gross_margin_4q_avg": 32.19,
            "net_income": 45143,
            "net_income_4q": null,
            "revenue": 234589,
            "revenue_4q": null,
            "common_shares": 318780,
            "book_valuer_per_share": 29.78,
            "book_valuer_per_share_4q_avg": 30.21,
            "equity": 949376,
            "current_ratio": 83.25,
            "debt_ratio": 37.35,
            "inventory_turnover_ratio": 1.11,
            "account_receivable_turnover_ratio": 0.81,
            "reinvestment_rate": null,
            "research_to_sale_ratio": 2.14,
            "price_fair": 122.94,
            "eps_avg_yearly": 5.77,
            "eps_latest_yearly": 5.68,
            "eps_growth_yearly": 11.31
        },
        "20164": {
            "year_quarter": 20164,
            "year": 2016,
            "quarter": 4,
            "eps": 1.56,
            "eps_growth_year": 15.2,
            "eps_4q": 5.65,
            "eps_4q_growth_year": -9.27,
            "roe": 5.12,
            "roe_4q": 18.66,
            "gross_profit": 70494,
            "gross_margin": 31.44,
            "gross_margin_4q_avg": 32.12,
            "net_income": 49874,
            "net_income_4q": null,
            "revenue": 224248,
            "revenue_4q": null,
            "common_shares": 318780,
            "book_valuer_per_share": 31.35,
            "book_valuer_per_share_4q_avg": 30.38,
            "equity": 999379,
            "current_ratio": 92.29,
            "debt_ratio": 32.96,
            "inventory_turnover_ratio": 1.07,
            "account_receivable_turnover_ratio": 0.8,
            "reinvestment_rate": null,
            "research_to_sale_ratio": 2.26,
            "price_fair": 140.3,
            "eps_avg_yearly": 5.82,
            "eps_latest_yearly": 6.24,
            "eps_growth_yearly": 14.12
        },
        "20171": {
            "year_quarter": 20171,
            "year": 2017,
            "quarter": 1,
            "eps": 0.95,
            "eps_growth_year": -27.48,
            "eps_4q": 5.29,
            "eps_4q_growth_year": -13.49,
            "roe": 2.98,
            "roe_4q": 17.479999999999997,
            "gross_profit": 70778,
            "gross_margin": 32.97,
            "gross_margin_4q_avg": 32.33,
            "net_income": 30188,
            "net_income_4q": null,
            "revenue": 214700,
            "revenue_4q": null,
            "common_shares": 318780,
            "book_valuer_per_share": 32.3,
            "book_valuer_per_share_4q_avg": 30.45,
            "equity": 1029567,
            "current_ratio": 100.31,
            "debt_ratio": 30.15,
            "inventory_turnover_ratio": 0.92,
            "account_receivable_turnover_ratio": 0.85,
            "reinvestment_rate": null,
            "research_to_sale_ratio": 3.5,
            "price_fair": 16.9,
            "eps_avg_yearly": 5.63,
            "eps_latest_yearly": 3.8,
            "eps_growth_yearly": -1.38
        },
        "20172": {
            "year_quarter": 20172,
            "year": 2017,
            "quarter": 2,
            "eps": 1.28,
            "eps_growth_year": -5.88,
            "eps_4q": 5.21,
            "eps_4q_growth_year": -13.87,
            "roe": 4.14,
            "roe_4q": 17.11,
            "gross_profit": 69760,
            "gross_margin": 30.89,
            "gross_margin_4q_avg": 31.85,
            "net_income": 40858,
            "net_income_4q": null,
            "revenue": 225820,
            "revenue_4q": null,
            "common_shares": 318780,
            "book_valuer_per_share": 29.58,
            "book_valuer_per_share_4q_avg": 30.75,
            "equity": 942913,
            "current_ratio": 87.38,
            "debt_ratio": 38.8,
            "inventory_turnover_ratio": 0.92,
            "account_receivable_turnover_ratio": 0.91,
            "reinvestment_rate": 0.1,
            "research_to_sale_ratio": 2.23,
            "price_fair": 113.56,
            "eps_avg_yearly": 5.59,
            "eps_latest_yearly": 5.12,
            "eps_growth_yearly": 10.31
        },
        "20173": {
            "year_quarter": 20173,
            "year": 2017,
            "quarter": 3,
            "eps": 0.92,
            "eps_growth_year": -35.21,
            "eps_4q": 4.71,
            "eps_4q_growth_year": -13.38,
            "roe": 3.06,
            "roe_4q": 15.3,
            "gross_profit": 55365,
            "gross_margin": 27.68,
            "gross_margin_4q_avg": 30.75,
            "net_income": 29330,
            "net_income_4q": null,
            "revenue": 200050,
            "revenue_4q": null,
            "common_shares": 318780,
            "book_valuer_per_share": 30.5,
            "book_valuer_per_share_4q_avg": 30.93,
            "equity": 972243,
            "current_ratio": 91.73,
            "debt_ratio": 35.82,
            "inventory_turnover_ratio": 0.86,
            "account_receivable_turnover_ratio": 0.79,
            "reinvestment_rate": 5.75,
            "research_to_sale_ratio": 2.29,
            "price_fair": 54.43,
            "eps_avg_yearly": 5.44,
            "eps_latest_yearly": 3.68,
            "eps_growth_yearly": 0.87
        },
        "20174": {
            "year_quarter": 20174,
            "year": 2017,
            "quarter": 4,
            "eps": 0.33,
            "eps_growth_year": -78.82,
            "eps_4q": 3.48,
            "eps_4q_growth_year": -38.38,
            "roe": 1.08,
            "roe_4q": 11.260000000000002,
            "gross_profit": 41874,
            "gross_margin": 24.42,
            "gross_margin_4q_avg": 28.99,
            "net_income": 10563,
            "net_income_4q": null,
            "revenue": 171496,
            "revenue_4q": null,
            "common_shares": 318780,
            "book_valuer_per_share": 30.96,
            "book_valuer_per_share_4q_avg": 30.84,
            "equity": 986936,
            "current_ratio": 91.3,
            "debt_ratio": 40.9,
            "inventory_turnover_ratio": 0.77,
            "account_receivable_turnover_ratio": 0.74,
            "reinvestment_rate": 10.64,
            "research_to_sale_ratio": 3.48,
            "price_fair": 15.45,
            "eps_avg_yearly": 5.15,
            "eps_latest_yearly": 1.32,
            "eps_growth_yearly": -17.52
        },
        "20181": {
            "year_quarter": 20181,
            "year": 2018,
            "quarter": 1,
            "eps": 0.55,
            "eps_growth_year": -42.11,
            "eps_4q": 2.79,
            "eps_4q_growth_year": -47.17,
            "roe": 1.68,
            "roe_4q": 9.96,
            "gross_profit": 44231,
            "gross_margin": 24.4,
            "gross_margin_4q_avg": 26.85,
            "net_income": 19491,
            "net_income_4q": null,
            "revenue": 181239,
            "revenue_4q": null,
            "common_shares": 358780,
            "book_valuer_per_share": 37.28,
            "book_valuer_per_share_4q_avg": 32.08,
            "equity": 1337384,
            "current_ratio": 186.94,
            "debt_ratio": 19.42,
            "inventory_turnover_ratio": 0.77,
            "account_receivable_turnover_ratio": 0.82,
            "reinvestment_rate": 14.77,
            "research_to_sale_ratio": 2.76,
            "price_fair": 56.59,
            "eps_avg_yearly": 4.95,
            "eps_latest_yearly": 2.2,
            "eps_growth_yearly": 1.43
        },
        "20182": {
            "year_quarter": 20182,
            "year": 2018,
            "quarter": 2,
            "eps": 0.78,
            "eps_growth_year": -39.06,
            "eps_4q": 2.43,
            "eps_4q_growth_year": -53.43,
            "roe": 2.15,
            "roe_4q": 7.970000000000001,
            "gross_profit": 37099,
            "gross_margin": 20.64,
            "gross_margin_4q_avg": 24.29,
            "net_income": 27659,
            "net_income_4q": null,
            "revenue": 179784,
            "revenue_4q": null,
            "common_shares": 358780,
            "book_valuer_per_share": 34.55,
            "book_valuer_per_share_4q_avg": 33.32,
            "equity": 1239470,
            "current_ratio": 142.73,
            "debt_ratio": 25.55,
            "inventory_turnover_ratio": 0.76,
            "account_receivable_turnover_ratio": 0.74,
            "reinvestment_rate": 13.78,
            "research_to_sale_ratio": 2.8,
            "price_fair": 105.42,
            "eps_avg_yearly": 4.84,
            "eps_latest_yearly": 3.12,
            "eps_growth_yearly": 11.79
        },
        "20183": {
            "year_quarter": 20183,
            "year": 2018,
            "quarter": 3,
            "eps": 0.92,
            "eps_growth_year": 0,
            "eps_4q": 2.52,
            "eps_4q_growth_year": -46.54,
            "roe": 2.6,
            "roe_4q": 7.51,
            "gross_profit": 48619,
            "gross_margin": 23.23,
            "gross_margin_4q_avg": 23.17,
            "net_income": 32697,
            "net_income_4q": null,
            "revenue": 209294,
            "revenue_4q": null,
            "common_shares": 358780,
            "book_valuer_per_share": 35.46,
            "book_valuer_per_share_4q_avg": 34.56,
            "equity": 1272167,
            "current_ratio": 164.72,
            "debt_ratio": 23.44,
            "inventory_turnover_ratio": 0.85,
            "account_receivable_turnover_ratio": 0.79,
            "reinvestment_rate": 8.74,
            "research_to_sale_ratio": 2.34,
            "price_fair": 124.83,
            "eps_avg_yearly": 4.75,
            "eps_latest_yearly": 3.68,
            "eps_growth_yearly": 16.28
        },
        "20184": {
            "year_quarter": 20184,
            "year": 2018,
            "quarter": 4,
            "eps": 0.77,
            "eps_growth_year": 131.33,
            "eps_4q": 2.99,
            "eps_4q_growth_year": -14.02,
            "roe": 2.14,
            "roe_4q": 8.57,
            "gross_profit": 51783,
            "gross_margin": 24.56,
            "gross_margin_4q_avg": 23.21,
            "net_income": 27502,
            "net_income_4q": null,
            "revenue": 210876,
            "revenue_4q": null,
            "common_shares": 358780,
            "book_valuer_per_share": 36.22,
            "book_valuer_per_share_4q_avg": 35.88,
            "equity": 1299573,
            "current_ratio": 195.52,
            "debt_ratio": 16.9,
            "inventory_turnover_ratio": 0.91,
            "account_receivable_turnover_ratio": 0.78,
            "reinvestment_rate": 13.74,
            "research_to_sale_ratio": 2.04,
            "price_fair": 91.17,
            "eps_avg_yearly": 4.6,
            "eps_latest_yearly": 3.08,
            "eps_growth_yearly": 9.84
        },
        "20191": {
            "year_quarter": 20191,
            "year": 2019,
            "quarter": 1,
            "eps": 0.93,
            "eps_growth_year": 69.09,
            "eps_4q": 3.37,
            "eps_4q_growth_year": 20.79,
            "roe": 2.52,
            "roe_4q": 9.41,
            "gross_profit": 54564,
            "gross_margin": 25.36,
            "gross_margin_4q_avg": 23.45,
            "net_income": 33225,
            "net_income_4q": null,
            "revenue": 215144,
            "revenue_4q": null,
            "common_shares": 358780,
            "book_valuer_per_share": 37.15,
            "book_valuer_per_share_4q_avg": 35.85,
            "equity": 1332798,
            "current_ratio": 210.72,
            "debt_ratio": 20.64,
            "inventory_turnover_ratio": 0.99,
            "account_receivable_turnover_ratio": 0.82,
            "reinvestment_rate": 13.12,
            "research_to_sale_ratio": 1.99,
            "price_fair": 109.56,
            "eps_avg_yearly": 4.47,
            "eps_latest_yearly": 3.72,
            "eps_growth_yearly": 14.5
        },
        "20192": {
            "year_quarter": 20192,
            "year": 2019,
            "quarter": 2,
            "eps": 0.96,
            "eps_growth_year": 23.08,
            "eps_4q": 3.56,
            "eps_4q_growth_year": 46.9,
            "roe": 2.66,
            "roe_4q": 9.92,
            "gross_profit": 58254,
            "gross_margin": 28.76,
            "gross_margin_4q_avg": 25.48,
            "net_income": 34440,
            "net_income_4q": null,
            "revenue": 202534,
            "revenue_4q": null,
            "common_shares": 358780,
            "book_valuer_per_share": 35.11,
            "book_valuer_per_share_4q_avg": 35.99,
            "equity": 1259604,
            "current_ratio": 156.2,
            "debt_ratio": 26.23,
            "inventory_turnover_ratio": 0.85,
            "account_receivable_turnover_ratio": 0.75,
            "reinvestment_rate": 11.31,
            "research_to_sale_ratio": 2.37,
            "price_fair": 109.43,
            "eps_avg_yearly": 4.36,
            "eps_latest_yearly": 3.84,
            "eps_growth_yearly": 15.13
        },
        "20193": {
            "year_quarter": 20193,
            "year": 2019,
            "quarter": 3,
            "eps": 0.95,
            "eps_growth_year": 3.26,
            "eps_4q": 3.6,
            "eps_4q_growth_year": 42.9,
            "roe": 2.67,
            "roe_4q": 9.99,
            "gross_profit": 61742,
            "gross_margin": 29.81,
            "gross_margin_4q_avg": 27.12,
            "net_income": 34025,
            "net_income_4q": null,
            "revenue": 207086,
            "revenue_4q": null,
            "common_shares": 358780,
            "book_valuer_per_share": 36.06,
            "book_valuer_per_share_4q_avg": 36.14,
            "equity": 1293629,
            "current_ratio": 182.6,
            "debt_ratio": 22.31,
            "inventory_turnover_ratio": 0.83,
            "account_receivable_turnover_ratio": 0.76,
            "reinvestment_rate": 13.37,
            "research_to_sale_ratio": 3.33,
            "price_fair": 59.48,
            "eps_avg_yearly": 4.09,
            "eps_latest_yearly": 3.8,
            "eps_growth_yearly": 4.55
        },
        "20194": {
            "year_quarter": 20194,
            "year": 2019,
            "quarter": 4,
            "eps": 0.25,
            "eps_growth_year": -67.07,
            "eps_4q": 3.09,
            "eps_4q_growth_year": 3.17,
            "roe": 0.7,
            "roe_4q": 8.55,
            "gross_profit": 41433,
            "gross_margin": 24.7,
            "gross_margin_4q_avg": 27.16,
            "net_income": 9057,
            "net_income_4q": null,
            "revenue": 167731,
            "revenue_4q": null,
            "common_shares": 358780,
            "book_valuer_per_share": 36.27,
            "book_valuer_per_share_4q_avg": 36.15,
            "equity": 1301362,
            "current_ratio": 164.76,
            "debt_ratio": 25.85,
            "inventory_turnover_ratio": 0.7,
            "account_receivable_turnover_ratio": 0.69,
            "reinvestment_rate": 14.11,
            "research_to_sale_ratio": 3.24,
            "price_fair": 11.43,
            "eps_avg_yearly": 3.81,
            "eps_latest_yearly": 1,
            "eps_growth_yearly": -5.7
        },
        "20201": {
            "year_quarter": 20201,
            "year": 2020,
            "quarter": 1,
            "eps": 0.64,
            "eps_growth_year": -31.18,
            "eps_4q": 2.8,
            "eps_4q_growth_year": -17.08,
            "roe": 1.74,
            "roe_4q": 7.77,
            "gross_profit": 41041,
            "gross_margin": 23.37,
            "gross_margin_4q_avg": 26.66,
            "net_income": 22878,
            "net_income_4q": null,
            "revenue": 175604,
            "revenue_4q": null,
            "common_shares": 358780,
            "book_valuer_per_share": 36.91,
            "book_valuer_per_share_4q_avg": 36.09,
            "equity": 1324240,
            "current_ratio": 257.93,
            "debt_ratio": 16.68,
            "inventory_turnover_ratio": 0.74,
            "account_receivable_turnover_ratio": 0.79,
            "reinvestment_rate": 16.39,
            "research_to_sale_ratio": 3.33,
            "price_fair": 127.49,
            "eps_avg_yearly": 3.64,
            "eps_latest_yearly": 2.56,
            "eps_growth_yearly": 34.22
        },
        "20202": {
            "year_quarter": 20202,
            "year": 2020,
            "quarter": 2,
            "eps": 0.29,
            "eps_growth_year": -69.79,
            "eps_4q": 2.13,
            "eps_4q_growth_year": -40.19,
            "roe": 0.82,
            "roe_4q": 5.93,
            "gross_profit": 24458,
            "gross_margin": 22.45,
            "gross_margin_4q_avg": 25.08,
            "net_income": 10513,
            "net_income_4q": null,
            "revenue": 108955,
            "revenue_4q": null,
            "common_shares": 358780,
            "book_valuer_per_share": 34.2,
            "book_valuer_per_share_4q_avg": 35.86,
            "equity": 1227119,
            "current_ratio": 165.46,
            "debt_ratio": 23.44,
            "inventory_turnover_ratio": 0.45,
            "account_receivable_turnover_ratio": 0.55,
            "reinvestment_rate": 1.39,
            "research_to_sale_ratio": 4.63,
            "price_fair": 99.88,
            "eps_avg_yearly": 3.38,
            "eps_latest_yearly": 1.16,
            "eps_growth_yearly": 19.59
        },
        "20203": {
            "year_quarter": 20203,
            "year": 2020,
            "quarter": 3,
            "eps": 0.67,
            "eps_growth_year": -29.47,
            "eps_4q": 1.86,
            "eps_4q_growth_year": -48.41,
            "roe": 1.95,
            "roe_4q": 5.21,
            "gross_profit": 50154,
            "gross_margin": 23.68,
            "gross_margin_4q_avg": 23.55,
            "net_income": 24198,
            "net_income_4q": null,
            "revenue": 211793,
            "revenue_4q": null,
            "common_shares": 358780,
            "book_valuer_per_share": 34.88,
            "book_valuer_per_share_4q_avg": 35.57,
            "equity": 1251317,
            "current_ratio": 186.41,
            "debt_ratio": 21.59,
            "inventory_turnover_ratio": 0.87,
            "account_receivable_turnover_ratio": 1.01,
            "reinvestment_rate": -0.66,
            "research_to_sale_ratio": 2.26,
            "price_fair": 111.56,
            "eps_avg_yearly": 3.19,
            "eps_latest_yearly": 2.68,
            "eps_growth_yearly": 51.25
        },
        "20204": {
            "year_quarter": 20204,
            "year": 2020,
            "quarter": 4,
            "eps": 0.4,
            "eps_growth_year": 59.46,
            "eps_4q": 2.01,
            "eps_4q_growth_year": -34.96,
            "roe": 1.15,
            "roe_4q": 5.659999999999999,
            "gross_profit": 47356,
            "gross_margin": 22.45,
            "gross_margin_4q_avg": 22.99,
            "net_income": 14442,
            "net_income_4q": null,
            "revenue": 210904,
            "revenue_4q": null,
            "common_shares": 358780,
            "book_valuer_per_share": 35.3,
            "book_valuer_per_share_4q_avg": 35.32,
            "equity": 1266536,
            "current_ratio": 175.63,
            "debt_ratio": 24.23,
            "inventory_turnover_ratio": 1,
            "account_receivable_turnover_ratio": 0.76,
            "reinvestment_rate": -1.67,
            "research_to_sale_ratio": 2.9,
            "price_fair": 101.41,
            "eps_avg_yearly": 2.9,
            "eps_latest_yearly": 1.6,
            "eps_growth_yearly": 38.71
        },
        "20211": {
            "year_quarter": 20211,
            "year": 2021,
            "quarter": 1,
            "eps": 0.32,
            "eps_growth_year": -50,
            "eps_4q": 1.69,
            "eps_4q_growth_year": -39.65,
            "roe": 0.9,
            "roe_4q": 4.82,
            "gross_profit": 30099,
            "gross_margin": 21.79,
            "gross_margin_4q_avg": 22.59,
            "net_income": 11442,
            "net_income_4q": null,
            "revenue": 138123,
            "revenue_4q": null,
            "common_shares": 358780,
            "book_valuer_per_share": 35.62,
            "book_valuer_per_share_4q_avg": 35,
            "equity": 1277978,
            "current_ratio": 181.85,
            "debt_ratio": 23.8,
            "inventory_turnover_ratio": 0.64,
            "account_receivable_turnover_ratio": 0.54,
            "reinvestment_rate": -1.7,
            "research_to_sale_ratio": 3.47,
            "price_fair": 95.9,
            "eps_avg_yearly": 2.74,
            "eps_latest_yearly": 1.28,
            "eps_growth_yearly": 43.48
        },
        "20212": {
            "year_quarter": 20212,
            "year": 2021,
            "quarter": 2,
            "eps": 0.22,
            "eps_growth_year": -24.14,
            "eps_4q": 1.61,
            "eps_4q_growth_year": -24.38,
            "roe": 0.6,
            "roe_4q": 4.6,
            "gross_profit": 39138,
            "gross_margin": 22.16,
            "gross_margin_4q_avg": 22.52,
            "net_income": 7746,
            "net_income_4q": null,
            "revenue": 176615,
            "revenue_4q": null,
            "common_shares": 358780,
            "book_valuer_per_share": 35.84,
            "book_valuer_per_share_4q_avg": 35.41,
            "equity": 1285724,
            "current_ratio": 162.59,
            "debt_ratio": 29.43,
            "inventory_turnover_ratio": 0.72,
            "account_receivable_turnover_ratio": 0.86,
            "reinvestment_rate": -1.48,
            "research_to_sale_ratio": 2.73,
            "price_fair": 86.63,
            "eps_avg_yearly": 2.48,
            "eps_latest_yearly": 0.88,
            "eps_growth_yearly": 26.99
        },
        "20213": {
            "year_quarter": 20213,
            "year": 2021,
            "quarter": 3,
            "eps": 0.57,
            "eps_growth_year": -14.93,
            "eps_4q": 1.51,
            "eps_4q_growth_year": -18.85,
            "roe": 1.62,
            "roe_4q": 4.27,
            "gross_profit": 45231,
            "gross_margin": 23.95,
            "gross_margin_4q_avg": 22.59,
            "net_income": 20456,
            "net_income_4q": null,
            "revenue": 188879,
            "revenue_4q": null,
            "common_shares": 358780,
            "book_valuer_per_share": 34.41,
            "book_valuer_per_share_4q_avg": 35.29,
            "equity": 1234424,
            "current_ratio": 135.56,
            "debt_ratio": 37.48,
            "inventory_turnover_ratio": 0.74,
            "account_receivable_turnover_ratio": 0.81,
            "reinvestment_rate": -2.46,
            "research_to_sale_ratio": 3,
            "price_fair": 83.56,
            "eps_avg_yearly": 2.39,
            "eps_latest_yearly": 2.28,
            "eps_growth_yearly": 73.79
        },
        "20214": {
            "year_quarter": 20214,
            "year": 2021,
            "quarter": 4,
            "eps": 0.32,
            "eps_growth_year": -20.77,
            "eps_4q": 1.42,
            "eps_4q_growth_year": -29.08,
            "roe": 0.92,
            "roe_4q": 4.04,
            "gross_profit": 43249,
            "gross_margin": 21.49,
            "gross_margin_4q_avg": 22.35,
            "net_income": 11442,
            "net_income_4q": null,
            "revenue": 201258,
            "revenue_4q": null,
            "common_shares": 358780,
            "book_valuer_per_share": 34.69,
            "book_valuer_per_share_4q_avg": 35.14,
            "equity": 1244692,
            "current_ratio": 130.13,
            "debt_ratio": 41.68,
            "inventory_turnover_ratio": 0.88,
            "account_receivable_turnover_ratio": 0.79,
            "reinvestment_rate": -12.31,
            "research_to_sale_ratio": 2.49,
            "price_fair": 83.48,
            "eps_avg_yearly": 2.39,
            "eps_latest_yearly": 1.28,
            "eps_growth_yearly": 78.86
        },
        "20221": {
            "year_quarter": 20221,
            "year": 2022,
            "quarter": 1,
            "eps": 1.29,
            "eps_growth_year": 303.12,
            "eps_4q": 2.4,
            "eps_4q_growth_year": 41.87,
            "roe": 3.65,
            "roe_4q": 6.79,
            "gross_profit": 46418,
            "gross_margin": 24.94,
            "gross_margin_4q_avg": 23.14,
            "net_income": 46320,
            "net_income_4q": null,
            "revenue": 186114,
            "revenue_4q": null,
            "common_shares": 358780,
            "book_valuer_per_share": 35.98,
            "book_valuer_per_share_4q_avg": 35.23,
            "equity": 1291012,
            "current_ratio": 150.86,
            "debt_ratio": 34.41,
            "inventory_turnover_ratio": 0.81,
            "account_receivable_turnover_ratio": 0.76,
            "reinvestment_rate": -19.82,
            "research_to_sale_ratio": 2.6,
            "price_fair": 89.95,
            "eps_avg_yearly": 2.57,
            "eps_latest_yearly": 5.16,
            "eps_growth_yearly": 137.97
        },
        "20222": {
            "year_quarter": 20222,
            "year": 2022,
            "quarter": 2,
            "eps": 1.41,
            "eps_growth_year": 540.91,
            "eps_4q": 3.59,
            "eps_4q_growth_year": 122.66,
            "roe": 3.92,
            "roe_4q": 10.11,
            "gross_profit": 53977,
            "gross_margin": 28.77,
            "gross_margin_4q_avg": 24.79,
            "net_income": 50541,
            "net_income_4q": null,
            "revenue": 187608,
            "revenue_4q": null,
            "common_shares": 358780,
            "book_valuer_per_share": 35.89,
            "book_valuer_per_share_4q_avg": 35.24,
            "equity": 1287736,
            "current_ratio": 143.9,
            "debt_ratio": 38.77,
            "inventory_turnover_ratio": 0.75,
            "account_receivable_turnover_ratio": 0.74,
            "reinvestment_rate": -19.97,
            "research_to_sale_ratio": 2.54,
            "price_fair": 95.46,
            "eps_avg_yearly": 2.73,
            "eps_latest_yearly": 5.64,
            "eps_growth_yearly": 129.85
        },
        "20223": {
            "year_quarter": 20223,
            "year": 2022,
            "quarter": 3,
            "eps": 2.58,
            "eps_growth_year": 352.63,
            "eps_4q": 5.6,
            "eps_4q_growth_year": 271.69,
            "roe": 6.95,
            "roe_4q": 15.440000000000001,
            "gross_profit": 67801,
            "gross_margin": 30.67,
            "gross_margin_4q_avg": 26.47,
            "net_income": 92727,
            "net_income_4q": null,
            "revenue": 221091,
            "revenue_4q": null,
            "common_shares": 358780,
            "book_valuer_per_share": 38.48,
            "book_valuer_per_share_4q_avg": 36.26,
            "equity": 1380463,
            "current_ratio": 162.19,
            "debt_ratio": 36.14,
            "inventory_turnover_ratio": 0.89,
            "account_receivable_turnover_ratio": 0.76,
            "reinvestment_rate": -11.17,
            "research_to_sale_ratio": 1.94,
            "price_fair": 109.99,
            "eps_avg_yearly": 3.14,
            "eps_latest_yearly": 10.32,
            "eps_growth_yearly": 146.1
        },
        "20224": {
            "year_quarter": 20224,
            "year": 2022,
            "quarter": 4,
            "eps": -0.69,
            "eps_growth_year": -317.41,
            "eps_4q": 4.59,
            "eps_4q_growth_year": 222.42,
            "roe": -1.82,
            "roe_4q": 12.700000000000001,
            "gross_profit": 18723,
            "gross_margin": 14.6,
            "gross_margin_4q_avg": 24.75,
            "net_income": -24876,
            "net_income_4q": null,
            "revenue": 128197,
            "revenue_4q": null,
            "common_shares": 358780,
            "book_valuer_per_share": 37.8,
            "book_valuer_per_share_4q_avg": 37.04,
            "equity": 1356249,
            "current_ratio": 156.29,
            "debt_ratio": 36.73,
            "inventory_turnover_ratio": 0.64,
            "account_receivable_turnover_ratio": 0.49,
            "reinvestment_rate": -23.61,
            "research_to_sale_ratio": 3.51,
            "price_fair": 110.13,
            "eps_avg_yearly": 3.15,
            "eps_latest_yearly": 10.32,
            "eps_growth_yearly": 160.19
        },
        "20231": {
            "year_quarter": 20231,
            "year": 2023,
            "quarter": 1,
            "eps": 0.21,
            "eps_growth_year": -83.72,
            "eps_4q": 3.51,
            "eps_4q_growth_year": 46.55,
            "roe": 0.56,
            "roe_4q": 9.61,
            "gross_profit": 28626,
            "gross_margin": 26.33,
            "gross_margin_4q_avg": 25.09,
            "net_income": 7584,
            "net_income_4q": null,
            "revenue": 108735,
            "revenue_4q": null,
            "common_shares": 358780,
            "book_valuer_per_share": 38.01,
            "book_valuer_per_share_4q_avg": 37.55,
            "equity": 1363833,
            "current_ratio": 200.9,
            "debt_ratio": 26.05,
            "inventory_turnover_ratio": 0.44,
            "account_receivable_turnover_ratio": 0.58,
            "reinvestment_rate": -25.64,
            "research_to_sale_ratio": 3.94,
            "price_fair": 108.7,
            "eps_avg_yearly": 3.11,
            "eps_latest_yearly": 10.32,
            "eps_growth_yearly": 165.7
        },
        "20232": {
            "year_quarter": 20232,
            "year": 2023,
            "quarter": 2,
            "eps": 0.89,
            "eps_growth_year": -36.88,
            "eps_4q": 3,
            "eps_4q_growth_year": -16.48,
            "roe": 2.45,
            "roe_4q": 8.14,
            "gross_profit": 30155,
            "gross_margin": 22.06,
            "gross_margin_4q_avg": 23.42,
            "net_income": 32099,
            "net_income_4q": null,
            "revenue": 136677,
            "revenue_4q": null,
            "common_shares": 358780,
            "book_valuer_per_share": 34.91,
            "book_valuer_per_share_4q_avg": 37.3,
            "equity": 1252420,
            "current_ratio": 159.7,
            "debt_ratio": 33.65,
            "inventory_turnover_ratio": 0.54,
            "account_receivable_turnover_ratio": 0.83,
            "reinvestment_rate": -25.51,
            "research_to_sale_ratio": 3.42,
            "price_fair": 108,
            "eps_avg_yearly": 3.09,
            "eps_latest_yearly": 3.56,
            "eps_growth_yearly": 257.29
        },
        "20233": {
            "year_quarter": 20233,
            "year": 2023,
            "quarter": 3,
            "eps": 1.18,
            "eps_growth_year": -54.26,
            "eps_4q": 1.59,
            "eps_4q_growth_year": -71.65,
            "roe": 3.31,
            "roe_4q": 4.5,
            "gross_profit": 45467,
            "gross_margin": 26.18,
            "gross_margin_4q_avg": 22.29,
            "net_income": 42193,
            "net_income_4q": null,
            "revenue": 173649,
            "revenue_4q": null,
            "common_shares": 358780,
            "book_valuer_per_share": 36.08,
            "book_valuer_per_share_4q_avg": 36.7,
            "equity": 1294613,
            "current_ratio": 221.04,
            "debt_ratio": 23.79,
            "inventory_turnover_ratio": 0.68,
            "account_receivable_turnover_ratio": 0.91,
            "reinvestment_rate": -32.98,
            "research_to_sale_ratio": 2.69,
            "price_fair": 110.3,
            "eps_avg_yearly": 3.15,
            "eps_latest_yearly": 4.72,
            "eps_growth_yearly": 266.9
        }
    },
    "months": {
        "2011-05": {
            "month": "2011-05",
            "price": "33.92",
            "revenue": 39921
        },
        "2011-06": {
            "month": "2011-06",
            "price": "30.54",
            "revenue": 44198
        },
        "2011-07": {
            "month": "2011-07",
            "price": "29.00",
            "revenue": 45123
        },
        "2011-08": {
            "month": "2011-08",
            "price": "28.83",
            "revenue": 56156
        },
        "2011-10": {
            "month": "2011-10",
            "price": "26.50",
            "revenue": 61787
        },
        "2011-11": {
            "month": "2011-11",
            "price": "27.10",
            "revenue": 52060
        },
        "2011-12": {
            "month": "2011-12",
            "price": "28.00",
            "revenue": 50797
        },
        "2012-02": {
            "month": "2012-02",
            "price": "27.80",
            "revenue": 53180
        },
        "2012-03": {
            "month": "2012-03",
            "price": "27.75",
            "revenue": 64688
        },
        "2012-08": {
            "month": "2012-08",
            "price": "26.60",
            "revenue": 66441
        },
        "2012-09": {
            "month": "2012-09",
            "price": "26.81",
            "revenue": 59782
        },
        "2012-10": {
            "month": "2012-10",
            "price": "25.33",
            "revenue": 54425
        },
        "2012-11": {
            "month": "2012-11",
            "price": "27.26",
            "revenue": 57660
        },
        "2012-12": {
            "month": "2012-12",
            "price": "27.88",
            "revenue": 43789
        },
        "2013-01": {
            "month": "2013-01",
            "price": "30.72",
            "revenue": 52328
        },
        "2013-02": {
            "month": "2013-02",
            "price": "32.21",
            "revenue": 31186
        },
        "2013-03": {
            "month": "2013-03",
            "price": "32.73",
            "revenue": 59866
        },
        "2013-04": {
            "month": "2013-04",
            "price": "31.30",
            "revenue": 57875
        },
        "2013-05": {
            "month": "2013-05",
            "price": "34.53",
            "revenue": 58314
        },
        "2013-06": {
            "month": "2013-06",
            "price": "34.37",
            "revenue": 43532
        },
        "2013-07": {
            "month": "2013-07",
            "price": "35.82",
            "revenue": 64470
        },
        "2013-08": {
            "month": "2013-08",
            "price": "40.34",
            "revenue": 69748
        },
        "2013-09": {
            "month": "2013-09",
            "price": "47.06",
            "revenue": 62568
        },
        "2013-10": {
            "month": "2013-10",
            "price": "49.42",
            "revenue": 70891
        },
        "2013-11": {
            "month": "2013-11",
            "price": "55.19",
            "revenue": 65011
        },
        "2013-12": {
            "month": "2013-12",
            "price": "59.17",
            "revenue": 56604
        },
        "2014-01": {
            "month": "2014-01",
            "price": "65.20",
            "revenue": 57635
        },
        "2014-02": {
            "month": "2014-02",
            "price": "72.60",
            "revenue": 51288
        },
        "2014-03": {
            "month": "2014-03",
            "price": "81.55",
            "revenue": 90130
        },
        "2014-04": {
            "month": "2014-04",
            "price": "83.94",
            "revenue": 85721
        },
        "2014-05": {
            "month": "2014-05",
            "price": "80.25",
            "revenue": 76505
        },
        "2014-06": {
            "month": "2014-06",
            "price": "83.70",
            "revenue": 68360
        },
        "2014-07": {
            "month": "2014-07",
            "price": "86.13",
            "revenue": 76730
        },
        "2014-08": {
            "month": "2014-08",
            "price": "82.63",
            "revenue": 55013
        },
        "2014-09": {
            "month": "2014-09",
            "price": "80.48",
            "revenue": 73104
        },
        "2014-10": {
            "month": "2014-10",
            "price": "79.85",
            "revenue": 69040
        },
        "2014-11": {
            "month": "2014-11",
            "price": "74.01",
            "revenue": 70428
        },
        "2014-12": {
            "month": "2014-12",
            "price": "76.03",
            "revenue": 71731
        },
        "2015-01": {
            "month": "2015-01",
            "price": "92.36",
            "revenue": 81132
        },
        "2015-02": {
            "month": "2015-02",
            "price": "91.95",
            "revenue": 51593
        },
        "2015-03": {
            "month": "2015-03",
            "price": "91.10",
            "revenue": 81774
        },
        "2015-04": {
            "month": "2015-04",
            "price": "111.85",
            "revenue": 71333
        },
        "2015-05": {
            "month": "2015-05",
            "price": "99.46",
            "revenue": 73548
        },
        "2015-06": {
            "month": "2015-06",
            "price": "102.20",
            "revenue": 72146
        },
        "2015-07": {
            "month": "2015-07",
            "price": "105.23",
            "revenue": 79310
        },
        "2015-08": {
            "month": "2015-08",
            "price": "105.19",
            "revenue": 75008
        },
        "2015-09": {
            "month": "2015-09",
            "price": "101.38",
            "revenue": 73233
        },
        "2015-10": {
            "month": "2015-10",
            "price": "106.33",
            "revenue": 71924
        },
        "2015-11": {
            "month": "2015-11",
            "price": "128.71",
            "revenue": 72624
        },
        "2015-12": {
            "month": "2015-12",
            "price": "136.35",
            "revenue": 71230
        },
        "2016-01": {
            "month": "2016-01",
            "price": "118.55",
            "revenue": 78078
        },
        "2016-02": {
            "month": "2016-02",
            "price": "119.62",
            "revenue": 52543
        },
        "2016-03": {
            "month": "2016-03",
            "price": "126.00",
            "revenue": 80139
        },
        "2016-04": {
            "month": "2016-04",
            "price": "131.05",
            "revenue": 72228
        },
        "2016-05": {
            "month": "2016-05",
            "price": "127.98",
            "revenue": 79392
        },
        "2016-06": {
            "month": "2016-06",
            "price": "129.43",
            "revenue": 78868
        },
        "2016-07": {
            "month": "2016-07",
            "price": "124.75",
            "revenue": 82450
        },
        "2016-08": {
            "month": "2016-08",
            "price": "121.35",
            "revenue": 82102
        },
        "2016-09": {
            "month": "2016-09",
            "price": "124.74",
            "revenue": 70037
        },
        "2016-10": {
            "month": "2016-10",
            "price": "122.42",
            "revenue": 75048
        },
        "2016-11": {
            "month": "2016-11",
            "price": "112.10",
            "revenue": 76623
        },
        "2016-12": {
            "month": "2016-12",
            "price": "108.02",
            "revenue": 72577
        },
        "2017-01": {
            "month": "2017-01",
            "price": "118.53",
            "revenue": 67933
        },
        "2017-02": {
            "month": "2017-02",
            "price": "122.65",
            "revenue": 65078
        },
        "2017-03": {
            "month": "2017-03",
            "price": "124.13",
            "revenue": 81697
        },
        "2017-04": {
            "month": "2017-04",
            "price": "127.91",
            "revenue": 70211
        },
        "2017-05": {
            "month": "2017-05",
            "price": "119.62",
            "revenue": 79079
        },
        "2017-06": {
            "month": "2017-06",
            "price": "114.02",
            "revenue": 76522
        },
        "2017-07": {
            "month": "2017-07",
            "price": "118.29",
            "revenue": 59969
        },
        "2017-08": {
            "month": "2017-08",
            "price": "104.62",
            "revenue": 70446
        },
        "2017-09": {
            "month": "2017-09",
            "price": "110.79",
            "revenue": 69636
        },
        "2017-10": {
            "month": "2017-10",
            "price": "117.81",
            "revenue": 70603
        },
        "2017-11": {
            "month": "2017-11",
            "price": "112.09",
            "revenue": 61974
        },
        "2017-12": {
            "month": "2017-12",
            "price": "93.18",
            "revenue": 50079
        },
        "2018-01": {
            "month": "2018-01",
            "price": "85.93",
            "revenue": 67766
        },
        "2018-02": {
            "month": "2018-02",
            "price": "85.82",
            "revenue": 42640
        },
        "2018-03": {
            "month": "2018-03",
            "price": "75.70",
            "revenue": 70833
        },
        "2018-04": {
            "month": "2018-04",
            "price": "64.91",
            "revenue": 60506
        },
        "2018-05": {
            "month": "2018-05",
            "price": "53.23",
            "revenue": 56353
        },
        "2018-06": {
            "month": "2018-06",
            "price": "54.54",
            "revenue": 62926
        },
        "2018-07": {
            "month": "2018-07",
            "price": "52.58",
            "revenue": 70350
        },
        "2018-08": {
            "month": "2018-08",
            "price": "50.06",
            "revenue": 69001
        },
        "2018-09": {
            "month": "2018-09",
            "price": "54.95",
            "revenue": 69942
        },
        "2018-10": {
            "month": "2018-10",
            "price": "55.84",
            "revenue": 71018
        },
        "2018-11": {
            "month": "2018-11",
            "price": "56.25",
            "revenue": 76240
        },
        "2018-12": {
            "month": "2018-12",
            "price": "53.24",
            "revenue": 63618
        },
        "2019-01": {
            "month": "2019-01",
            "price": "52.14",
            "revenue": 72863
        },
        "2019-02": {
            "month": "2019-02",
            "price": "53.39",
            "revenue": 53528
        },
        "2019-03": {
            "month": "2019-03",
            "price": "56.72",
            "revenue": 88753
        },
        "2019-04": {
            "month": "2019-04",
            "price": "59.86",
            "revenue": 63691
        },
        "2019-05": {
            "month": "2019-05",
            "price": "72.84",
            "revenue": 72215
        },
        "2019-06": {
            "month": "2019-06",
            "price": "74.08",
            "revenue": 66627
        },
        "2019-07": {
            "month": "2019-07",
            "price": "67.86",
            "revenue": 65936
        },
        "2019-08": {
            "month": "2019-08",
            "price": "63.22",
            "revenue": 74814
        },
        "2019-09": {
            "month": "2019-09",
            "price": "65.44",
            "revenue": 66335
        },
        "2019-10": {
            "month": "2019-10",
            "price": "62.60",
            "revenue": 62412
        },
        "2019-11": {
            "month": "2019-11",
            "price": "60.78",
            "revenue": 53059
        },
        "2019-12": {
            "month": "2019-12",
            "price": "59.46",
            "revenue": 52261
        },
        "2020-01": {
            "month": "2020-01",
            "price": "58.05",
            "revenue": 44408
        },
        "2020-02": {
            "month": "2020-02",
            "price": "52.19",
            "revenue": 55177
        },
        "2020-03": {
            "month": "2020-03",
            "price": "44.80",
            "revenue": 76019
        },
        "2020-04": {
            "month": "2020-04",
            "price": "43.13",
            "revenue": 44379
        },
        "2020-05": {
            "month": "2020-05",
            "price": "45.91",
            "revenue": 34542
        },
        "2020-06": {
            "month": "2020-06",
            "price": "49.35",
            "revenue": 30034
        },
        "2020-07": {
            "month": "2020-07",
            "price": "48.20",
            "revenue": 49294
        },
        "2020-08": {
            "month": "2020-08",
            "price": "43.96",
            "revenue": 79639
        },
        "2020-09": {
            "month": "2020-09",
            "price": "43.66",
            "revenue": 82860
        },
        "2020-10": {
            "month": "2020-10",
            "price": "44.67",
            "revenue": 72456
        },
        "2020-11": {
            "month": "2020-11",
            "price": "44.88",
            "revenue": 75567
        },
        "2020-12": {
            "month": "2020-12",
            "price": "44.79",
            "revenue": 62880
        },
        "2021-01": {
            "month": "2021-01",
            "price": "43.84",
            "revenue": 60071
        },
        "2021-02": {
            "month": "2021-02",
            "price": "42.17",
            "revenue": 32907
        },
        "2021-03": {
            "month": "2021-03",
            "price": "42.35",
            "revenue": 45145
        },
        "2021-04": {
            "month": "2021-04",
            "price": "43.81",
            "revenue": 52107
        },
        "2021-05": {
            "month": "2021-05",
            "price": "42.27",
            "revenue": 58483
        },
        "2021-06": {
            "month": "2021-06",
            "price": "42.15",
            "revenue": 66025
        },
        "2021-07": {
            "month": "2021-07",
            "price": "43.82",
            "revenue": 61705
        },
        "2021-08": {
            "month": "2021-08",
            "price": "41.45",
            "revenue": 72765
        },
        "2021-09": {
            "month": "2021-09",
            "price": "40.06",
            "revenue": 54409
        },
        "2021-10": {
            "month": "2021-10",
            "price": "38.73",
            "revenue": 72845
        },
        "2021-11": {
            "month": "2021-11",
            "price": "38.97",
            "revenue": 67437
        },
        "2021-12": {
            "month": "2021-12",
            "price": "39.31",
            "revenue": 60975
        },
        "2022-01": {
            "month": "2022-01",
            "price": "38.65",
            "revenue": 67218
        },
        "2022-02": {
            "month": "2022-02",
            "price": "40.24",
            "revenue": 40249
        },
        "2022-03": {
            "month": "2022-03",
            "price": "38.71",
            "revenue": 78647
        },
        "2022-04": {
            "month": "2022-04",
            "price": "38.13",
            "revenue": 66083
        },
        "2022-05": {
            "month": "2022-05",
            "price": "39.84",
            "revenue": 51170
        },
        "2022-06": {
            "month": "2022-06",
            "price": "41.06",
            "revenue": 70354
        },
        "2022-07": {
            "month": "2022-07",
            "price": "40.28",
            "revenue": 68661
        },
        "2022-08": {
            "month": "2022-08",
            "price": "45.68",
            "revenue": 81661
        },
        "2022-09": {
            "month": "2022-09",
            "price": "48.57",
            "revenue": 70769
        },
        "2022-10": {
            "month": "2022-10",
            "price": "47.31",
            "revenue": 49445
        },
        "2022-11": {
            "month": "2022-11",
            "price": "49.07",
            "revenue": 46935
        },
        "2022-12": {
            "month": "2022-12",
            "price": "47.58",
            "revenue": 50785
        },
        "2023-01": {
            "month": "2023-01",
            "price": "46.03",
            "revenue": 33521
        },
        "2023-02": {
            "month": "2023-02",
            "price": "46.89",
            "revenue": 31644
        },
        "2023-03": {
            "month": "2023-03",
            "price": "47.37",
            "revenue": 43570
        },
        "2023-04": {
            "month": "2023-04",
            "price": "45.99",
            "revenue": 32225
        },
        "2023-05": {
            "month": "2023-05",
            "price": "44.68",
            "revenue": 49465
        },
        "2023-06": {
            "month": "2023-06",
            "price": "46.04",
            "revenue": 54986
        },
        "2023-07": {
            "month": "2023-07",
            "price": "44.18",
            "revenue": 63958
        },
        "2023-08": {
            "month": "2023-08",
            "price": "42.64",
            "revenue": 49353
        },
        "2023-09": {
            "month": "2023-09",
            "price": "43.42",
            "revenue": 60338
        },
        "2023-10": {
            "month": "2023-10",
            "price": "42.67",
            "revenue": 60675
        },
        "2023-11": {
            "month": "2023-11",
            "price": "43.20",
            "revenue": 52824
        }
    }
}
