{
    "summary": {
        "stock_name": "百達-KY",
        "stock_id": "2236",
        "category": "汽車",
        "main_business": "生產銷售汽車、機車沖壓零組件及沖壓生產線設備等。",
        "website_url": "http://www.patec-intl.com",
        "ceo": "黃泓杰",
        "pe_ratio": 39,
        "report_year_from": 2013,
        "report_year_to": 2023,
        "age": 10,
        "eps_negative_percentage": 0,
        "eps_growth_avg": {
            "last_all": 15.01,
            "last_2y": 29.55,
            "last_4y": 4.14,
            "last_8y": null,
            "last_12y": null,
            "last_16y": null,
            "last_20y": null,
            "at_2006_last_3y": null,
            "at_2007_last_3y": null,
            "at_2008_last_3y": null,
            "at_2009_last_3y": null,
            "at_2010_last_3y": null,
            "at_2011_last_3y": null,
            "at_2012_last_3y": null,
            "at_2013_last_3y": null,
            "at_2014_last_3y": null,
            "at_2015_last_3y": null,
            "at_2016_last_3y": null,
            "at_2017_last_3y": null,
            "at_2018_last_3y": null,
            "at_2019_last_3y": 4.11,
            "at_2020_last_3y": -21.25,
            "at_2021_last_3y": 2.45,
            "at_2022_last_3y": 3.21,
            "at_2023_last_3y": 3.21,
            "at_2006_last_all": null,
            "at_2007_last_all": null,
            "at_2008_last_all": null,
            "at_2009_last_all": null,
            "at_2010_last_all": null,
            "at_2011_last_all": null,
            "at_2012_last_all": null,
            "at_2013_last_all": null,
            "at_2014_last_all": null,
            "at_2015_last_all": null,
            "at_2016_last_all": null,
            "at_2017_last_all": 42.21,
            "at_2018_last_all": 30.75,
            "at_2019_last_all": 4.11,
            "at_2020_last_all": -1.16,
            "at_2021_last_all": 15.7,
            "at_2022_last_all": 15.01,
            "at_2023_last_all": 15.01
        },
        "latest_eps": 2,
        "latest_price": 78.8,
        "latest_roe": 7.46,
        "latest_gross_margin": 23.04,
        "latest_equity": 1193547,
        "latest_revenue": 392203,
        "latest_gross_profit": 90378,
        "latest_net_income": 11398,
        "latest_debt_ratio": 42.44,
        "latest_current_ratio": 275.8,
        "latest_account_receivable_turnover_ratio": 0.86,
        "latest_inventory_turnover_ratio": 0.64,
        "latest_reinvestment_rate": -18.4,
        "latest_research_to_sale_ratio": 3.62
    },
    "eps_dividends": {
        "2001": {
            "cash": 0,
            "stock": 0,
            "eps": 0
        },
        "2002": {
            "cash": 0,
            "stock": 0,
            "eps": 0
        },
        "2003": {
            "cash": 0,
            "stock": 0,
            "eps": 0
        },
        "2004": {
            "cash": 0,
            "stock": 0,
            "eps": 0
        },
        "2005": {
            "cash": 0,
            "stock": 0,
            "eps": 0
        },
        "2006": {
            "cash": 0,
            "stock": 0,
            "eps": 0
        },
        "2007": {
            "cash": 0,
            "stock": 0,
            "eps": 0
        },
        "2008": {
            "cash": 0,
            "stock": 0,
            "eps": 0
        },
        "2009": {
            "cash": 0,
            "stock": 0,
            "eps": 0
        },
        "2010": {
            "cash": 0,
            "stock": 0,
            "eps": 0
        },
        "2011": {
            "cash": 0,
            "stock": 0,
            "eps": 0
        },
        "2012": {
            "cash": 0,
            "stock": 0,
            "eps": 0
        },
        "2013": {
            "cash": 0,
            "stock": 0,
            "eps": 0
        },
        "2014": {
            "cash": 1,
            "stock": 0,
            "eps": 0
        },
        "2015": {
            "cash": 1.5,
            "stock": 0,
            "eps": 1.83
        },
        "2016": {
            "cash": 0.4,
            "stock": 1,
            "eps": 3.28
        },
        "2017": {
            "cash": 2,
            "stock": 0,
            "eps": 3.45
        },
        "2018": {
            "cash": 0.75,
            "stock": 0.75,
            "eps": 3.72
        },
        "2019": {
            "cash": 0.1,
            "stock": 0.92,
            "eps": 0.9
        },
        "2020": {
            "cash": 0.06,
            "stock": 0.35,
            "eps": 0.7
        },
        "2021": {
            "cash": 1.87,
            "stock": 0,
            "eps": 1.47
        },
        "2022": {
            "cash": 3.18,
            "stock": 0,
            "eps": 1.63
        },
        "2023": {
            "cash": 0.1,
            "stock": 0,
            "eps": 1.01
        }
    },
    "dividends": {
        "2014-06-13": {
            "cash": 1,
            "stock": 0
        },
        "2015-11-16": {
            "cash": 1.5,
            "stock": 0
        },
        "2016-12-23": {
            "cash": 0.4,
            "stock": 1
        },
        "2017-10-18": {
            "cash": 2,
            "stock": 0
        },
        "2018-10-12": {
            "cash": 0.75,
            "stock": 0.75
        },
        "2019-10-14": {
            "cash": 0.1,
            "stock": 0.92
        },
        "2020-12-29": {
            "cash": 0.06,
            "stock": 0.35
        },
        "2021-08-26": {
            "cash": 1.5,
            "stock": 0
        },
        "2021-10-13": {
            "cash": 0.37,
            "stock": 0
        },
        "2022-08-08": {
            "cash": 3,
            "stock": 0
        },
        "2022-10-20": {
            "cash": 0.18,
            "stock": 0
        },
        "2023-05-04": {
            "cash": 0.1,
            "stock": 0
        }
    },
    "prices": {
        "200101": "無",
        "200102": "無",
        "200103": "無",
        "200104": "無",
        "200105": "無",
        "200106": "無",
        "200107": "無",
        "200108": "無",
        "200109": "無",
        "200110": "無",
        "200111": "無",
        "200112": "無",
        "200201": "無",
        "200202": "無",
        "200203": "無",
        "200204": "無",
        "200205": "無",
        "200206": "無",
        "200207": "無",
        "200208": "無",
        "200209": "無",
        "200210": "無",
        "200211": "無",
        "200212": "無",
        "200301": "無",
        "200302": "無",
        "200303": "無",
        "200304": "無",
        "200305": "無",
        "200306": "無",
        "200307": "無",
        "200308": "無",
        "200309": "無",
        "200310": "無",
        "200311": "無",
        "200312": "無",
        "200401": "無",
        "200402": "無",
        "200403": "無",
        "200404": "無",
        "200405": "無",
        "200406": "無",
        "200407": "無",
        "200408": "無",
        "200409": "無",
        "200410": "無",
        "200411": "無",
        "200412": "無",
        "200501": "無",
        "200502": "無",
        "200503": "無",
        "200504": "無",
        "200505": "無",
        "200506": "無",
        "200507": "無",
        "200508": "無",
        "200509": "無",
        "200510": "無",
        "200511": "無",
        "200512": "無",
        "200601": "無",
        "200602": "無",
        "200603": "無",
        "200604": "無",
        "200605": "無",
        "200606": "無",
        "200607": "無",
        "200608": "無",
        "200609": "無",
        "200610": "無",
        "200611": "無",
        "200612": "無",
        "200701": "無",
        "200702": "無",
        "200703": "無",
        "200704": "無",
        "200705": "無",
        "200706": "無",
        "200707": "無",
        "200708": "無",
        "200709": "無",
        "200710": "無",
        "200711": "無",
        "200712": "無",
        "200801": "無",
        "200802": "無",
        "200803": "無",
        "200804": "無",
        "200805": "無",
        "200806": "無",
        "200807": "無",
        "200808": "無",
        "200809": "無",
        "200810": "無",
        "200811": "無",
        "200812": "無",
        "200901": "無",
        "200902": "無",
        "200903": "無",
        "200904": "無",
        "200905": "無",
        "200906": "無",
        "200907": "無",
        "200908": "無",
        "200909": "無",
        "200910": "無",
        "200911": "無",
        "200912": "無",
        "201001": "無",
        "201002": "無",
        "201003": "無",
        "201004": "無",
        "201005": "無",
        "201006": "無",
        "201007": "無",
        "201008": "無",
        "201009": "無",
        "201010": "無",
        "201011": "無",
        "201012": "無",
        "201101": "無",
        "201102": "無",
        "201103": "無",
        "201104": "無",
        "201105": "無",
        "201106": "無",
        "201107": "無",
        "201108": "無",
        "201109": "無",
        "201110": "無",
        "201111": "無",
        "201112": "無",
        "201201": "無",
        "201202": "無",
        "201203": "無",
        "201204": "無",
        "201205": "無",
        "201206": "無",
        "201207": "無",
        "201208": "無",
        "201209": "無",
        "201210": "無",
        "201211": "無",
        "201212": "無",
        "201301": "無",
        "201302": "無",
        "201303": "無",
        "201304": "無",
        "201305": "無",
        "201306": "無",
        "201307": "無",
        "201308": "無",
        "201309": "無",
        "201310": "無",
        "201311": "無",
        "201312": "無",
        "201401": "無",
        "201402": "無",
        "201403": "無",
        "201404": "無",
        "201405": "無",
        "201406": "無",
        "201407": "無",
        "201408": "無",
        "201409": "無",
        "201410": "無",
        "201411": "無",
        "201412": "無",
        "201501": "無",
        "201502": "無",
        "201503": "無",
        "201504": "無",
        "201505": "無",
        "201506": "45.48",
        "201507": "37.36",
        "201508": "25.36",
        "201509": "25.48",
        "201510": "29.76",
        "201511": "37.81",
        "201512": "36.99",
        "201601": "31.31",
        "201602": "39.40",
        "201603": "51.58",
        "201604": "49.79",
        "201605": "56.37",
        "201606": "57.69",
        "201607": "59.41",
        "201608": "59.51",
        "201609": "68.12",
        "201610": "60.16",
        "201611": "55.35",
        "201612": "58.84",
        "201701": "58.01",
        "201702": "56.43",
        "201703": "54.13",
        "201704": "63.78",
        "201705": "67.34",
        "201706": "69.53",
        "201707": "66.91",
        "201708": "56.32",
        "201709": "56.23",
        "201710": "56.47",
        "201711": "52.60",
        "201712": "52.78",
        "201801": "52.31",
        "201802": "51.81",
        "201803": "51.47",
        "201804": "52.82",
        "201805": "53.61",
        "201806": "56.22",
        "201807": "53.09",
        "201808": "45.28",
        "201809": "35.02",
        "201810": "27.92",
        "201811": "27.83",
        "201812": "28.59",
        "201901": "29.37",
        "201902": "31.19",
        "201903": "29.43",
        "201904": "31.96",
        "201905": "27.02",
        "201906": "26.19",
        "201907": "26.32",
        "201908": "24.87",
        "201909": "23.73",
        "201910": "22.89",
        "201911": "23.16",
        "201912": "23.57",
        "202001": "22.27",
        "202002": "19.84",
        "202003": "16.23",
        "202004": "16.12",
        "202005": "16.23",
        "202006": "16.33",
        "202007": "16.73",
        "202008": "16.49",
        "202009": "17.60",
        "202010": "16.64",
        "202011": "17.31",
        "202012": "18.53",
        "202101": "18.90",
        "202102": "18.85",
        "202103": "19.35",
        "202104": "24.09",
        "202105": "25.94",
        "202106": "25.91",
        "202107": "25.80",
        "202108": "26.36",
        "202109": "28.43",
        "202110": "27.51",
        "202111": "26.34",
        "202112": "27.27",
        "202201": "27.60",
        "202202": "27.05",
        "202203": "26.07",
        "202204": "26.08",
        "202205": "25.78",
        "202206": "25.81",
        "202207": "21.90",
        "202208": "21.26",
        "202209": "21.24",
        "202210": "20.57",
        "202211": "20.36",
        "202212": "23.51",
        "202301": "28.50",
        "202302": "38.77",
        "202303": "39.01",
        "202304": "41.57",
        "202305": "40.15",
        "202306": "53.22",
        "202307": "65.56",
        "202308": "64.87",
        "202309": "79.75"
    },
    "quarters": {
        "20011": {
            "year_quarter": 20011,
            "year": 2001,
            "quarter": 1,
            "eps": null,
            "eps_growth_year": null,
            "eps_4q": null,
            "eps_4q_growth_year": null,
            "roe": null,
            "roe_4q": 0,
            "gross_profit": null,
            "gross_margin": null,
            "gross_margin_4q_avg": 0,
            "net_income": null,
            "revenue": null,
            "common_shares": null,
            "book_valuer_per_share": null,
            "book_valuer_per_share_4q_avg": 0,
            "equity": null,
            "current_ratio": null,
            "debt_ratio": null,
            "inventory_turnover_ratio": null,
            "account_receivable_turnover_ratio": null,
            "reinvestment_rate": null,
            "research_to_sale_ratio": null,
            "price_fair": 0,
            "eps_avg_yearly": 0,
            "eps_latest_yearly": 0,
            "eps_growth_yearly": 0
        },
        "20012": {
            "year_quarter": 20012,
            "year": 2001,
            "quarter": 2,
            "eps": null,
            "eps_growth_year": null,
            "eps_4q": null,
            "eps_4q_growth_year": null,
            "roe": null,
            "roe_4q": 0,
            "gross_profit": null,
            "gross_margin": null,
            "gross_margin_4q_avg": 0,
            "net_income": null,
            "revenue": null,
            "common_shares": null,
            "book_valuer_per_share": null,
            "book_valuer_per_share_4q_avg": 0,
            "equity": null,
            "current_ratio": null,
            "debt_ratio": null,
            "inventory_turnover_ratio": null,
            "account_receivable_turnover_ratio": null,
            "reinvestment_rate": null,
            "research_to_sale_ratio": null,
            "price_fair": 0,
            "eps_avg_yearly": 0,
            "eps_latest_yearly": 0,
            "eps_growth_yearly": 0
        },
        "20013": {
            "year_quarter": 20013,
            "year": 2001,
            "quarter": 3,
            "eps": null,
            "eps_growth_year": null,
            "eps_4q": null,
            "eps_4q_growth_year": null,
            "roe": null,
            "roe_4q": 0,
            "gross_profit": null,
            "gross_margin": null,
            "gross_margin_4q_avg": 0,
            "net_income": null,
            "revenue": null,
            "common_shares": null,
            "book_valuer_per_share": null,
            "book_valuer_per_share_4q_avg": 0,
            "equity": null,
            "current_ratio": null,
            "debt_ratio": null,
            "inventory_turnover_ratio": null,
            "account_receivable_turnover_ratio": null,
            "reinvestment_rate": null,
            "research_to_sale_ratio": null,
            "price_fair": 0,
            "eps_avg_yearly": 0,
            "eps_latest_yearly": 0,
            "eps_growth_yearly": 0
        },
        "20014": {
            "year_quarter": 20014,
            "year": 2001,
            "quarter": 4,
            "eps": null,
            "eps_growth_year": null,
            "eps_4q": null,
            "eps_4q_growth_year": null,
            "roe": null,
            "roe_4q": 0,
            "gross_profit": null,
            "gross_margin": null,
            "gross_margin_4q_avg": 0,
            "net_income": null,
            "revenue": null,
            "common_shares": null,
            "book_valuer_per_share": null,
            "book_valuer_per_share_4q_avg": 0,
            "equity": null,
            "current_ratio": null,
            "debt_ratio": null,
            "inventory_turnover_ratio": null,
            "account_receivable_turnover_ratio": null,
            "reinvestment_rate": null,
            "research_to_sale_ratio": null,
            "price_fair": 0,
            "eps_avg_yearly": 0,
            "eps_latest_yearly": 0,
            "eps_growth_yearly": 0
        },
        "20021": {
            "year_quarter": 20021,
            "year": 2002,
            "quarter": 1,
            "eps": null,
            "eps_growth_year": null,
            "eps_4q": null,
            "eps_4q_growth_year": null,
            "roe": null,
            "roe_4q": 0,
            "gross_profit": null,
            "gross_margin": null,
            "gross_margin_4q_avg": 0,
            "net_income": null,
            "revenue": null,
            "common_shares": null,
            "book_valuer_per_share": null,
            "book_valuer_per_share_4q_avg": 0,
            "equity": null,
            "current_ratio": null,
            "debt_ratio": null,
            "inventory_turnover_ratio": null,
            "account_receivable_turnover_ratio": null,
            "reinvestment_rate": null,
            "research_to_sale_ratio": null,
            "price_fair": 0,
            "eps_avg_yearly": 0,
            "eps_latest_yearly": 0,
            "eps_growth_yearly": 0
        },
        "20022": {
            "year_quarter": 20022,
            "year": 2002,
            "quarter": 2,
            "eps": null,
            "eps_growth_year": null,
            "eps_4q": null,
            "eps_4q_growth_year": null,
            "roe": null,
            "roe_4q": 0,
            "gross_profit": null,
            "gross_margin": null,
            "gross_margin_4q_avg": 0,
            "net_income": null,
            "revenue": null,
            "common_shares": null,
            "book_valuer_per_share": null,
            "book_valuer_per_share_4q_avg": 0,
            "equity": null,
            "current_ratio": null,
            "debt_ratio": null,
            "inventory_turnover_ratio": null,
            "account_receivable_turnover_ratio": null,
            "reinvestment_rate": null,
            "research_to_sale_ratio": null,
            "price_fair": 0,
            "eps_avg_yearly": 0,
            "eps_latest_yearly": 0,
            "eps_growth_yearly": 0
        },
        "20023": {
            "year_quarter": 20023,
            "year": 2002,
            "quarter": 3,
            "eps": null,
            "eps_growth_year": null,
            "eps_4q": null,
            "eps_4q_growth_year": null,
            "roe": null,
            "roe_4q": 0,
            "gross_profit": null,
            "gross_margin": null,
            "gross_margin_4q_avg": 0,
            "net_income": null,
            "revenue": null,
            "common_shares": null,
            "book_valuer_per_share": null,
            "book_valuer_per_share_4q_avg": 0,
            "equity": null,
            "current_ratio": null,
            "debt_ratio": null,
            "inventory_turnover_ratio": null,
            "account_receivable_turnover_ratio": null,
            "reinvestment_rate": null,
            "research_to_sale_ratio": null,
            "price_fair": 0,
            "eps_avg_yearly": 0,
            "eps_latest_yearly": 0,
            "eps_growth_yearly": 0
        },
        "20024": {
            "year_quarter": 20024,
            "year": 2002,
            "quarter": 4,
            "eps": null,
            "eps_growth_year": null,
            "eps_4q": null,
            "eps_4q_growth_year": null,
            "roe": null,
            "roe_4q": 0,
            "gross_profit": null,
            "gross_margin": null,
            "gross_margin_4q_avg": 0,
            "net_income": null,
            "revenue": null,
            "common_shares": null,
            "book_valuer_per_share": null,
            "book_valuer_per_share_4q_avg": 0,
            "equity": null,
            "current_ratio": null,
            "debt_ratio": null,
            "inventory_turnover_ratio": null,
            "account_receivable_turnover_ratio": null,
            "reinvestment_rate": null,
            "research_to_sale_ratio": null,
            "price_fair": 0,
            "eps_avg_yearly": 0,
            "eps_latest_yearly": 0,
            "eps_growth_yearly": 0
        },
        "20031": {
            "year_quarter": 20031,
            "year": 2003,
            "quarter": 1,
            "eps": null,
            "eps_growth_year": null,
            "eps_4q": null,
            "eps_4q_growth_year": null,
            "roe": null,
            "roe_4q": 0,
            "gross_profit": null,
            "gross_margin": null,
            "gross_margin_4q_avg": 0,
            "net_income": null,
            "revenue": null,
            "common_shares": null,
            "book_valuer_per_share": null,
            "book_valuer_per_share_4q_avg": 0,
            "equity": null,
            "current_ratio": null,
            "debt_ratio": null,
            "inventory_turnover_ratio": null,
            "account_receivable_turnover_ratio": null,
            "reinvestment_rate": null,
            "research_to_sale_ratio": null,
            "price_fair": 0,
            "eps_avg_yearly": 0,
            "eps_latest_yearly": 0,
            "eps_growth_yearly": 0
        },
        "20032": {
            "year_quarter": 20032,
            "year": 2003,
            "quarter": 2,
            "eps": null,
            "eps_growth_year": null,
            "eps_4q": null,
            "eps_4q_growth_year": null,
            "roe": null,
            "roe_4q": 0,
            "gross_profit": null,
            "gross_margin": null,
            "gross_margin_4q_avg": 0,
            "net_income": null,
            "revenue": null,
            "common_shares": null,
            "book_valuer_per_share": null,
            "book_valuer_per_share_4q_avg": 0,
            "equity": null,
            "current_ratio": null,
            "debt_ratio": null,
            "inventory_turnover_ratio": null,
            "account_receivable_turnover_ratio": null,
            "reinvestment_rate": null,
            "research_to_sale_ratio": null,
            "price_fair": 0,
            "eps_avg_yearly": 0,
            "eps_latest_yearly": 0,
            "eps_growth_yearly": 0
        },
        "20033": {
            "year_quarter": 20033,
            "year": 2003,
            "quarter": 3,
            "eps": null,
            "eps_growth_year": null,
            "eps_4q": null,
            "eps_4q_growth_year": null,
            "roe": null,
            "roe_4q": 0,
            "gross_profit": null,
            "gross_margin": null,
            "gross_margin_4q_avg": 0,
            "net_income": null,
            "revenue": null,
            "common_shares": null,
            "book_valuer_per_share": null,
            "book_valuer_per_share_4q_avg": 0,
            "equity": null,
            "current_ratio": null,
            "debt_ratio": null,
            "inventory_turnover_ratio": null,
            "account_receivable_turnover_ratio": null,
            "reinvestment_rate": null,
            "research_to_sale_ratio": null,
            "price_fair": 0,
            "eps_avg_yearly": 0,
            "eps_latest_yearly": 0,
            "eps_growth_yearly": 0
        },
        "20034": {
            "year_quarter": 20034,
            "year": 2003,
            "quarter": 4,
            "eps": null,
            "eps_growth_year": null,
            "eps_4q": null,
            "eps_4q_growth_year": null,
            "roe": null,
            "roe_4q": 0,
            "gross_profit": null,
            "gross_margin": null,
            "gross_margin_4q_avg": 0,
            "net_income": null,
            "revenue": null,
            "common_shares": null,
            "book_valuer_per_share": null,
            "book_valuer_per_share_4q_avg": 0,
            "equity": null,
            "current_ratio": null,
            "debt_ratio": null,
            "inventory_turnover_ratio": null,
            "account_receivable_turnover_ratio": null,
            "reinvestment_rate": null,
            "research_to_sale_ratio": null,
            "price_fair": 0,
            "eps_avg_yearly": 0,
            "eps_latest_yearly": 0,
            "eps_growth_yearly": 0
        },
        "20041": {
            "year_quarter": 20041,
            "year": 2004,
            "quarter": 1,
            "eps": null,
            "eps_growth_year": null,
            "eps_4q": null,
            "eps_4q_growth_year": null,
            "roe": null,
            "roe_4q": 0,
            "gross_profit": null,
            "gross_margin": null,
            "gross_margin_4q_avg": 0,
            "net_income": null,
            "revenue": null,
            "common_shares": null,
            "book_valuer_per_share": null,
            "book_valuer_per_share_4q_avg": 0,
            "equity": null,
            "current_ratio": null,
            "debt_ratio": null,
            "inventory_turnover_ratio": null,
            "account_receivable_turnover_ratio": null,
            "reinvestment_rate": null,
            "research_to_sale_ratio": null,
            "price_fair": 0,
            "eps_avg_yearly": 0,
            "eps_latest_yearly": 0,
            "eps_growth_yearly": 0
        },
        "20042": {
            "year_quarter": 20042,
            "year": 2004,
            "quarter": 2,
            "eps": null,
            "eps_growth_year": null,
            "eps_4q": null,
            "eps_4q_growth_year": null,
            "roe": null,
            "roe_4q": 0,
            "gross_profit": null,
            "gross_margin": null,
            "gross_margin_4q_avg": 0,
            "net_income": null,
            "revenue": null,
            "common_shares": null,
            "book_valuer_per_share": null,
            "book_valuer_per_share_4q_avg": 0,
            "equity": null,
            "current_ratio": null,
            "debt_ratio": null,
            "inventory_turnover_ratio": null,
            "account_receivable_turnover_ratio": null,
            "reinvestment_rate": null,
            "research_to_sale_ratio": null,
            "price_fair": 0,
            "eps_avg_yearly": 0,
            "eps_latest_yearly": 0,
            "eps_growth_yearly": 0
        },
        "20043": {
            "year_quarter": 20043,
            "year": 2004,
            "quarter": 3,
            "eps": null,
            "eps_growth_year": null,
            "eps_4q": null,
            "eps_4q_growth_year": null,
            "roe": null,
            "roe_4q": 0,
            "gross_profit": null,
            "gross_margin": null,
            "gross_margin_4q_avg": 0,
            "net_income": null,
            "revenue": null,
            "common_shares": null,
            "book_valuer_per_share": null,
            "book_valuer_per_share_4q_avg": 0,
            "equity": null,
            "current_ratio": null,
            "debt_ratio": null,
            "inventory_turnover_ratio": null,
            "account_receivable_turnover_ratio": null,
            "reinvestment_rate": null,
            "research_to_sale_ratio": null,
            "price_fair": 0,
            "eps_avg_yearly": 0,
            "eps_latest_yearly": 0,
            "eps_growth_yearly": 0
        },
        "20044": {
            "year_quarter": 20044,
            "year": 2004,
            "quarter": 4,
            "eps": null,
            "eps_growth_year": null,
            "eps_4q": null,
            "eps_4q_growth_year": null,
            "roe": null,
            "roe_4q": 0,
            "gross_profit": null,
            "gross_margin": null,
            "gross_margin_4q_avg": 0,
            "net_income": null,
            "revenue": null,
            "common_shares": null,
            "book_valuer_per_share": null,
            "book_valuer_per_share_4q_avg": 0,
            "equity": null,
            "current_ratio": null,
            "debt_ratio": null,
            "inventory_turnover_ratio": null,
            "account_receivable_turnover_ratio": null,
            "reinvestment_rate": null,
            "research_to_sale_ratio": null,
            "price_fair": 0,
            "eps_avg_yearly": 0,
            "eps_latest_yearly": 0,
            "eps_growth_yearly": 0
        },
        "20051": {
            "year_quarter": 20051,
            "year": 2005,
            "quarter": 1,
            "eps": null,
            "eps_growth_year": null,
            "eps_4q": null,
            "eps_4q_growth_year": null,
            "roe": null,
            "roe_4q": 0,
            "gross_profit": null,
            "gross_margin": null,
            "gross_margin_4q_avg": 0,
            "net_income": null,
            "revenue": null,
            "common_shares": null,
            "book_valuer_per_share": null,
            "book_valuer_per_share_4q_avg": 0,
            "equity": null,
            "current_ratio": null,
            "debt_ratio": null,
            "inventory_turnover_ratio": null,
            "account_receivable_turnover_ratio": null,
            "reinvestment_rate": null,
            "research_to_sale_ratio": null,
            "price_fair": 0,
            "eps_avg_yearly": 0,
            "eps_latest_yearly": 0,
            "eps_growth_yearly": 0
        },
        "20052": {
            "year_quarter": 20052,
            "year": 2005,
            "quarter": 2,
            "eps": null,
            "eps_growth_year": null,
            "eps_4q": null,
            "eps_4q_growth_year": null,
            "roe": null,
            "roe_4q": 0,
            "gross_profit": null,
            "gross_margin": null,
            "gross_margin_4q_avg": 0,
            "net_income": null,
            "revenue": null,
            "common_shares": null,
            "book_valuer_per_share": null,
            "book_valuer_per_share_4q_avg": 0,
            "equity": null,
            "current_ratio": null,
            "debt_ratio": null,
            "inventory_turnover_ratio": null,
            "account_receivable_turnover_ratio": null,
            "reinvestment_rate": null,
            "research_to_sale_ratio": null,
            "price_fair": 0,
            "eps_avg_yearly": 0,
            "eps_latest_yearly": 0,
            "eps_growth_yearly": 0
        },
        "20053": {
            "year_quarter": 20053,
            "year": 2005,
            "quarter": 3,
            "eps": null,
            "eps_growth_year": null,
            "eps_4q": null,
            "eps_4q_growth_year": null,
            "roe": null,
            "roe_4q": 0,
            "gross_profit": null,
            "gross_margin": null,
            "gross_margin_4q_avg": 0,
            "net_income": null,
            "revenue": null,
            "common_shares": null,
            "book_valuer_per_share": null,
            "book_valuer_per_share_4q_avg": 0,
            "equity": null,
            "current_ratio": null,
            "debt_ratio": null,
            "inventory_turnover_ratio": null,
            "account_receivable_turnover_ratio": null,
            "reinvestment_rate": null,
            "research_to_sale_ratio": null,
            "price_fair": 0,
            "eps_avg_yearly": 0,
            "eps_latest_yearly": 0,
            "eps_growth_yearly": 0
        },
        "20054": {
            "year_quarter": 20054,
            "year": 2005,
            "quarter": 4,
            "eps": null,
            "eps_growth_year": null,
            "eps_4q": null,
            "eps_4q_growth_year": null,
            "roe": null,
            "roe_4q": 0,
            "gross_profit": null,
            "gross_margin": null,
            "gross_margin_4q_avg": 0,
            "net_income": null,
            "revenue": null,
            "common_shares": null,
            "book_valuer_per_share": null,
            "book_valuer_per_share_4q_avg": 0,
            "equity": null,
            "current_ratio": null,
            "debt_ratio": null,
            "inventory_turnover_ratio": null,
            "account_receivable_turnover_ratio": null,
            "reinvestment_rate": null,
            "research_to_sale_ratio": null,
            "price_fair": 0,
            "eps_avg_yearly": 0,
            "eps_latest_yearly": 0,
            "eps_growth_yearly": 0
        },
        "20061": {
            "year_quarter": 20061,
            "year": 2006,
            "quarter": 1,
            "eps": null,
            "eps_growth_year": null,
            "eps_4q": null,
            "eps_4q_growth_year": null,
            "roe": null,
            "roe_4q": 0,
            "gross_profit": null,
            "gross_margin": null,
            "gross_margin_4q_avg": 0,
            "net_income": null,
            "revenue": null,
            "common_shares": null,
            "book_valuer_per_share": null,
            "book_valuer_per_share_4q_avg": 0,
            "equity": null,
            "current_ratio": null,
            "debt_ratio": null,
            "inventory_turnover_ratio": null,
            "account_receivable_turnover_ratio": null,
            "reinvestment_rate": null,
            "research_to_sale_ratio": null,
            "price_fair": 0,
            "eps_avg_yearly": 0,
            "eps_latest_yearly": 0,
            "eps_growth_yearly": 0
        },
        "20062": {
            "year_quarter": 20062,
            "year": 2006,
            "quarter": 2,
            "eps": null,
            "eps_growth_year": null,
            "eps_4q": null,
            "eps_4q_growth_year": null,
            "roe": null,
            "roe_4q": 0,
            "gross_profit": null,
            "gross_margin": null,
            "gross_margin_4q_avg": 0,
            "net_income": null,
            "revenue": null,
            "common_shares": null,
            "book_valuer_per_share": null,
            "book_valuer_per_share_4q_avg": 0,
            "equity": null,
            "current_ratio": null,
            "debt_ratio": null,
            "inventory_turnover_ratio": null,
            "account_receivable_turnover_ratio": null,
            "reinvestment_rate": null,
            "research_to_sale_ratio": null,
            "price_fair": 0,
            "eps_avg_yearly": 0,
            "eps_latest_yearly": 0,
            "eps_growth_yearly": 0
        },
        "20063": {
            "year_quarter": 20063,
            "year": 2006,
            "quarter": 3,
            "eps": null,
            "eps_growth_year": null,
            "eps_4q": null,
            "eps_4q_growth_year": null,
            "roe": null,
            "roe_4q": 0,
            "gross_profit": null,
            "gross_margin": null,
            "gross_margin_4q_avg": 0,
            "net_income": null,
            "revenue": null,
            "common_shares": null,
            "book_valuer_per_share": null,
            "book_valuer_per_share_4q_avg": 0,
            "equity": null,
            "current_ratio": null,
            "debt_ratio": null,
            "inventory_turnover_ratio": null,
            "account_receivable_turnover_ratio": null,
            "reinvestment_rate": null,
            "research_to_sale_ratio": null,
            "price_fair": 0,
            "eps_avg_yearly": 0,
            "eps_latest_yearly": 0,
            "eps_growth_yearly": 0
        },
        "20064": {
            "year_quarter": 20064,
            "year": 2006,
            "quarter": 4,
            "eps": null,
            "eps_growth_year": null,
            "eps_4q": null,
            "eps_4q_growth_year": null,
            "roe": null,
            "roe_4q": 0,
            "gross_profit": null,
            "gross_margin": null,
            "gross_margin_4q_avg": 0,
            "net_income": null,
            "revenue": null,
            "common_shares": null,
            "book_valuer_per_share": null,
            "book_valuer_per_share_4q_avg": 0,
            "equity": null,
            "current_ratio": null,
            "debt_ratio": null,
            "inventory_turnover_ratio": null,
            "account_receivable_turnover_ratio": null,
            "reinvestment_rate": null,
            "research_to_sale_ratio": null,
            "price_fair": 0,
            "eps_avg_yearly": 0,
            "eps_latest_yearly": 0,
            "eps_growth_yearly": 0
        },
        "20071": {
            "year_quarter": 20071,
            "year": 2007,
            "quarter": 1,
            "eps": null,
            "eps_growth_year": null,
            "eps_4q": null,
            "eps_4q_growth_year": null,
            "roe": null,
            "roe_4q": 0,
            "gross_profit": null,
            "gross_margin": null,
            "gross_margin_4q_avg": 0,
            "net_income": null,
            "revenue": null,
            "common_shares": null,
            "book_valuer_per_share": null,
            "book_valuer_per_share_4q_avg": 0,
            "equity": null,
            "current_ratio": null,
            "debt_ratio": null,
            "inventory_turnover_ratio": null,
            "account_receivable_turnover_ratio": null,
            "reinvestment_rate": null,
            "research_to_sale_ratio": null,
            "price_fair": 0,
            "eps_avg_yearly": 0,
            "eps_latest_yearly": 0,
            "eps_growth_yearly": 0
        },
        "20072": {
            "year_quarter": 20072,
            "year": 2007,
            "quarter": 2,
            "eps": null,
            "eps_growth_year": null,
            "eps_4q": null,
            "eps_4q_growth_year": null,
            "roe": null,
            "roe_4q": 0,
            "gross_profit": null,
            "gross_margin": null,
            "gross_margin_4q_avg": 0,
            "net_income": null,
            "revenue": null,
            "common_shares": null,
            "book_valuer_per_share": null,
            "book_valuer_per_share_4q_avg": 0,
            "equity": null,
            "current_ratio": null,
            "debt_ratio": null,
            "inventory_turnover_ratio": null,
            "account_receivable_turnover_ratio": null,
            "reinvestment_rate": null,
            "research_to_sale_ratio": null,
            "price_fair": 0,
            "eps_avg_yearly": 0,
            "eps_latest_yearly": 0,
            "eps_growth_yearly": 0
        },
        "20073": {
            "year_quarter": 20073,
            "year": 2007,
            "quarter": 3,
            "eps": null,
            "eps_growth_year": null,
            "eps_4q": null,
            "eps_4q_growth_year": null,
            "roe": null,
            "roe_4q": 0,
            "gross_profit": null,
            "gross_margin": null,
            "gross_margin_4q_avg": 0,
            "net_income": null,
            "revenue": null,
            "common_shares": null,
            "book_valuer_per_share": null,
            "book_valuer_per_share_4q_avg": 0,
            "equity": null,
            "current_ratio": null,
            "debt_ratio": null,
            "inventory_turnover_ratio": null,
            "account_receivable_turnover_ratio": null,
            "reinvestment_rate": null,
            "research_to_sale_ratio": null,
            "price_fair": 0,
            "eps_avg_yearly": 0,
            "eps_latest_yearly": 0,
            "eps_growth_yearly": 0
        },
        "20074": {
            "year_quarter": 20074,
            "year": 2007,
            "quarter": 4,
            "eps": null,
            "eps_growth_year": null,
            "eps_4q": null,
            "eps_4q_growth_year": null,
            "roe": null,
            "roe_4q": 0,
            "gross_profit": null,
            "gross_margin": null,
            "gross_margin_4q_avg": 0,
            "net_income": null,
            "revenue": null,
            "common_shares": null,
            "book_valuer_per_share": null,
            "book_valuer_per_share_4q_avg": 0,
            "equity": null,
            "current_ratio": null,
            "debt_ratio": null,
            "inventory_turnover_ratio": null,
            "account_receivable_turnover_ratio": null,
            "reinvestment_rate": null,
            "research_to_sale_ratio": null,
            "price_fair": 0,
            "eps_avg_yearly": 0,
            "eps_latest_yearly": 0,
            "eps_growth_yearly": 0
        },
        "20081": {
            "year_quarter": 20081,
            "year": 2008,
            "quarter": 1,
            "eps": null,
            "eps_growth_year": null,
            "eps_4q": null,
            "eps_4q_growth_year": null,
            "roe": null,
            "roe_4q": 0,
            "gross_profit": null,
            "gross_margin": null,
            "gross_margin_4q_avg": 0,
            "net_income": null,
            "revenue": null,
            "common_shares": null,
            "book_valuer_per_share": null,
            "book_valuer_per_share_4q_avg": 0,
            "equity": null,
            "current_ratio": null,
            "debt_ratio": null,
            "inventory_turnover_ratio": null,
            "account_receivable_turnover_ratio": null,
            "reinvestment_rate": null,
            "research_to_sale_ratio": null,
            "price_fair": 0,
            "eps_avg_yearly": 0,
            "eps_latest_yearly": 0,
            "eps_growth_yearly": 0
        },
        "20082": {
            "year_quarter": 20082,
            "year": 2008,
            "quarter": 2,
            "eps": null,
            "eps_growth_year": null,
            "eps_4q": null,
            "eps_4q_growth_year": null,
            "roe": null,
            "roe_4q": 0,
            "gross_profit": null,
            "gross_margin": null,
            "gross_margin_4q_avg": 0,
            "net_income": null,
            "revenue": null,
            "common_shares": null,
            "book_valuer_per_share": null,
            "book_valuer_per_share_4q_avg": 0,
            "equity": null,
            "current_ratio": null,
            "debt_ratio": null,
            "inventory_turnover_ratio": null,
            "account_receivable_turnover_ratio": null,
            "reinvestment_rate": null,
            "research_to_sale_ratio": null,
            "price_fair": 0,
            "eps_avg_yearly": 0,
            "eps_latest_yearly": 0,
            "eps_growth_yearly": 0
        },
        "20083": {
            "year_quarter": 20083,
            "year": 2008,
            "quarter": 3,
            "eps": null,
            "eps_growth_year": null,
            "eps_4q": null,
            "eps_4q_growth_year": null,
            "roe": null,
            "roe_4q": 0,
            "gross_profit": null,
            "gross_margin": null,
            "gross_margin_4q_avg": 0,
            "net_income": null,
            "revenue": null,
            "common_shares": null,
            "book_valuer_per_share": null,
            "book_valuer_per_share_4q_avg": 0,
            "equity": null,
            "current_ratio": null,
            "debt_ratio": null,
            "inventory_turnover_ratio": null,
            "account_receivable_turnover_ratio": null,
            "reinvestment_rate": null,
            "research_to_sale_ratio": null,
            "price_fair": 0,
            "eps_avg_yearly": 0,
            "eps_latest_yearly": 0,
            "eps_growth_yearly": 0
        },
        "20084": {
            "year_quarter": 20084,
            "year": 2008,
            "quarter": 4,
            "eps": null,
            "eps_growth_year": null,
            "eps_4q": null,
            "eps_4q_growth_year": null,
            "roe": null,
            "roe_4q": 0,
            "gross_profit": null,
            "gross_margin": null,
            "gross_margin_4q_avg": 0,
            "net_income": null,
            "revenue": null,
            "common_shares": null,
            "book_valuer_per_share": null,
            "book_valuer_per_share_4q_avg": 0,
            "equity": null,
            "current_ratio": null,
            "debt_ratio": null,
            "inventory_turnover_ratio": null,
            "account_receivable_turnover_ratio": null,
            "reinvestment_rate": null,
            "research_to_sale_ratio": null,
            "price_fair": 0,
            "eps_avg_yearly": 0,
            "eps_latest_yearly": 0,
            "eps_growth_yearly": 0
        },
        "20091": {
            "year_quarter": 20091,
            "year": 2009,
            "quarter": 1,
            "eps": null,
            "eps_growth_year": null,
            "eps_4q": null,
            "eps_4q_growth_year": null,
            "roe": null,
            "roe_4q": 0,
            "gross_profit": null,
            "gross_margin": null,
            "gross_margin_4q_avg": 0,
            "net_income": null,
            "revenue": null,
            "common_shares": null,
            "book_valuer_per_share": null,
            "book_valuer_per_share_4q_avg": 0,
            "equity": null,
            "current_ratio": null,
            "debt_ratio": null,
            "inventory_turnover_ratio": null,
            "account_receivable_turnover_ratio": null,
            "reinvestment_rate": null,
            "research_to_sale_ratio": null,
            "price_fair": 0,
            "eps_avg_yearly": 0,
            "eps_latest_yearly": 0,
            "eps_growth_yearly": 0
        },
        "20092": {
            "year_quarter": 20092,
            "year": 2009,
            "quarter": 2,
            "eps": null,
            "eps_growth_year": null,
            "eps_4q": null,
            "eps_4q_growth_year": null,
            "roe": null,
            "roe_4q": 0,
            "gross_profit": null,
            "gross_margin": null,
            "gross_margin_4q_avg": 0,
            "net_income": null,
            "revenue": null,
            "common_shares": null,
            "book_valuer_per_share": null,
            "book_valuer_per_share_4q_avg": 0,
            "equity": null,
            "current_ratio": null,
            "debt_ratio": null,
            "inventory_turnover_ratio": null,
            "account_receivable_turnover_ratio": null,
            "reinvestment_rate": null,
            "research_to_sale_ratio": null,
            "price_fair": 0,
            "eps_avg_yearly": 0,
            "eps_latest_yearly": 0,
            "eps_growth_yearly": 0
        },
        "20093": {
            "year_quarter": 20093,
            "year": 2009,
            "quarter": 3,
            "eps": null,
            "eps_growth_year": null,
            "eps_4q": null,
            "eps_4q_growth_year": null,
            "roe": null,
            "roe_4q": 0,
            "gross_profit": null,
            "gross_margin": null,
            "gross_margin_4q_avg": 0,
            "net_income": null,
            "revenue": null,
            "common_shares": null,
            "book_valuer_per_share": null,
            "book_valuer_per_share_4q_avg": 0,
            "equity": null,
            "current_ratio": null,
            "debt_ratio": null,
            "inventory_turnover_ratio": null,
            "account_receivable_turnover_ratio": null,
            "reinvestment_rate": null,
            "research_to_sale_ratio": null,
            "price_fair": 0,
            "eps_avg_yearly": 0,
            "eps_latest_yearly": 0,
            "eps_growth_yearly": 0
        },
        "20094": {
            "year_quarter": 20094,
            "year": 2009,
            "quarter": 4,
            "eps": null,
            "eps_growth_year": null,
            "eps_4q": null,
            "eps_4q_growth_year": null,
            "roe": null,
            "roe_4q": 0,
            "gross_profit": null,
            "gross_margin": null,
            "gross_margin_4q_avg": 0,
            "net_income": null,
            "revenue": null,
            "common_shares": null,
            "book_valuer_per_share": null,
            "book_valuer_per_share_4q_avg": 0,
            "equity": null,
            "current_ratio": null,
            "debt_ratio": null,
            "inventory_turnover_ratio": null,
            "account_receivable_turnover_ratio": null,
            "reinvestment_rate": null,
            "research_to_sale_ratio": null,
            "price_fair": 0,
            "eps_avg_yearly": 0,
            "eps_latest_yearly": 0,
            "eps_growth_yearly": 0
        },
        "20101": {
            "year_quarter": 20101,
            "year": 2010,
            "quarter": 1,
            "eps": null,
            "eps_growth_year": null,
            "eps_4q": null,
            "eps_4q_growth_year": null,
            "roe": null,
            "roe_4q": 0,
            "gross_profit": null,
            "gross_margin": null,
            "gross_margin_4q_avg": 0,
            "net_income": null,
            "revenue": null,
            "common_shares": null,
            "book_valuer_per_share": null,
            "book_valuer_per_share_4q_avg": 0,
            "equity": null,
            "current_ratio": null,
            "debt_ratio": null,
            "inventory_turnover_ratio": null,
            "account_receivable_turnover_ratio": null,
            "reinvestment_rate": null,
            "research_to_sale_ratio": null,
            "price_fair": 0,
            "eps_avg_yearly": 0,
            "eps_latest_yearly": 0,
            "eps_growth_yearly": 0
        },
        "20102": {
            "year_quarter": 20102,
            "year": 2010,
            "quarter": 2,
            "eps": null,
            "eps_growth_year": null,
            "eps_4q": null,
            "eps_4q_growth_year": null,
            "roe": null,
            "roe_4q": 0,
            "gross_profit": null,
            "gross_margin": null,
            "gross_margin_4q_avg": 0,
            "net_income": null,
            "revenue": null,
            "common_shares": null,
            "book_valuer_per_share": null,
            "book_valuer_per_share_4q_avg": 0,
            "equity": null,
            "current_ratio": null,
            "debt_ratio": null,
            "inventory_turnover_ratio": null,
            "account_receivable_turnover_ratio": null,
            "reinvestment_rate": null,
            "research_to_sale_ratio": null,
            "price_fair": 0,
            "eps_avg_yearly": 0,
            "eps_latest_yearly": 0,
            "eps_growth_yearly": 0
        },
        "20103": {
            "year_quarter": 20103,
            "year": 2010,
            "quarter": 3,
            "eps": null,
            "eps_growth_year": null,
            "eps_4q": null,
            "eps_4q_growth_year": null,
            "roe": null,
            "roe_4q": 0,
            "gross_profit": null,
            "gross_margin": null,
            "gross_margin_4q_avg": 0,
            "net_income": null,
            "revenue": null,
            "common_shares": null,
            "book_valuer_per_share": null,
            "book_valuer_per_share_4q_avg": 0,
            "equity": null,
            "current_ratio": null,
            "debt_ratio": null,
            "inventory_turnover_ratio": null,
            "account_receivable_turnover_ratio": null,
            "reinvestment_rate": null,
            "research_to_sale_ratio": null,
            "price_fair": 0,
            "eps_avg_yearly": 0,
            "eps_latest_yearly": 0,
            "eps_growth_yearly": 0
        },
        "20104": {
            "year_quarter": 20104,
            "year": 2010,
            "quarter": 4,
            "eps": null,
            "eps_growth_year": null,
            "eps_4q": null,
            "eps_4q_growth_year": null,
            "roe": null,
            "roe_4q": 0,
            "gross_profit": null,
            "gross_margin": null,
            "gross_margin_4q_avg": 0,
            "net_income": null,
            "revenue": null,
            "common_shares": null,
            "book_valuer_per_share": null,
            "book_valuer_per_share_4q_avg": 0,
            "equity": null,
            "current_ratio": null,
            "debt_ratio": null,
            "inventory_turnover_ratio": null,
            "account_receivable_turnover_ratio": null,
            "reinvestment_rate": null,
            "research_to_sale_ratio": null,
            "price_fair": 0,
            "eps_avg_yearly": 0,
            "eps_latest_yearly": 0,
            "eps_growth_yearly": 0
        },
        "20111": {
            "year_quarter": 20111,
            "year": 2011,
            "quarter": 1,
            "eps": null,
            "eps_growth_year": null,
            "eps_4q": null,
            "eps_4q_growth_year": null,
            "roe": null,
            "roe_4q": 0,
            "gross_profit": null,
            "gross_margin": null,
            "gross_margin_4q_avg": 0,
            "net_income": null,
            "revenue": null,
            "common_shares": null,
            "book_valuer_per_share": null,
            "book_valuer_per_share_4q_avg": 0,
            "equity": null,
            "current_ratio": null,
            "debt_ratio": null,
            "inventory_turnover_ratio": null,
            "account_receivable_turnover_ratio": null,
            "reinvestment_rate": null,
            "research_to_sale_ratio": null,
            "price_fair": 0,
            "eps_avg_yearly": 0,
            "eps_latest_yearly": 0,
            "eps_growth_yearly": 0
        },
        "20112": {
            "year_quarter": 20112,
            "year": 2011,
            "quarter": 2,
            "eps": null,
            "eps_growth_year": null,
            "eps_4q": null,
            "eps_4q_growth_year": null,
            "roe": null,
            "roe_4q": 0,
            "gross_profit": null,
            "gross_margin": null,
            "gross_margin_4q_avg": 0,
            "net_income": null,
            "revenue": null,
            "common_shares": null,
            "book_valuer_per_share": null,
            "book_valuer_per_share_4q_avg": 0,
            "equity": null,
            "current_ratio": null,
            "debt_ratio": null,
            "inventory_turnover_ratio": null,
            "account_receivable_turnover_ratio": null,
            "reinvestment_rate": null,
            "research_to_sale_ratio": null,
            "price_fair": 0,
            "eps_avg_yearly": 0,
            "eps_latest_yearly": 0,
            "eps_growth_yearly": 0
        },
        "20113": {
            "year_quarter": 20113,
            "year": 2011,
            "quarter": 3,
            "eps": null,
            "eps_growth_year": null,
            "eps_4q": null,
            "eps_4q_growth_year": null,
            "roe": null,
            "roe_4q": 0,
            "gross_profit": null,
            "gross_margin": null,
            "gross_margin_4q_avg": 0,
            "net_income": null,
            "revenue": null,
            "common_shares": null,
            "book_valuer_per_share": null,
            "book_valuer_per_share_4q_avg": 0,
            "equity": null,
            "current_ratio": null,
            "debt_ratio": null,
            "inventory_turnover_ratio": null,
            "account_receivable_turnover_ratio": null,
            "reinvestment_rate": null,
            "research_to_sale_ratio": null,
            "price_fair": 0,
            "eps_avg_yearly": 0,
            "eps_latest_yearly": 0,
            "eps_growth_yearly": 0
        },
        "20114": {
            "year_quarter": 20114,
            "year": 2011,
            "quarter": 4,
            "eps": null,
            "eps_growth_year": null,
            "eps_4q": null,
            "eps_4q_growth_year": null,
            "roe": null,
            "roe_4q": 0,
            "gross_profit": null,
            "gross_margin": null,
            "gross_margin_4q_avg": 0,
            "net_income": null,
            "revenue": null,
            "common_shares": null,
            "book_valuer_per_share": null,
            "book_valuer_per_share_4q_avg": 0,
            "equity": null,
            "current_ratio": null,
            "debt_ratio": null,
            "inventory_turnover_ratio": null,
            "account_receivable_turnover_ratio": null,
            "reinvestment_rate": null,
            "research_to_sale_ratio": null,
            "price_fair": 0,
            "eps_avg_yearly": 0,
            "eps_latest_yearly": 0,
            "eps_growth_yearly": 0
        },
        "20121": {
            "year_quarter": 20121,
            "year": 2012,
            "quarter": 1,
            "eps": null,
            "eps_growth_year": null,
            "eps_4q": null,
            "eps_4q_growth_year": null,
            "roe": null,
            "roe_4q": 0,
            "gross_profit": null,
            "gross_margin": null,
            "gross_margin_4q_avg": 0,
            "net_income": null,
            "revenue": null,
            "common_shares": null,
            "book_valuer_per_share": null,
            "book_valuer_per_share_4q_avg": 0,
            "equity": null,
            "current_ratio": null,
            "debt_ratio": null,
            "inventory_turnover_ratio": null,
            "account_receivable_turnover_ratio": null,
            "reinvestment_rate": null,
            "research_to_sale_ratio": null,
            "price_fair": 0,
            "eps_avg_yearly": 0,
            "eps_latest_yearly": 0,
            "eps_growth_yearly": 0
        },
        "20122": {
            "year_quarter": 20122,
            "year": 2012,
            "quarter": 2,
            "eps": null,
            "eps_growth_year": null,
            "eps_4q": null,
            "eps_4q_growth_year": null,
            "roe": null,
            "roe_4q": 0,
            "gross_profit": null,
            "gross_margin": null,
            "gross_margin_4q_avg": 0,
            "net_income": null,
            "revenue": null,
            "common_shares": null,
            "book_valuer_per_share": null,
            "book_valuer_per_share_4q_avg": 0,
            "equity": null,
            "current_ratio": null,
            "debt_ratio": null,
            "inventory_turnover_ratio": null,
            "account_receivable_turnover_ratio": null,
            "reinvestment_rate": null,
            "research_to_sale_ratio": null,
            "price_fair": 0,
            "eps_avg_yearly": 0,
            "eps_latest_yearly": 0,
            "eps_growth_yearly": 0
        },
        "20123": {
            "year_quarter": 20123,
            "year": 2012,
            "quarter": 3,
            "eps": null,
            "eps_growth_year": null,
            "eps_4q": null,
            "eps_4q_growth_year": null,
            "roe": null,
            "roe_4q": 0,
            "gross_profit": null,
            "gross_margin": null,
            "gross_margin_4q_avg": 0,
            "net_income": null,
            "revenue": null,
            "common_shares": null,
            "book_valuer_per_share": null,
            "book_valuer_per_share_4q_avg": 0,
            "equity": null,
            "current_ratio": null,
            "debt_ratio": null,
            "inventory_turnover_ratio": null,
            "account_receivable_turnover_ratio": null,
            "reinvestment_rate": null,
            "research_to_sale_ratio": null,
            "price_fair": 0,
            "eps_avg_yearly": 0,
            "eps_latest_yearly": 0,
            "eps_growth_yearly": 0
        },
        "20124": {
            "year_quarter": 20124,
            "year": 2012,
            "quarter": 4,
            "eps": null,
            "eps_growth_year": null,
            "eps_4q": null,
            "eps_4q_growth_year": null,
            "roe": null,
            "roe_4q": 0,
            "gross_profit": null,
            "gross_margin": null,
            "gross_margin_4q_avg": 0,
            "net_income": null,
            "revenue": null,
            "common_shares": 285670,
            "book_valuer_per_share": null,
            "book_valuer_per_share_4q_avg": 0,
            "equity": 645534,
            "current_ratio": null,
            "debt_ratio": null,
            "inventory_turnover_ratio": null,
            "account_receivable_turnover_ratio": null,
            "reinvestment_rate": null,
            "research_to_sale_ratio": null,
            "price_fair": 0,
            "eps_avg_yearly": 0,
            "eps_latest_yearly": 0,
            "eps_growth_yearly": 0
        },
        "20131": {
            "year_quarter": 20131,
            "year": 2013,
            "quarter": 1,
            "eps": null,
            "eps_growth_year": null,
            "eps_4q": null,
            "eps_4q_growth_year": null,
            "roe": null,
            "roe_4q": 0,
            "gross_profit": null,
            "gross_margin": null,
            "gross_margin_4q_avg": 0,
            "net_income": null,
            "revenue": null,
            "common_shares": null,
            "book_valuer_per_share": null,
            "book_valuer_per_share_4q_avg": 0,
            "equity": null,
            "current_ratio": null,
            "debt_ratio": null,
            "inventory_turnover_ratio": null,
            "account_receivable_turnover_ratio": null,
            "reinvestment_rate": null,
            "research_to_sale_ratio": null,
            "price_fair": 0,
            "eps_avg_yearly": 0,
            "eps_latest_yearly": 0,
            "eps_growth_yearly": 0
        },
        "20132": {
            "year_quarter": 20132,
            "year": 2013,
            "quarter": 2,
            "eps": null,
            "eps_growth_year": null,
            "eps_4q": null,
            "eps_4q_growth_year": null,
            "roe": null,
            "roe_4q": 0,
            "gross_profit": null,
            "gross_margin": null,
            "gross_margin_4q_avg": 0,
            "net_income": null,
            "revenue": null,
            "common_shares": null,
            "book_valuer_per_share": null,
            "book_valuer_per_share_4q_avg": 0,
            "equity": null,
            "current_ratio": null,
            "debt_ratio": null,
            "inventory_turnover_ratio": null,
            "account_receivable_turnover_ratio": null,
            "reinvestment_rate": null,
            "research_to_sale_ratio": null,
            "price_fair": 0,
            "eps_avg_yearly": 0,
            "eps_latest_yearly": 0,
            "eps_growth_yearly": 0
        },
        "20133": {
            "year_quarter": 20133,
            "year": 2013,
            "quarter": 3,
            "eps": null,
            "eps_growth_year": null,
            "eps_4q": null,
            "eps_4q_growth_year": null,
            "roe": null,
            "roe_4q": 0,
            "gross_profit": null,
            "gross_margin": null,
            "gross_margin_4q_avg": 0,
            "net_income": null,
            "revenue": null,
            "common_shares": null,
            "book_valuer_per_share": null,
            "book_valuer_per_share_4q_avg": 0,
            "equity": null,
            "current_ratio": null,
            "debt_ratio": null,
            "inventory_turnover_ratio": null,
            "account_receivable_turnover_ratio": null,
            "reinvestment_rate": null,
            "research_to_sale_ratio": null,
            "price_fair": 0,
            "eps_avg_yearly": 0,
            "eps_latest_yearly": 0,
            "eps_growth_yearly": 0
        },
        "20134": {
            "year_quarter": 20134,
            "year": 2013,
            "quarter": 4,
            "eps": null,
            "eps_growth_year": null,
            "eps_4q": null,
            "eps_4q_growth_year": null,
            "roe": null,
            "roe_4q": 0,
            "gross_profit": null,
            "gross_margin": null,
            "gross_margin_4q_avg": 0,
            "net_income": null,
            "revenue": null,
            "common_shares": 285670,
            "book_valuer_per_share": 27.6,
            "book_valuer_per_share_4q_avg": 6.9,
            "equity": 954004,
            "current_ratio": 220.82,
            "debt_ratio": 36.79,
            "inventory_turnover_ratio": null,
            "account_receivable_turnover_ratio": null,
            "reinvestment_rate": null,
            "research_to_sale_ratio": null,
            "price_fair": 0,
            "eps_avg_yearly": 0,
            "eps_latest_yearly": 0,
            "eps_growth_yearly": 0
        },
        "20141": {
            "year_quarter": 20141,
            "year": 2014,
            "quarter": 1,
            "eps": null,
            "eps_growth_year": null,
            "eps_4q": null,
            "eps_4q_growth_year": null,
            "roe": null,
            "roe_4q": 0,
            "gross_profit": 120151,
            "gross_margin": null,
            "gross_margin_4q_avg": 0,
            "net_income": 26861,
            "revenue": 381052,
            "common_shares": 285670,
            "book_valuer_per_share": 28.38,
            "book_valuer_per_share_4q_avg": 14,
            "equity": 981282,
            "current_ratio": 214.62,
            "debt_ratio": 38.31,
            "inventory_turnover_ratio": null,
            "account_receivable_turnover_ratio": null,
            "reinvestment_rate": null,
            "research_to_sale_ratio": null,
            "price_fair": 0,
            "eps_avg_yearly": 0,
            "eps_latest_yearly": 0,
            "eps_growth_yearly": 0
        },
        "20142": {
            "year_quarter": 20142,
            "year": 2014,
            "quarter": 2,
            "eps": null,
            "eps_growth_year": null,
            "eps_4q": null,
            "eps_4q_growth_year": null,
            "roe": null,
            "roe_4q": 0,
            "gross_profit": 102589,
            "gross_margin": null,
            "gross_margin_4q_avg": 0,
            "net_income": 9177,
            "revenue": 358623,
            "common_shares": 300670,
            "book_valuer_per_share": 27.83,
            "book_valuer_per_share_4q_avg": 20.95,
            "equity": 1000949,
            "current_ratio": 181.47,
            "debt_ratio": 44.52,
            "inventory_turnover_ratio": null,
            "account_receivable_turnover_ratio": null,
            "reinvestment_rate": null,
            "research_to_sale_ratio": null,
            "price_fair": 0,
            "eps_avg_yearly": 0,
            "eps_latest_yearly": 0,
            "eps_growth_yearly": 0
        },
        "20143": {
            "year_quarter": 20143,
            "year": 2014,
            "quarter": 3,
            "eps": null,
            "eps_growth_year": null,
            "eps_4q": null,
            "eps_4q_growth_year": null,
            "roe": null,
            "roe_4q": 0,
            "gross_profit": 145390,
            "gross_margin": null,
            "gross_margin_4q_avg": 0,
            "net_income": 65446,
            "revenue": 504814,
            "common_shares": 300670,
            "book_valuer_per_share": 30.41,
            "book_valuer_per_share_4q_avg": 28.56,
            "equity": 1101174,
            "current_ratio": 206.59,
            "debt_ratio": 37.7,
            "inventory_turnover_ratio": null,
            "account_receivable_turnover_ratio": null,
            "reinvestment_rate": null,
            "research_to_sale_ratio": null,
            "price_fair": 0,
            "eps_avg_yearly": 0,
            "eps_latest_yearly": 0,
            "eps_growth_yearly": 0
        },
        "20144": {
            "year_quarter": 20144,
            "year": 2014,
            "quarter": 4,
            "eps": null,
            "eps_growth_year": null,
            "eps_4q": null,
            "eps_4q_growth_year": null,
            "roe": null,
            "roe_4q": 0,
            "gross_profit": 131772,
            "gross_margin": null,
            "gross_margin_4q_avg": 0,
            "net_income": 23560,
            "revenue": 411267,
            "common_shares": 300670,
            "book_valuer_per_share": 32.44,
            "book_valuer_per_share_4q_avg": 29.77,
            "equity": 1177170,
            "current_ratio": 198.22,
            "debt_ratio": 38.65,
            "inventory_turnover_ratio": null,
            "account_receivable_turnover_ratio": null,
            "reinvestment_rate": null,
            "research_to_sale_ratio": null,
            "price_fair": 0,
            "eps_avg_yearly": 0,
            "eps_latest_yearly": 0,
            "eps_growth_yearly": 0
        },
        "20151": {
            "year_quarter": 20151,
            "year": 2015,
            "quarter": 1,
            "eps": 0.28,
            "eps_growth_year": null,
            "eps_4q": 0.28,
            "eps_4q_growth_year": null,
            "roe": 0.92,
            "roe_4q": 0.92,
            "gross_profit": 97888,
            "gross_margin": 26.89,
            "gross_margin_4q_avg": 6.72,
            "net_income": 10717,
            "revenue": 364056,
            "common_shares": 300670,
            "book_valuer_per_share": 31.49,
            "book_valuer_per_share_4q_avg": 30.54,
            "equity": 1148130,
            "current_ratio": 211.58,
            "debt_ratio": 36.03,
            "inventory_turnover_ratio": 0.82,
            "account_receivable_turnover_ratio": 0.61,
            "reinvestment_rate": null,
            "research_to_sale_ratio": 1.63,
            "price_fair": 0,
            "eps_avg_yearly": 0,
            "eps_latest_yearly": 0,
            "eps_growth_yearly": 0
        },
        "20152": {
            "year_quarter": 20152,
            "year": 2015,
            "quarter": 2,
            "eps": 0.05,
            "eps_growth_year": null,
            "eps_4q": 0.3,
            "eps_4q_growth_year": null,
            "roe": 0.15,
            "roe_4q": 1.07,
            "gross_profit": 77250,
            "gross_margin": 20.12,
            "gross_margin_4q_avg": 11.75,
            "net_income": 1792,
            "revenue": 384018,
            "common_shares": 338670,
            "book_valuer_per_share": 30.59,
            "book_valuer_per_share_4q_avg": 31.23,
            "equity": 1233941,
            "current_ratio": 239.4,
            "debt_ratio": 32.41,
            "inventory_turnover_ratio": 0.98,
            "account_receivable_turnover_ratio": 0.73,
            "reinvestment_rate": null,
            "research_to_sale_ratio": 2.89,
            "price_fair": 0.6,
            "eps_avg_yearly": 0.2,
            "eps_latest_yearly": 0.2,
            "eps_growth_yearly": -328.57
        },
        "20153": {
            "year_quarter": 20153,
            "year": 2015,
            "quarter": 3,
            "eps": 0.9,
            "eps_growth_year": null,
            "eps_4q": 1.19,
            "eps_4q_growth_year": null,
            "roe": 2.73,
            "roe_4q": 3.8,
            "gross_profit": 108985,
            "gross_margin": 29.58,
            "gross_margin_4q_avg": 19.15,
            "net_income": 34655,
            "revenue": 368456,
            "common_shares": 338670,
            "book_valuer_per_share": 32.72,
            "book_valuer_per_share_4q_avg": 31.81,
            "equity": 1305901,
            "current_ratio": 253.58,
            "debt_ratio": 30.59,
            "inventory_turnover_ratio": 0.86,
            "account_receivable_turnover_ratio": 0.69,
            "reinvestment_rate": null,
            "research_to_sale_ratio": 3.98,
            "price_fair": 66.5,
            "eps_avg_yearly": 1.9,
            "eps_latest_yearly": 3.6,
            "eps_growth_yearly": 3235.71
        },
        "20154": {
            "year_quarter": 20154,
            "year": 2015,
            "quarter": 4,
            "eps": 0.6,
            "eps_growth_year": null,
            "eps_4q": 1.79,
            "eps_4q_growth_year": null,
            "roe": 2.36,
            "roe_4q": 6.16,
            "gross_profit": 107998,
            "gross_margin": 25.53,
            "gross_margin_4q_avg": 25.53,
            "net_income": 30903,
            "revenue": 422957,
            "common_shares": 338670,
            "book_valuer_per_share": 32.75,
            "book_valuer_per_share_4q_avg": 31.89,
            "equity": 1316715,
            "current_ratio": 277.57,
            "debt_ratio": 27.93,
            "inventory_turnover_ratio": 1.01,
            "account_receivable_turnover_ratio": 0.78,
            "reinvestment_rate": null,
            "research_to_sale_ratio": 2.91,
            "price_fair": 72.33,
            "eps_avg_yearly": 2.07,
            "eps_latest_yearly": 2.4,
            "eps_growth_yearly": 2112.7
        },
        "20161": {
            "year_quarter": 20161,
            "year": 2016,
            "quarter": 1,
            "eps": 1.07,
            "eps_growth_year": 282.14,
            "eps_4q": 2.61,
            "eps_4q_growth_year": 822.35,
            "roe": 3.49,
            "roe_4q": 8.73,
            "gross_profit": 134891,
            "gross_margin": 27.15,
            "gross_margin_4q_avg": 25.6,
            "net_income": 46370,
            "revenue": 496781,
            "common_shares": 338670,
            "book_valuer_per_share": 33.68,
            "book_valuer_per_share_4q_avg": 32.44,
            "equity": 1340574,
            "current_ratio": 269.1,
            "debt_ratio": 29.22,
            "inventory_turnover_ratio": 1.31,
            "account_receivable_turnover_ratio": 0.87,
            "reinvestment_rate": null,
            "research_to_sale_ratio": 1.95,
            "price_fair": 91.7,
            "eps_avg_yearly": 2.62,
            "eps_latest_yearly": 4.28,
            "eps_growth_yearly": 1662.86
        },
        "20162": {
            "year_quarter": 20162,
            "year": 2016,
            "quarter": 2,
            "eps": 1,
            "eps_growth_year": 1900,
            "eps_4q": 3.25,
            "eps_4q_growth_year": 995.56,
            "roe": 3.43,
            "roe_4q": 12.01,
            "gross_profit": 134349,
            "gross_margin": 28.39,
            "gross_margin_4q_avg": 27.66,
            "net_income": 46281,
            "revenue": 473147,
            "common_shares": 338670,
            "book_valuer_per_share": 33.59,
            "book_valuer_per_share_4q_avg": 33.19,
            "equity": 1354150,
            "current_ratio": 275,
            "debt_ratio": 28.45,
            "inventory_turnover_ratio": 1.37,
            "account_receivable_turnover_ratio": 0.75,
            "reinvestment_rate": null,
            "research_to_sale_ratio": 2.63,
            "price_fair": 101.36,
            "eps_avg_yearly": 2.9,
            "eps_latest_yearly": 4,
            "eps_growth_yearly": 1325.05
        },
        "20163": {
            "year_quarter": 20163,
            "year": 2016,
            "quarter": 3,
            "eps": 0.23,
            "eps_growth_year": -74.44,
            "eps_4q": 2.63,
            "eps_4q_growth_year": 120.05,
            "roe": 1.46,
            "roe_4q": 10.74,
            "gross_profit": 137853,
            "gross_margin": 30.43,
            "gross_margin_4q_avg": 27.88,
            "net_income": 19610,
            "revenue": 453080,
            "common_shares": 341260,
            "book_valuer_per_share": 32.78,
            "book_valuer_per_share_4q_avg": 33.2,
            "equity": 1339769,
            "current_ratio": 263.94,
            "debt_ratio": 29.38,
            "inventory_turnover_ratio": 1.17,
            "account_receivable_turnover_ratio": 0.73,
            "reinvestment_rate": null,
            "research_to_sale_ratio": 5.73,
            "price_fair": 89.83,
            "eps_avg_yearly": 2.57,
            "eps_latest_yearly": 0.92,
            "eps_growth_yearly": 1052.88
        },
        "20164": {
            "year_quarter": 20164,
            "year": 2016,
            "quarter": 4,
            "eps": 0.98,
            "eps_growth_year": 63.45,
            "eps_4q": 3.06,
            "eps_4q_growth_year": 70.96,
            "roe": 3.69,
            "roe_4q": 12.07,
            "gross_profit": 177179,
            "gross_margin": 30.21,
            "gross_margin_4q_avg": 29.05,
            "net_income": 50574,
            "revenue": 586432,
            "common_shares": 375127,
            "book_valuer_per_share": 31.05,
            "book_valuer_per_share_4q_avg": 32.78,
            "equity": 1401433,
            "current_ratio": 332.53,
            "debt_ratio": 35.05,
            "inventory_turnover_ratio": 1.24,
            "account_receivable_turnover_ratio": 0.93,
            "reinvestment_rate": null,
            "research_to_sale_ratio": 4.29,
            "price_fair": 96.6,
            "eps_avg_yearly": 2.76,
            "eps_latest_yearly": 3.92,
            "eps_growth_yearly": 1088.8
        },
        "20171": {
            "year_quarter": 20171,
            "year": 2017,
            "quarter": 1,
            "eps": 1.04,
            "eps_growth_year": -2.8,
            "eps_4q": 3.13,
            "eps_4q_growth_year": 20.2,
            "roe": 3.62,
            "roe_4q": 12.2,
            "gross_profit": 153178,
            "gross_margin": 29.2,
            "gross_margin_4q_avg": 29.56,
            "net_income": 50132,
            "revenue": 524643,
            "common_shares": 375627,
            "book_valuer_per_share": 30.18,
            "book_valuer_per_share_4q_avg": 31.9,
            "equity": 1369024,
            "current_ratio": 404.19,
            "debt_ratio": 31.78,
            "inventory_turnover_ratio": 0.99,
            "account_receivable_turnover_ratio": 0.8,
            "reinvestment_rate": null,
            "research_to_sale_ratio": 3.06,
            "price_fair": 102.73,
            "eps_avg_yearly": 2.94,
            "eps_latest_yearly": 4.16,
            "eps_growth_yearly": 955.76
        },
        "20172": {
            "year_quarter": 20172,
            "year": 2017,
            "quarter": 2,
            "eps": 0.47,
            "eps_growth_year": -53,
            "eps_4q": 2.67,
            "eps_4q_growth_year": -17.62,
            "roe": 1.8,
            "roe_4q": 10.57,
            "gross_profit": 143202,
            "gross_margin": 27.82,
            "gross_margin_4q_avg": 29.42,
            "net_income": 24517,
            "revenue": 514748,
            "common_shares": 379012,
            "book_valuer_per_share": 29.29,
            "book_valuer_per_share_4q_avg": 30.83,
            "equity": 1362576,
            "current_ratio": 332.83,
            "debt_ratio": 35.38,
            "inventory_turnover_ratio": 0.99,
            "account_receivable_turnover_ratio": 0.81,
            "reinvestment_rate": null,
            "research_to_sale_ratio": 7.99,
            "price_fair": 98.62,
            "eps_avg_yearly": 2.82,
            "eps_latest_yearly": 1.88,
            "eps_growth_yearly": 825.21
        },
        "20173": {
            "year_quarter": 20173,
            "year": 2017,
            "quarter": 3,
            "eps": 1.04,
            "eps_growth_year": 352.17,
            "eps_4q": 3.48,
            "eps_4q_growth_year": 32.49,
            "roe": 3.51,
            "roe_4q": 12.62,
            "gross_profit": 154282,
            "gross_margin": 31.36,
            "gross_margin_4q_avg": 29.65,
            "net_income": 46103,
            "revenue": 491995,
            "common_shares": 382442,
            "book_valuer_per_share": 28.67,
            "book_valuer_per_share_4q_avg": 29.8,
            "equity": 1263427,
            "current_ratio": 265.03,
            "debt_ratio": 41.34,
            "inventory_turnover_ratio": 0.84,
            "account_receivable_turnover_ratio": 0.77,
            "reinvestment_rate": null,
            "research_to_sale_ratio": 5.39,
            "price_fair": 103.32,
            "eps_avg_yearly": 2.95,
            "eps_latest_yearly": 4.16,
            "eps_growth_yearly": 791.2
        },
        "20174": {
            "year_quarter": 20174,
            "year": 2017,
            "quarter": 4,
            "eps": 0.9,
            "eps_growth_year": -7.98,
            "eps_4q": 3.46,
            "eps_4q_growth_year": 12.85,
            "roe": 3.1,
            "roe_4q": 12.030000000000001,
            "gross_profit": 161446,
            "gross_margin": 29.79,
            "gross_margin_4q_avg": 29.54,
            "net_income": 39163,
            "revenue": 541903,
            "common_shares": 383072,
            "book_valuer_per_share": 28.94,
            "book_valuer_per_share_4q_avg": 29.27,
            "equity": 1260750,
            "current_ratio": 190.61,
            "debt_ratio": 44.51,
            "inventory_turnover_ratio": 0.84,
            "account_receivable_turnover_ratio": 0.83,
            "reinvestment_rate": 9.53,
            "research_to_sale_ratio": 4.94,
            "price_fair": 105.38,
            "eps_avg_yearly": 3.01,
            "eps_latest_yearly": 3.6,
            "eps_growth_yearly": 714.38
        },
        "20181": {
            "year_quarter": 20181,
            "year": 2018,
            "quarter": 1,
            "eps": 1.13,
            "eps_growth_year": 8.65,
            "eps_4q": 3.54,
            "eps_4q_growth_year": 13.13,
            "roe": 3.72,
            "roe_4q": 12.13,
            "gross_profit": 169160,
            "gross_margin": 28.55,
            "gross_margin_4q_avg": 29.38,
            "net_income": 47476,
            "revenue": 592460,
            "common_shares": 382292,
            "book_valuer_per_share": 29.67,
            "book_valuer_per_share_4q_avg": 29.14,
            "equity": 1290095,
            "current_ratio": 204.01,
            "debt_ratio": 40.23,
            "inventory_turnover_ratio": 0.88,
            "account_receivable_turnover_ratio": 0.83,
            "reinvestment_rate": 10.42,
            "research_to_sale_ratio": 3.03,
            "price_fair": 109.78,
            "eps_avg_yearly": 3.14,
            "eps_latest_yearly": 4.52,
            "eps_growth_yearly": 663.36
        },
        "20182": {
            "year_quarter": 20182,
            "year": 2018,
            "quarter": 2,
            "eps": 0.92,
            "eps_growth_year": 95.74,
            "eps_4q": 3.71,
            "eps_4q_growth_year": 38.9,
            "roe": 2.87,
            "roe_4q": 13.2,
            "gross_profit": 147535,
            "gross_margin": 25.09,
            "gross_margin_4q_avg": 28.7,
            "net_income": 37241,
            "revenue": 588018,
            "common_shares": 382292,
            "book_valuer_per_share": 30.02,
            "book_valuer_per_share_4q_avg": 29.33,
            "equity": 1309565,
            "current_ratio": 203.59,
            "debt_ratio": 40.58,
            "inventory_turnover_ratio": 0.93,
            "account_receivable_turnover_ratio": 0.75,
            "reinvestment_rate": -3.35,
            "research_to_sale_ratio": 3.72,
            "price_fair": 111.25,
            "eps_avg_yearly": 3.18,
            "eps_latest_yearly": 3.68,
            "eps_growth_yearly": 606.62
        },
        "20183": {
            "year_quarter": 20183,
            "year": 2018,
            "quarter": 3,
            "eps": 0.24,
            "eps_growth_year": -76.92,
            "eps_4q": 2.98,
            "eps_4q_growth_year": -14.31,
            "roe": 0.95,
            "roe_4q": 10.64,
            "gross_profit": 107344,
            "gross_margin": 23.52,
            "gross_margin_4q_avg": 26.74,
            "net_income": 12345,
            "revenue": 456365,
            "common_shares": 410964,
            "book_valuer_per_share": 27.27,
            "book_valuer_per_share_4q_avg": 28.98,
            "equity": 1284724,
            "current_ratio": 197.54,
            "debt_ratio": 40.76,
            "inventory_turnover_ratio": 0.72,
            "account_receivable_turnover_ratio": 0.62,
            "reinvestment_rate": -8.76,
            "research_to_sale_ratio": 3.88,
            "price_fair": 105.7,
            "eps_avg_yearly": 3.02,
            "eps_latest_yearly": 0.96,
            "eps_growth_yearly": 542.17
        },
        "20184": {
            "year_quarter": 20184,
            "year": 2018,
            "quarter": 4,
            "eps": 1.43,
            "eps_growth_year": 58.23,
            "eps_4q": 3.57,
            "eps_4q_growth_year": 3.18,
            "roe": 5.09,
            "roe_4q": 12.63,
            "gross_profit": 184719,
            "gross_margin": 33.29,
            "gross_margin_4q_avg": 27.61,
            "net_income": 67024,
            "revenue": 554884,
            "common_shares": 410964,
            "book_valuer_per_share": 28.71,
            "book_valuer_per_share_4q_avg": 28.92,
            "equity": 1350253,
            "current_ratio": 223.19,
            "debt_ratio": 37.33,
            "inventory_turnover_ratio": 0.71,
            "account_receivable_turnover_ratio": 0.79,
            "reinvestment_rate": -20.2,
            "research_to_sale_ratio": 3.96,
            "price_fair": 112,
            "eps_avg_yearly": 3.2,
            "eps_latest_yearly": 5.72,
            "eps_growth_yearly": 638.25
        },
        "20191": {
            "year_quarter": 20191,
            "year": 2019,
            "quarter": 1,
            "eps": 0.04,
            "eps_growth_year": -96.46,
            "eps_4q": 2.56,
            "eps_4q_growth_year": -27.71,
            "roe": 0.39,
            "roe_4q": 9.3,
            "gross_profit": 107183,
            "gross_margin": 24.71,
            "gross_margin_4q_avg": 26.65,
            "net_income": 5328,
            "revenue": 433816,
            "common_shares": 410964,
            "book_valuer_per_share": 29.57,
            "book_valuer_per_share_4q_avg": 28.89,
            "equity": 1392824,
            "current_ratio": 235.69,
            "debt_ratio": 42.24,
            "inventory_turnover_ratio": 0.61,
            "account_receivable_turnover_ratio": 0.64,
            "reinvestment_rate": -27.58,
            "research_to_sale_ratio": 1.55,
            "price_fair": 105.35,
            "eps_avg_yearly": 3.01,
            "eps_latest_yearly": 0.16,
            "eps_growth_yearly": 574.06
        },
        "20192": {
            "year_quarter": 20192,
            "year": 2019,
            "quarter": 2,
            "eps": 0.17,
            "eps_growth_year": -81.52,
            "eps_4q": 1.72,
            "eps_4q_growth_year": -53.79,
            "roe": 0.58,
            "roe_4q": 7.01,
            "gross_profit": 113138,
            "gross_margin": 25.36,
            "gross_margin_4q_avg": 26.72,
            "net_income": 8064,
            "revenue": 446044,
            "common_shares": 410964,
            "book_valuer_per_share": 29.38,
            "book_valuer_per_share_4q_avg": 28.73,
            "equity": 1385539,
            "current_ratio": 233.92,
            "debt_ratio": 42.55,
            "inventory_turnover_ratio": 0.65,
            "account_receivable_turnover_ratio": 0.74,
            "reinvestment_rate": -24.47,
            "research_to_sale_ratio": 5.5,
            "price_fair": 106.4,
            "eps_avg_yearly": 3.04,
            "eps_latest_yearly": 0.68,
            "eps_growth_yearly": 675.84
        },
        "20193": {
            "year_quarter": 20193,
            "year": 2019,
            "quarter": 3,
            "eps": 0.93,
            "eps_growth_year": 287.5,
            "eps_4q": 2.43,
            "eps_4q_growth_year": -18.61,
            "roe": 3.51,
            "roe_4q": 9.57,
            "gross_profit": 140157,
            "gross_margin": 29.56,
            "gross_margin_4q_avg": 28.23,
            "net_income": 48260,
            "revenue": 474131,
            "common_shares": 448268,
            "book_valuer_per_share": 26.67,
            "book_valuer_per_share_4q_avg": 28.58,
            "equity": 1367036,
            "current_ratio": 239.31,
            "debt_ratio": 41.32,
            "inventory_turnover_ratio": 0.7,
            "account_receivable_turnover_ratio": 0.86,
            "reinvestment_rate": -29.27,
            "research_to_sale_ratio": 2.16,
            "price_fair": 106.66,
            "eps_avg_yearly": 3.05,
            "eps_latest_yearly": 3.72,
            "eps_growth_yearly": 362.61
        },
        "20194": {
            "year_quarter": 20194,
            "year": 2019,
            "quarter": 4,
            "eps": -0.24,
            "eps_growth_year": -117.03,
            "eps_4q": 0.88,
            "eps_4q_growth_year": -75.39,
            "roe": -0.69,
            "roe_4q": 3.79,
            "gross_profit": 77143,
            "gross_margin": 17.47,
            "gross_margin_4q_avg": 24.28,
            "net_income": -9356,
            "revenue": 441574,
            "common_shares": 448268,
            "book_valuer_per_share": 25.87,
            "book_valuer_per_share_4q_avg": 27.87,
            "equity": 1328807,
            "current_ratio": 237.78,
            "debt_ratio": 42.66,
            "inventory_turnover_ratio": 0.82,
            "account_receivable_turnover_ratio": 0.85,
            "reinvestment_rate": -29.54,
            "research_to_sale_ratio": 2.6,
            "price_fair": 108.17,
            "eps_avg_yearly": 3.09,
            "eps_latest_yearly": 3.72,
            "eps_growth_yearly": 395.67
        },
        "20201": {
            "year_quarter": 20201,
            "year": 2020,
            "quarter": 1,
            "eps": -0.42,
            "eps_growth_year": -1150,
            "eps_4q": 0.42,
            "eps_4q_growth_year": -83.67,
            "roe": -1.68,
            "roe_4q": 1.7199999999999998,
            "gross_profit": 53999,
            "gross_margin": 18.35,
            "gross_margin_4q_avg": 22.69,
            "net_income": -21941,
            "revenue": 294292,
            "common_shares": 448268,
            "book_valuer_per_share": 25.12,
            "book_valuer_per_share_4q_avg": 26.76,
            "equity": 1291000,
            "current_ratio": 251.59,
            "debt_ratio": 39.81,
            "inventory_turnover_ratio": 0.56,
            "account_receivable_turnover_ratio": 0.66,
            "reinvestment_rate": -27.16,
            "research_to_sale_ratio": 2.91,
            "price_fair": 105.2,
            "eps_avg_yearly": 3.01,
            "eps_latest_yearly": 3.72,
            "eps_growth_yearly": 401.55
        },
        "20202": {
            "year_quarter": 20202,
            "year": 2020,
            "quarter": 2,
            "eps": 0.46,
            "eps_growth_year": 170.59,
            "eps_4q": 0.7,
            "eps_4q_growth_year": -58.96,
            "roe": 1.23,
            "roe_4q": 2.37,
            "gross_profit": 66217,
            "gross_margin": 27.69,
            "gross_margin_4q_avg": 23.27,
            "net_income": 15711,
            "revenue": 239137,
            "common_shares": 448268,
            "book_valuer_per_share": 24.82,
            "book_valuer_per_share_4q_avg": 25.62,
            "equity": 1271920,
            "current_ratio": 256.75,
            "debt_ratio": 39.65,
            "inventory_turnover_ratio": 0.41,
            "account_receivable_turnover_ratio": 0.69,
            "reinvestment_rate": -28.77,
            "research_to_sale_ratio": 3.1,
            "price_fair": 102.52,
            "eps_avg_yearly": 2.93,
            "eps_latest_yearly": 3.72,
            "eps_growth_yearly": 434.45
        },
        "20203": {
            "year_quarter": 20203,
            "year": 2020,
            "quarter": 3,
            "eps": 0.22,
            "eps_growth_year": -76.34,
            "eps_4q": 0.01,
            "eps_4q_growth_year": -99.48,
            "roe": 1.09,
            "roe_4q": -0.0499999999999996,
            "gross_profit": 68317,
            "gross_margin": 22.77,
            "gross_margin_4q_avg": 21.57,
            "net_income": 13974,
            "revenue": 300019,
            "common_shares": 448268,
            "book_valuer_per_share": 25.45,
            "book_valuer_per_share_4q_avg": 25.32,
            "equity": 1303756,
            "current_ratio": 258.86,
            "debt_ratio": 40.81,
            "inventory_turnover_ratio": 0.56,
            "account_receivable_turnover_ratio": 0.79,
            "reinvestment_rate": -32.65,
            "research_to_sale_ratio": 2.41,
            "price_fair": 102.42,
            "eps_avg_yearly": 2.93,
            "eps_latest_yearly": 0.88,
            "eps_growth_yearly": 442.09
        },
        "20204": {
            "year_quarter": 20204,
            "year": 2020,
            "quarter": 4,
            "eps": 0.44,
            "eps_growth_year": null,
            "eps_4q": 0.69,
            "eps_4q_growth_year": -21.52,
            "roe": 1.5,
            "roe_4q": 2.1399999999999997,
            "gross_profit": 104805,
            "gross_margin": 30.1,
            "gross_margin_4q_avg": 24.73,
            "net_income": 19544,
            "revenue": 348163,
            "common_shares": 457597,
            "book_valuer_per_share": 24.85,
            "book_valuer_per_share_4q_avg": 25.06,
            "equity": 1298763,
            "current_ratio": 286.51,
            "debt_ratio": 42.63,
            "inventory_turnover_ratio": 0.67,
            "account_receivable_turnover_ratio": 0.82,
            "reinvestment_rate": -31.89,
            "research_to_sale_ratio": 3.49,
            "price_fair": 96.6,
            "eps_avg_yearly": 2.76,
            "eps_latest_yearly": 1.76,
            "eps_growth_yearly": 372.52
        },
        "20211": {
            "year_quarter": 20211,
            "year": 2021,
            "quarter": 1,
            "eps": 0.12,
            "eps_growth_year": null,
            "eps_4q": 1.22,
            "eps_4q_growth_year": 190.84,
            "roe": 0.28,
            "roe_4q": 4.1,
            "gross_profit": 81762,
            "gross_margin": 25.15,
            "gross_margin_4q_avg": 26.43,
            "net_income": 3555,
            "revenue": 325104,
            "common_shares": 457597,
            "book_valuer_per_share": 25.29,
            "book_valuer_per_share_4q_avg": 25.1,
            "equity": 1240195,
            "current_ratio": 271.01,
            "debt_ratio": 43.93,
            "inventory_turnover_ratio": 0.74,
            "account_receivable_turnover_ratio": 0.81,
            "reinvestment_rate": -21.43,
            "research_to_sale_ratio": 2.71,
            "price_fair": 86.69,
            "eps_avg_yearly": 2.48,
            "eps_latest_yearly": 0.48,
            "eps_growth_yearly": 348.26
        },
        "20212": {
            "year_quarter": 20212,
            "year": 2021,
            "quarter": 2,
            "eps": 0.45,
            "eps_growth_year": -2.17,
            "eps_4q": 1.22,
            "eps_4q_growth_year": 73.65,
            "roe": 1.85,
            "roe_4q": 4.72,
            "gross_profit": 96403,
            "gross_margin": 28.75,
            "gross_margin_4q_avg": 26.69,
            "net_income": 23068,
            "revenue": 335358,
            "common_shares": 457597,
            "book_valuer_per_share": 25.51,
            "book_valuer_per_share_4q_avg": 25.28,
            "equity": 1250349,
            "current_ratio": 245.96,
            "debt_ratio": 45.46,
            "inventory_turnover_ratio": 0.71,
            "account_receivable_turnover_ratio": 0.87,
            "reinvestment_rate": -21.82,
            "research_to_sale_ratio": 2.11,
            "price_fair": 86.48,
            "eps_avg_yearly": 2.47,
            "eps_latest_yearly": 1.8,
            "eps_growth_yearly": 449.74
        },
        "20213": {
            "year_quarter": 20213,
            "year": 2021,
            "quarter": 3,
            "eps": 0.57,
            "eps_growth_year": 159.09,
            "eps_4q": 1.58,
            "eps_4q_growth_year": 12522.96,
            "roe": 2.22,
            "roe_4q": 5.8500000000000005,
            "gross_profit": 97052,
            "gross_margin": 27.68,
            "gross_margin_4q_avg": 27.92,
            "net_income": 27286,
            "revenue": 350662,
            "common_shares": 457597,
            "book_valuer_per_share": 24.55,
            "book_valuer_per_share_4q_avg": 25.05,
            "equity": 1207559,
            "current_ratio": 240.11,
            "debt_ratio": 46.91,
            "inventory_turnover_ratio": 0.67,
            "account_receivable_turnover_ratio": 0.91,
            "reinvestment_rate": -23.5,
            "research_to_sale_ratio": 1.21,
            "price_fair": 81.42,
            "eps_avg_yearly": 2.33,
            "eps_latest_yearly": 2.28,
            "eps_growth_yearly": 420.63
        },
        "20214": {
            "year_quarter": 20214,
            "year": 2021,
            "quarter": 4,
            "eps": 0.33,
            "eps_growth_year": -25.5,
            "eps_4q": 1.47,
            "eps_4q_growth_year": 113.46,
            "roe": 1.36,
            "roe_4q": 5.71,
            "gross_profit": 81139,
            "gross_margin": 22.72,
            "gross_margin_4q_avg": 26.08,
            "net_income": 16512,
            "revenue": 357201,
            "common_shares": 457597,
            "book_valuer_per_share": 25.03,
            "book_valuer_per_share_4q_avg": 25.1,
            "equity": 1228909,
            "current_ratio": 287.74,
            "debt_ratio": 43.02,
            "inventory_turnover_ratio": 0.66,
            "account_receivable_turnover_ratio": 0.94,
            "reinvestment_rate": -27.2,
            "research_to_sale_ratio": 2.21,
            "price_fair": 75.28,
            "eps_avg_yearly": 2.15,
            "eps_latest_yearly": 1.32,
            "eps_growth_yearly": 411.82
        },
        "20221": {
            "year_quarter": 20221,
            "year": 2022,
            "quarter": 1,
            "eps": 0.15,
            "eps_growth_year": 25,
            "eps_4q": 1.5,
            "eps_4q_growth_year": 23.2,
            "roe": 0.52,
            "roe_4q": 5.950000000000001,
            "gross_profit": 85452,
            "gross_margin": 25.72,
            "gross_margin_4q_avg": 26.22,
            "net_income": 6300,
            "revenue": 332189,
            "common_shares": 457597,
            "book_valuer_per_share": 26.27,
            "book_valuer_per_share_4q_avg": 25.34,
            "equity": 1206297,
            "current_ratio": 277.99,
            "debt_ratio": 44.32,
            "inventory_turnover_ratio": 0.56,
            "account_receivable_turnover_ratio": 0.84,
            "reinvestment_rate": -29.87,
            "research_to_sale_ratio": 3.09,
            "price_fair": 64.72,
            "eps_avg_yearly": 1.85,
            "eps_latest_yearly": 0.6,
            "eps_growth_yearly": 387.17
        },
        "20222": {
            "year_quarter": 20222,
            "year": 2022,
            "quarter": 2,
            "eps": 0.49,
            "eps_growth_year": 8.89,
            "eps_4q": 1.54,
            "eps_4q_growth_year": 25.72,
            "roe": 2.03,
            "roe_4q": 6.130000000000001,
            "gross_profit": 89046,
            "gross_margin": 27.06,
            "gross_margin_4q_avg": 25.8,
            "net_income": 23217,
            "revenue": 329026,
            "common_shares": 457597,
            "book_valuer_per_share": 23.54,
            "book_valuer_per_share_4q_avg": 24.85,
            "equity": 1083665,
            "current_ratio": 218.47,
            "debt_ratio": 50.78,
            "inventory_turnover_ratio": 0.5,
            "account_receivable_turnover_ratio": 0.78,
            "reinvestment_rate": -33.26,
            "research_to_sale_ratio": 3.62,
            "price_fair": 60.09,
            "eps_avg_yearly": 1.72,
            "eps_latest_yearly": 1.96,
            "eps_growth_yearly": 462.63
        },
        "20223": {
            "year_quarter": 20223,
            "year": 2022,
            "quarter": 3,
            "eps": 0.3,
            "eps_growth_year": -47.37,
            "eps_4q": 1.27,
            "eps_4q_growth_year": -19.75,
            "roe": 1.06,
            "roe_4q": 4.97,
            "gross_profit": 88803,
            "gross_margin": 24.31,
            "gross_margin_4q_avg": 24.95,
            "net_income": 11692,
            "revenue": 365267,
            "common_shares": 457597,
            "book_valuer_per_share": 24.32,
            "book_valuer_per_share_4q_avg": 24.79,
            "equity": 1117078,
            "current_ratio": 271.96,
            "debt_ratio": 45.76,
            "inventory_turnover_ratio": 0.55,
            "account_receivable_turnover_ratio": 0.8,
            "reinvestment_rate": -29.56,
            "research_to_sale_ratio": 2.39,
            "price_fair": 60.74,
            "eps_avg_yearly": 1.74,
            "eps_latest_yearly": 1.2,
            "eps_growth_yearly": 473.44
        },
        "20224": {
            "year_quarter": 20224,
            "year": 2022,
            "quarter": 4,
            "eps": 0.69,
            "eps_growth_year": 110.94,
            "eps_4q": 1.64,
            "eps_4q_growth_year": 11.24,
            "roe": 2.69,
            "roe_4q": 6.299999999999999,
            "gross_profit": 130945,
            "gross_margin": 33.28,
            "gross_margin_4q_avg": 27.59,
            "net_income": 30371,
            "revenue": 393428,
            "common_shares": 457597,
            "book_valuer_per_share": 24.82,
            "book_valuer_per_share_4q_avg": 24.74,
            "equity": 1137208,
            "current_ratio": 280.94,
            "debt_ratio": 44.03,
            "inventory_turnover_ratio": 0.51,
            "account_receivable_turnover_ratio": 0.84,
            "reinvestment_rate": -35.05,
            "research_to_sale_ratio": 2.08,
            "price_fair": 52.77,
            "eps_avg_yearly": 1.51,
            "eps_latest_yearly": 2.76,
            "eps_growth_yearly": 360.88
        },
        "20231": {
            "year_quarter": 20231,
            "year": 2023,
            "quarter": 1,
            "eps": 0.7,
            "eps_growth_year": 366.67,
            "eps_4q": 2.19,
            "eps_4q_growth_year": 45.93,
            "roe": 2.72,
            "roe_4q": 8.5,
            "gross_profit": 125817,
            "gross_margin": 29.64,
            "gross_margin_4q_avg": 28.57,
            "net_income": 31471,
            "revenue": 424483,
            "common_shares": 457597,
            "book_valuer_per_share": 25.74,
            "book_valuer_per_share_4q_avg": 24.61,
            "equity": 1178930,
            "current_ratio": 284.85,
            "debt_ratio": 42.7,
            "inventory_turnover_ratio": 0.59,
            "account_receivable_turnover_ratio": 0.95,
            "reinvestment_rate": -19.64,
            "research_to_sale_ratio": 2.53,
            "price_fair": 59.88,
            "eps_avg_yearly": 1.71,
            "eps_latest_yearly": 2.8,
            "eps_growth_yearly": 391.24
        },
        "20232": {
            "year_quarter": 20232,
            "year": 2023,
            "quarter": 2,
            "eps": 0.31,
            "eps_growth_year": -36.73,
            "eps_4q": 2,
            "eps_4q_growth_year": 30.3,
            "roe": 0.96,
            "roe_4q": 7.43,
            "gross_profit": 90378,
            "gross_margin": 23.04,
            "gross_margin_4q_avg": 27.57,
            "net_income": 11398,
            "revenue": 392203,
            "common_shares": 457597,
            "book_valuer_per_share": 25.6,
            "book_valuer_per_share_4q_avg": 25.12,
            "equity": 1193547,
            "current_ratio": 275.8,
            "debt_ratio": 42.44,
            "inventory_turnover_ratio": 0.64,
            "account_receivable_turnover_ratio": 0.86,
            "reinvestment_rate": -18.4,
            "research_to_sale_ratio": 3.62,
            "price_fair": 61.38,
            "eps_avg_yearly": 1.75,
            "eps_latest_yearly": 1.24,
            "eps_growth_yearly": 274.09
        }
    },
    "months": {
        "2015-06": {
            "month": "2015-06",
            "price": "45.48",
            "revenue": 116896
        },
        "2015-07": {
            "month": "2015-07",
            "price": "37.36",
            "revenue": 133924
        },
        "2015-08": {
            "month": "2015-08",
            "price": "25.36",
            "revenue": 122141
        },
        "2015-09": {
            "month": "2015-09",
            "price": "25.48",
            "revenue": 112391
        },
        "2015-10": {
            "month": "2015-10",
            "price": "29.76",
            "revenue": 129923
        },
        "2015-11": {
            "month": "2015-11",
            "price": "37.81",
            "revenue": 133546
        },
        "2015-12": {
            "month": "2015-12",
            "price": "36.99",
            "revenue": 164045
        },
        "2016-01": {
            "month": "2016-01",
            "price": "31.31",
            "revenue": 170819
        },
        "2016-02": {
            "month": "2016-02",
            "price": "39.40",
            "revenue": 150483
        },
        "2016-03": {
            "month": "2016-03",
            "price": "51.58",
            "revenue": 175492
        },
        "2016-04": {
            "month": "2016-04",
            "price": "49.79",
            "revenue": 178868
        },
        "2016-05": {
            "month": "2016-05",
            "price": "56.37",
            "revenue": 141731
        },
        "2016-06": {
            "month": "2016-06",
            "price": "57.69",
            "revenue": 152548
        },
        "2016-07": {
            "month": "2016-07",
            "price": "59.41",
            "revenue": 164968
        },
        "2016-08": {
            "month": "2016-08",
            "price": "59.51",
            "revenue": 146546
        },
        "2016-09": {
            "month": "2016-09",
            "price": "68.12",
            "revenue": 141565
        },
        "2016-10": {
            "month": "2016-10",
            "price": "60.16",
            "revenue": 181429
        },
        "2016-11": {
            "month": "2016-11",
            "price": "55.35",
            "revenue": 198342
        },
        "2016-12": {
            "month": "2016-12",
            "price": "58.84",
            "revenue": 206607
        },
        "2017-01": {
            "month": "2017-01",
            "price": "58.01",
            "revenue": 163204
        },
        "2017-02": {
            "month": "2017-02",
            "price": "56.43",
            "revenue": 169409
        },
        "2017-03": {
            "month": "2017-03",
            "price": "54.13",
            "revenue": 191616
        },
        "2017-04": {
            "month": "2017-04",
            "price": "63.78",
            "revenue": 182361
        },
        "2017-05": {
            "month": "2017-05",
            "price": "67.34",
            "revenue": 175567
        },
        "2017-06": {
            "month": "2017-06",
            "price": "69.53",
            "revenue": 157234
        },
        "2017-07": {
            "month": "2017-07",
            "price": "66.91",
            "revenue": 166324
        },
        "2017-08": {
            "month": "2017-08",
            "price": "56.32",
            "revenue": 164461
        },
        "2017-09": {
            "month": "2017-09",
            "price": "56.23",
            "revenue": 161097
        },
        "2017-10": {
            "month": "2017-10",
            "price": "56.47",
            "revenue": 175848
        },
        "2017-11": {
            "month": "2017-11",
            "price": "52.60",
            "revenue": 187633
        },
        "2017-12": {
            "month": "2017-12",
            "price": "52.78",
            "revenue": 178377
        },
        "2018-01": {
            "month": "2018-01",
            "price": "52.31",
            "revenue": 181092
        },
        "2018-02": {
            "month": "2018-02",
            "price": "51.81",
            "revenue": 180358
        },
        "2018-03": {
            "month": "2018-03",
            "price": "51.47",
            "revenue": 230980
        },
        "2018-04": {
            "month": "2018-04",
            "price": "52.82",
            "revenue": 193307
        },
        "2018-05": {
            "month": "2018-05",
            "price": "53.61",
            "revenue": 184178
        },
        "2018-06": {
            "month": "2018-06",
            "price": "56.22",
            "revenue": 210055
        },
        "2018-07": {
            "month": "2018-07",
            "price": "53.09",
            "revenue": 127480
        },
        "2018-08": {
            "month": "2018-08",
            "price": "45.28",
            "revenue": 151263
        },
        "2018-09": {
            "month": "2018-09",
            "price": "35.02",
            "revenue": 177975
        },
        "2018-10": {
            "month": "2018-10",
            "price": "27.92",
            "revenue": 204729
        },
        "2018-11": {
            "month": "2018-11",
            "price": "27.83",
            "revenue": 168453
        },
        "2018-12": {
            "month": "2018-12",
            "price": "28.59",
            "revenue": 198244
        },
        "2019-01": {
            "month": "2019-01",
            "price": "29.37",
            "revenue": 154292
        },
        "2019-02": {
            "month": "2019-02",
            "price": "31.19",
            "revenue": 80228
        },
        "2019-03": {
            "month": "2019-03",
            "price": "29.43",
            "revenue": 230875
        },
        "2019-04": {
            "month": "2019-04",
            "price": "31.96",
            "revenue": 121372
        },
        "2019-05": {
            "month": "2019-05",
            "price": "27.02",
            "revenue": 171703
        },
        "2019-06": {
            "month": "2019-06",
            "price": "26.19",
            "revenue": 151804
        },
        "2019-07": {
            "month": "2019-07",
            "price": "26.32",
            "revenue": 183676
        },
        "2019-08": {
            "month": "2019-08",
            "price": "24.87",
            "revenue": 157919
        },
        "2019-09": {
            "month": "2019-09",
            "price": "23.73",
            "revenue": 145839
        },
        "2019-10": {
            "month": "2019-10",
            "price": "22.89",
            "revenue": 146188
        },
        "2019-11": {
            "month": "2019-11",
            "price": "23.16",
            "revenue": 150479
        },
        "2019-12": {
            "month": "2019-12",
            "price": "23.57",
            "revenue": 144256
        },
        "2020-01": {
            "month": "2020-01",
            "price": "22.27",
            "revenue": 118988
        },
        "2020-02": {
            "month": "2020-02",
            "price": "19.84",
            "revenue": 74408
        },
        "2020-03": {
            "month": "2020-03",
            "price": "16.23",
            "revenue": 101127
        },
        "2020-04": {
            "month": "2020-04",
            "price": "16.12",
            "revenue": 78782
        },
        "2020-05": {
            "month": "2020-05",
            "price": "16.23",
            "revenue": 96651
        },
        "2020-06": {
            "month": "2020-06",
            "price": "16.33",
            "revenue": 63400
        },
        "2020-07": {
            "month": "2020-07",
            "price": "16.73",
            "revenue": 97355
        },
        "2020-08": {
            "month": "2020-08",
            "price": "16.49",
            "revenue": 88947
        },
        "2020-09": {
            "month": "2020-09",
            "price": "17.60",
            "revenue": 113191
        },
        "2020-10": {
            "month": "2020-10",
            "price": "16.64",
            "revenue": 109452
        },
        "2020-11": {
            "month": "2020-11",
            "price": "17.31",
            "revenue": 107381
        },
        "2020-12": {
            "month": "2020-12",
            "price": "18.53",
            "revenue": 108238
        },
        "2021-01": {
            "month": "2021-01",
            "price": "18.90",
            "revenue": 110119
        },
        "2021-02": {
            "month": "2021-02",
            "price": "18.85",
            "revenue": 100110
        },
        "2021-03": {
            "month": "2021-03",
            "price": "19.35",
            "revenue": 114902
        },
        "2021-04": {
            "month": "2021-04",
            "price": "24.09",
            "revenue": 92363
        },
        "2021-05": {
            "month": "2021-05",
            "price": "25.94",
            "revenue": 113038
        },
        "2021-06": {
            "month": "2021-06",
            "price": "25.91",
            "revenue": 133152
        },
        "2021-07": {
            "month": "2021-07",
            "price": "25.80",
            "revenue": 99620
        },
        "2021-08": {
            "month": "2021-08",
            "price": "26.36",
            "revenue": 105274
        },
        "2021-09": {
            "month": "2021-09",
            "price": "28.43",
            "revenue": 145739
        },
        "2021-10": {
            "month": "2021-10",
            "price": "27.51",
            "revenue": 91747
        },
        "2021-11": {
            "month": "2021-11",
            "price": "26.34",
            "revenue": 144336
        },
        "2021-12": {
            "month": "2021-12",
            "price": "27.27",
            "revenue": 106521
        },
        "2022-01": {
            "month": "2022-01",
            "price": "27.60",
            "revenue": 119216
        },
        "2022-02": {
            "month": "2022-02",
            "price": "27.05",
            "revenue": 101197
        },
        "2022-03": {
            "month": "2022-03",
            "price": "26.07",
            "revenue": 112219
        },
        "2022-04": {
            "month": "2022-04",
            "price": "26.08",
            "revenue": 91326
        },
        "2022-05": {
            "month": "2022-05",
            "price": "25.78",
            "revenue": 111431
        },
        "2022-06": {
            "month": "2022-06",
            "price": "25.81",
            "revenue": 125744
        },
        "2022-07": {
            "month": "2022-07",
            "price": "21.90",
            "revenue": 103839
        },
        "2022-08": {
            "month": "2022-08",
            "price": "21.26",
            "revenue": 124080
        },
        "2022-09": {
            "month": "2022-09",
            "price": "21.24",
            "revenue": 143337
        },
        "2022-10": {
            "month": "2022-10",
            "price": "20.57",
            "revenue": 115951
        },
        "2022-11": {
            "month": "2022-11",
            "price": "20.36",
            "revenue": 136253
        },
        "2022-12": {
            "month": "2022-12",
            "price": "23.51",
            "revenue": 153231
        },
        "2023-01": {
            "month": "2023-01",
            "price": "28.50",
            "revenue": 126947
        },
        "2023-02": {
            "month": "2023-02",
            "price": "38.77",
            "revenue": 116931
        },
        "2023-03": {
            "month": "2023-03",
            "price": "39.01",
            "revenue": 180641
        },
        "2023-04": {
            "month": "2023-04",
            "price": "41.57",
            "revenue": 114210
        },
        "2023-05": {
            "month": "2023-05",
            "price": "40.15",
            "revenue": 137324
        },
        "2023-06": {
            "month": "2023-06",
            "price": "53.22",
            "revenue": 144087
        },
        "2023-07": {
            "month": "2023-07",
            "price": "65.56",
            "revenue": 160782
        },
        "2023-08": {
            "month": "2023-08",
            "price": "64.87",
            "revenue": 140915
        }
    }
}
