{
    "summary": {
        "stock_name": "英利-KY",
        "stock_id": "2239",
        "category": "汽車",
        "main_business": "生產汽車零組件、沖壓產品、熱壓成型產品<br>模具設計",
        "website_url": "http://www.engley.com.tw",
        "ceo": "林上琦",
        "pe_ratio": 32,
        "report_year_from": 2014,
        "report_year_to": 2023,
        "age": 10,
        "eps_negative_percentage": 11,
        "eps_growth_avg": {
            "last_all": -27.74,
            "last_2y": -47.07,
            "last_4y": -42.35,
            "last_8y": null,
            "last_12y": null,
            "last_16y": null,
            "last_20y": null,
            "at_2006_last_3y": null,
            "at_2007_last_3y": null,
            "at_2008_last_3y": null,
            "at_2009_last_3y": null,
            "at_2010_last_3y": null,
            "at_2011_last_3y": null,
            "at_2012_last_3y": null,
            "at_2013_last_3y": null,
            "at_2014_last_3y": null,
            "at_2015_last_3y": null,
            "at_2016_last_3y": null,
            "at_2017_last_3y": null,
            "at_2018_last_3y": null,
            "at_2019_last_3y": -13.87,
            "at_2020_last_3y": -20.81,
            "at_2021_last_3y": -7.47,
            "at_2022_last_3y": -27.94,
            "at_2023_last_3y": -41.62,
            "at_2024_last_3y": -41.62,
            "at_2006_last_all": null,
            "at_2007_last_all": null,
            "at_2008_last_all": null,
            "at_2009_last_all": null,
            "at_2010_last_all": null,
            "at_2011_last_all": null,
            "at_2012_last_all": null,
            "at_2013_last_all": null,
            "at_2014_last_all": null,
            "at_2015_last_all": null,
            "at_2016_last_all": null,
            "at_2017_last_all": -6.33,
            "at_2018_last_all": -3.4,
            "at_2019_last_all": -13.87,
            "at_2020_last_all": -16.15,
            "at_2021_last_all": -7.09,
            "at_2022_last_all": -17.42,
            "at_2023_last_all": -27.74,
            "at_2024_last_all": -27.74
        },
        "latest_eps": 1.77,
        "latest_price": 57.1,
        "latest_roe": 2.11,
        "latest_gross_margin": 13.26,
        "latest_equity": 15392816,
        "latest_revenue": 6132430,
        "latest_gross_profit": 813355,
        "latest_net_income": 87372,
        "latest_debt_ratio": 58.23,
        "latest_current_ratio": 131.7,
        "latest_account_receivable_turnover_ratio": 0.94,
        "latest_inventory_turnover_ratio": 1,
        "latest_reinvestment_rate": 199.23,
        "latest_research_to_sale_ratio": 3.76
    },
    "eps_dividends": {
        "2001": {
            "cash": 0,
            "stock": 0,
            "eps": 0
        },
        "2002": {
            "cash": 0,
            "stock": 0,
            "eps": 0
        },
        "2003": {
            "cash": 0,
            "stock": 0,
            "eps": 0
        },
        "2004": {
            "cash": 0,
            "stock": 0,
            "eps": 0
        },
        "2005": {
            "cash": 0,
            "stock": 0,
            "eps": 0
        },
        "2006": {
            "cash": 0,
            "stock": 0,
            "eps": 0
        },
        "2007": {
            "cash": 0,
            "stock": 0,
            "eps": 0
        },
        "2008": {
            "cash": 0,
            "stock": 0,
            "eps": 0
        },
        "2009": {
            "cash": 0,
            "stock": 0,
            "eps": 0
        },
        "2010": {
            "cash": 0,
            "stock": 0,
            "eps": 0
        },
        "2011": {
            "cash": 0,
            "stock": 0,
            "eps": 0
        },
        "2012": {
            "cash": 0,
            "stock": 0,
            "eps": 0
        },
        "2013": {
            "cash": 0,
            "stock": 0,
            "eps": 0
        },
        "2014": {
            "cash": 0,
            "stock": 0,
            "eps": 0
        },
        "2015": {
            "cash": 0,
            "stock": 0,
            "eps": 11.2
        },
        "2016": {
            "cash": 4,
            "stock": 0,
            "eps": 11.48
        },
        "2017": {
            "cash": 4.5,
            "stock": 0,
            "eps": 9.74
        },
        "2018": {
            "cash": 3.9,
            "stock": 0,
            "eps": 9.98
        },
        "2019": {
            "cash": 4.5,
            "stock": 0,
            "eps": 5.46
        },
        "2020": {
            "cash": 2.5,
            "stock": 0,
            "eps": 4.08
        },
        "2021": {
            "cash": 1.85,
            "stock": 0,
            "eps": 5.64
        },
        "2022": {
            "cash": 2.5,
            "stock": 0,
            "eps": 1.16
        },
        "2023": {
            "cash": 0.47,
            "stock": 0,
            "eps": -0.13
        }
    },
    "dividends": {
        "2016-09-14": {
            "cash": 4,
            "stock": 0
        },
        "2017-09-15": {
            "cash": 4.5,
            "stock": 0
        },
        "2018-07-20": {
            "cash": 3.9,
            "stock": 0
        },
        "2019-11-15": {
            "cash": 4.5,
            "stock": 0
        },
        "2020-09-15": {
            "cash": 2.5,
            "stock": 0
        },
        "2021-10-29": {
            "cash": 1.85,
            "stock": 0
        },
        "2022-08-11": {
            "cash": 2.5,
            "stock": 0
        },
        "2023-08-11": {
            "cash": 0.47,
            "stock": 0
        }
    },
    "prices": {
        "200101": "無",
        "200102": "無",
        "200103": "無",
        "200104": "無",
        "200105": "無",
        "200106": "無",
        "200107": "無",
        "200108": "無",
        "200109": "無",
        "200110": "無",
        "200111": "無",
        "200112": "無",
        "200201": "無",
        "200202": "無",
        "200203": "無",
        "200204": "無",
        "200205": "無",
        "200206": "無",
        "200207": "無",
        "200208": "無",
        "200209": "無",
        "200210": "無",
        "200211": "無",
        "200212": "無",
        "200301": "無",
        "200302": "無",
        "200303": "無",
        "200304": "無",
        "200305": "無",
        "200306": "無",
        "200307": "無",
        "200308": "無",
        "200309": "無",
        "200310": "無",
        "200311": "無",
        "200312": "無",
        "200401": "無",
        "200402": "無",
        "200403": "無",
        "200404": "無",
        "200405": "無",
        "200406": "無",
        "200407": "無",
        "200408": "無",
        "200409": "無",
        "200410": "無",
        "200411": "無",
        "200412": "無",
        "200501": "無",
        "200502": "無",
        "200503": "無",
        "200504": "無",
        "200505": "無",
        "200506": "無",
        "200507": "無",
        "200508": "無",
        "200509": "無",
        "200510": "無",
        "200511": "無",
        "200512": "無",
        "200601": "無",
        "200602": "無",
        "200603": "無",
        "200604": "無",
        "200605": "無",
        "200606": "無",
        "200607": "無",
        "200608": "無",
        "200609": "無",
        "200610": "無",
        "200611": "無",
        "200612": "無",
        "200701": "無",
        "200702": "無",
        "200703": "無",
        "200704": "無",
        "200705": "無",
        "200706": "無",
        "200707": "無",
        "200708": "無",
        "200709": "無",
        "200710": "無",
        "200711": "無",
        "200712": "無",
        "200801": "無",
        "200802": "無",
        "200803": "無",
        "200804": "無",
        "200805": "無",
        "200806": "無",
        "200807": "無",
        "200808": "無",
        "200809": "無",
        "200810": "無",
        "200811": "無",
        "200812": "無",
        "200901": "無",
        "200902": "無",
        "200903": "無",
        "200904": "無",
        "200905": "無",
        "200906": "無",
        "200907": "無",
        "200908": "無",
        "200909": "無",
        "200910": "無",
        "200911": "無",
        "200912": "無",
        "201001": "無",
        "201002": "無",
        "201003": "無",
        "201004": "無",
        "201005": "無",
        "201006": "無",
        "201007": "無",
        "201008": "無",
        "201009": "無",
        "201010": "無",
        "201011": "無",
        "201012": "無",
        "201101": "無",
        "201102": "無",
        "201103": "無",
        "201104": "無",
        "201105": "無",
        "201106": "無",
        "201107": "無",
        "201108": "無",
        "201109": "無",
        "201110": "無",
        "201111": "無",
        "201112": "無",
        "201201": "無",
        "201202": "無",
        "201203": "無",
        "201204": "無",
        "201205": "無",
        "201206": "無",
        "201207": "無",
        "201208": "無",
        "201209": "無",
        "201210": "無",
        "201211": "無",
        "201212": "無",
        "201301": "無",
        "201302": "無",
        "201303": "無",
        "201304": "無",
        "201305": "無",
        "201306": "無",
        "201307": "無",
        "201308": "無",
        "201309": "無",
        "201310": "無",
        "201311": "無",
        "201312": "無",
        "201401": "無",
        "201402": "無",
        "201403": "無",
        "201404": "無",
        "201405": "無",
        "201406": "無",
        "201407": "無",
        "201408": "無",
        "201409": "無",
        "201410": "無",
        "201411": "無",
        "201412": "無",
        "201501": "無",
        "201502": "無",
        "201503": "無",
        "201504": "無",
        "201505": "無",
        "201506": "無",
        "201507": "無",
        "201508": "無",
        "201509": "147.30",
        "201510": "159.45",
        "201511": "169.71",
        "201512": "183.90",
        "201601": "143.38",
        "201602": "158.77",
        "201603": "170.50",
        "201604": "161.53",
        "201605": "158.93",
        "201606": "164.95",
        "201607": "166.00",
        "201608": "202.72",
        "201609": "203.68",
        "201610": "186.12",
        "201611": "174.09",
        "201612": "179.11",
        "201701": "186.59",
        "201702": "186.14",
        "201703": "176.63",
        "201704": "153.61",
        "201705": "164.38",
        "201706": "163.78",
        "201707": "160.14",
        "201708": "156.91",
        "201709": "171.66",
        "201710": "180.97",
        "201711": "155.25",
        "201712": "142.67",
        "201801": "160.50",
        "201802": "155.42",
        "201803": "165.39",
        "201804": "157.28",
        "201805": "154.91",
        "201806": "167.90",
        "201807": "160.09",
        "201808": "157.72",
        "201809": "147.71",
        "201810": "124.23",
        "201811": "116.75",
        "201812": "122.05",
        "201901": "124.60",
        "201902": "128.00",
        "201903": "129.98",
        "201904": "124.92",
        "201905": "113.02",
        "201906": "105.71",
        "201907": "107.11",
        "201908": "99.08",
        "201909": "100.57",
        "201910": "99.87",
        "201911": "94.34",
        "201912": "93.66",
        "202001": "93.84",
        "202002": "81.75",
        "202003": "59.83",
        "202004": "57.91",
        "202005": "60.09",
        "202006": "83.45",
        "202007": "77.63",
        "202008": "75.88",
        "202009": "76.96",
        "202010": "78.29",
        "202011": "90.53",
        "202012": "97.20",
        "202101": "109.70",
        "202102": "102.08",
        "202103": "99.20",
        "202104": "106.47",
        "202105": "90.36",
        "202106": "89.80",
        "202107": "88.64",
        "202108": "76.31",
        "202109": "66.46",
        "202110": "61.51",
        "202111": "72.33",
        "202112": "82.06",
        "202201": "84.89",
        "202202": "80.54",
        "202203": "72.95",
        "202204": "70.47",
        "202205": "60.58",
        "202206": "57.24",
        "202207": "58.09",
        "202208": "65.74",
        "202209": "75.03",
        "202210": "67.28",
        "202211": "61.73",
        "202212": "61.18",
        "202301": "60.35",
        "202302": "63.52",
        "202303": "67.96",
        "202304": "73.82",
        "202305": "75.22",
        "202306": "81.02",
        "202307": "72.77",
        "202308": "65.12",
        "202309": "61.36",
        "202310": "57.04",
        "202311": "58.59",
        "202312": "60.03"
    },
    "quarters": {
        "20011": {
            "year_quarter": 20011,
            "year": 2001,
            "quarter": 1,
            "eps": null,
            "eps_growth_year": null,
            "eps_4q": null,
            "eps_4q_growth_year": null,
            "roe": null,
            "roe_4q": 0,
            "gross_profit": null,
            "gross_margin": null,
            "gross_margin_4q_avg": 0,
            "net_income": null,
            "net_income_4q": null,
            "revenue": null,
            "revenue_4q": null,
            "common_shares": null,
            "book_valuer_per_share": null,
            "book_valuer_per_share_4q_avg": 0,
            "equity": null,
            "current_ratio": null,
            "debt_ratio": null,
            "inventory_turnover_ratio": null,
            "account_receivable_turnover_ratio": null,
            "reinvestment_rate": null,
            "research_to_sale_ratio": null,
            "price_fair": 0,
            "eps_avg_yearly": 0,
            "eps_latest_yearly": 0,
            "eps_growth_yearly": 0
        },
        "20012": {
            "year_quarter": 20012,
            "year": 2001,
            "quarter": 2,
            "eps": null,
            "eps_growth_year": null,
            "eps_4q": null,
            "eps_4q_growth_year": null,
            "roe": null,
            "roe_4q": 0,
            "gross_profit": null,
            "gross_margin": null,
            "gross_margin_4q_avg": 0,
            "net_income": null,
            "net_income_4q": null,
            "revenue": null,
            "revenue_4q": null,
            "common_shares": null,
            "book_valuer_per_share": null,
            "book_valuer_per_share_4q_avg": 0,
            "equity": null,
            "current_ratio": null,
            "debt_ratio": null,
            "inventory_turnover_ratio": null,
            "account_receivable_turnover_ratio": null,
            "reinvestment_rate": null,
            "research_to_sale_ratio": null,
            "price_fair": 0,
            "eps_avg_yearly": 0,
            "eps_latest_yearly": 0,
            "eps_growth_yearly": 0
        },
        "20013": {
            "year_quarter": 20013,
            "year": 2001,
            "quarter": 3,
            "eps": null,
            "eps_growth_year": null,
            "eps_4q": null,
            "eps_4q_growth_year": null,
            "roe": null,
            "roe_4q": 0,
            "gross_profit": null,
            "gross_margin": null,
            "gross_margin_4q_avg": 0,
            "net_income": null,
            "net_income_4q": null,
            "revenue": null,
            "revenue_4q": null,
            "common_shares": null,
            "book_valuer_per_share": null,
            "book_valuer_per_share_4q_avg": 0,
            "equity": null,
            "current_ratio": null,
            "debt_ratio": null,
            "inventory_turnover_ratio": null,
            "account_receivable_turnover_ratio": null,
            "reinvestment_rate": null,
            "research_to_sale_ratio": null,
            "price_fair": 0,
            "eps_avg_yearly": 0,
            "eps_latest_yearly": 0,
            "eps_growth_yearly": 0
        },
        "20014": {
            "year_quarter": 20014,
            "year": 2001,
            "quarter": 4,
            "eps": null,
            "eps_growth_year": null,
            "eps_4q": null,
            "eps_4q_growth_year": null,
            "roe": null,
            "roe_4q": 0,
            "gross_profit": null,
            "gross_margin": null,
            "gross_margin_4q_avg": 0,
            "net_income": null,
            "net_income_4q": null,
            "revenue": null,
            "revenue_4q": null,
            "common_shares": null,
            "book_valuer_per_share": null,
            "book_valuer_per_share_4q_avg": 0,
            "equity": null,
            "current_ratio": null,
            "debt_ratio": null,
            "inventory_turnover_ratio": null,
            "account_receivable_turnover_ratio": null,
            "reinvestment_rate": null,
            "research_to_sale_ratio": null,
            "price_fair": 0,
            "eps_avg_yearly": 0,
            "eps_latest_yearly": 0,
            "eps_growth_yearly": 0
        },
        "20021": {
            "year_quarter": 20021,
            "year": 2002,
            "quarter": 1,
            "eps": null,
            "eps_growth_year": null,
            "eps_4q": null,
            "eps_4q_growth_year": null,
            "roe": null,
            "roe_4q": 0,
            "gross_profit": null,
            "gross_margin": null,
            "gross_margin_4q_avg": 0,
            "net_income": null,
            "net_income_4q": null,
            "revenue": null,
            "revenue_4q": null,
            "common_shares": null,
            "book_valuer_per_share": null,
            "book_valuer_per_share_4q_avg": 0,
            "equity": null,
            "current_ratio": null,
            "debt_ratio": null,
            "inventory_turnover_ratio": null,
            "account_receivable_turnover_ratio": null,
            "reinvestment_rate": null,
            "research_to_sale_ratio": null,
            "price_fair": 0,
            "eps_avg_yearly": 0,
            "eps_latest_yearly": 0,
            "eps_growth_yearly": 0
        },
        "20022": {
            "year_quarter": 20022,
            "year": 2002,
            "quarter": 2,
            "eps": null,
            "eps_growth_year": null,
            "eps_4q": null,
            "eps_4q_growth_year": null,
            "roe": null,
            "roe_4q": 0,
            "gross_profit": null,
            "gross_margin": null,
            "gross_margin_4q_avg": 0,
            "net_income": null,
            "net_income_4q": null,
            "revenue": null,
            "revenue_4q": null,
            "common_shares": null,
            "book_valuer_per_share": null,
            "book_valuer_per_share_4q_avg": 0,
            "equity": null,
            "current_ratio": null,
            "debt_ratio": null,
            "inventory_turnover_ratio": null,
            "account_receivable_turnover_ratio": null,
            "reinvestment_rate": null,
            "research_to_sale_ratio": null,
            "price_fair": 0,
            "eps_avg_yearly": 0,
            "eps_latest_yearly": 0,
            "eps_growth_yearly": 0
        },
        "20023": {
            "year_quarter": 20023,
            "year": 2002,
            "quarter": 3,
            "eps": null,
            "eps_growth_year": null,
            "eps_4q": null,
            "eps_4q_growth_year": null,
            "roe": null,
            "roe_4q": 0,
            "gross_profit": null,
            "gross_margin": null,
            "gross_margin_4q_avg": 0,
            "net_income": null,
            "net_income_4q": null,
            "revenue": null,
            "revenue_4q": null,
            "common_shares": null,
            "book_valuer_per_share": null,
            "book_valuer_per_share_4q_avg": 0,
            "equity": null,
            "current_ratio": null,
            "debt_ratio": null,
            "inventory_turnover_ratio": null,
            "account_receivable_turnover_ratio": null,
            "reinvestment_rate": null,
            "research_to_sale_ratio": null,
            "price_fair": 0,
            "eps_avg_yearly": 0,
            "eps_latest_yearly": 0,
            "eps_growth_yearly": 0
        },
        "20024": {
            "year_quarter": 20024,
            "year": 2002,
            "quarter": 4,
            "eps": null,
            "eps_growth_year": null,
            "eps_4q": null,
            "eps_4q_growth_year": null,
            "roe": null,
            "roe_4q": 0,
            "gross_profit": null,
            "gross_margin": null,
            "gross_margin_4q_avg": 0,
            "net_income": null,
            "net_income_4q": null,
            "revenue": null,
            "revenue_4q": null,
            "common_shares": null,
            "book_valuer_per_share": null,
            "book_valuer_per_share_4q_avg": 0,
            "equity": null,
            "current_ratio": null,
            "debt_ratio": null,
            "inventory_turnover_ratio": null,
            "account_receivable_turnover_ratio": null,
            "reinvestment_rate": null,
            "research_to_sale_ratio": null,
            "price_fair": 0,
            "eps_avg_yearly": 0,
            "eps_latest_yearly": 0,
            "eps_growth_yearly": 0
        },
        "20031": {
            "year_quarter": 20031,
            "year": 2003,
            "quarter": 1,
            "eps": null,
            "eps_growth_year": null,
            "eps_4q": null,
            "eps_4q_growth_year": null,
            "roe": null,
            "roe_4q": 0,
            "gross_profit": null,
            "gross_margin": null,
            "gross_margin_4q_avg": 0,
            "net_income": null,
            "net_income_4q": null,
            "revenue": null,
            "revenue_4q": null,
            "common_shares": null,
            "book_valuer_per_share": null,
            "book_valuer_per_share_4q_avg": 0,
            "equity": null,
            "current_ratio": null,
            "debt_ratio": null,
            "inventory_turnover_ratio": null,
            "account_receivable_turnover_ratio": null,
            "reinvestment_rate": null,
            "research_to_sale_ratio": null,
            "price_fair": 0,
            "eps_avg_yearly": 0,
            "eps_latest_yearly": 0,
            "eps_growth_yearly": 0
        },
        "20032": {
            "year_quarter": 20032,
            "year": 2003,
            "quarter": 2,
            "eps": null,
            "eps_growth_year": null,
            "eps_4q": null,
            "eps_4q_growth_year": null,
            "roe": null,
            "roe_4q": 0,
            "gross_profit": null,
            "gross_margin": null,
            "gross_margin_4q_avg": 0,
            "net_income": null,
            "net_income_4q": null,
            "revenue": null,
            "revenue_4q": null,
            "common_shares": null,
            "book_valuer_per_share": null,
            "book_valuer_per_share_4q_avg": 0,
            "equity": null,
            "current_ratio": null,
            "debt_ratio": null,
            "inventory_turnover_ratio": null,
            "account_receivable_turnover_ratio": null,
            "reinvestment_rate": null,
            "research_to_sale_ratio": null,
            "price_fair": 0,
            "eps_avg_yearly": 0,
            "eps_latest_yearly": 0,
            "eps_growth_yearly": 0
        },
        "20033": {
            "year_quarter": 20033,
            "year": 2003,
            "quarter": 3,
            "eps": null,
            "eps_growth_year": null,
            "eps_4q": null,
            "eps_4q_growth_year": null,
            "roe": null,
            "roe_4q": 0,
            "gross_profit": null,
            "gross_margin": null,
            "gross_margin_4q_avg": 0,
            "net_income": null,
            "net_income_4q": null,
            "revenue": null,
            "revenue_4q": null,
            "common_shares": null,
            "book_valuer_per_share": null,
            "book_valuer_per_share_4q_avg": 0,
            "equity": null,
            "current_ratio": null,
            "debt_ratio": null,
            "inventory_turnover_ratio": null,
            "account_receivable_turnover_ratio": null,
            "reinvestment_rate": null,
            "research_to_sale_ratio": null,
            "price_fair": 0,
            "eps_avg_yearly": 0,
            "eps_latest_yearly": 0,
            "eps_growth_yearly": 0
        },
        "20034": {
            "year_quarter": 20034,
            "year": 2003,
            "quarter": 4,
            "eps": null,
            "eps_growth_year": null,
            "eps_4q": null,
            "eps_4q_growth_year": null,
            "roe": null,
            "roe_4q": 0,
            "gross_profit": null,
            "gross_margin": null,
            "gross_margin_4q_avg": 0,
            "net_income": null,
            "net_income_4q": null,
            "revenue": null,
            "revenue_4q": null,
            "common_shares": null,
            "book_valuer_per_share": null,
            "book_valuer_per_share_4q_avg": 0,
            "equity": null,
            "current_ratio": null,
            "debt_ratio": null,
            "inventory_turnover_ratio": null,
            "account_receivable_turnover_ratio": null,
            "reinvestment_rate": null,
            "research_to_sale_ratio": null,
            "price_fair": 0,
            "eps_avg_yearly": 0,
            "eps_latest_yearly": 0,
            "eps_growth_yearly": 0
        },
        "20041": {
            "year_quarter": 20041,
            "year": 2004,
            "quarter": 1,
            "eps": null,
            "eps_growth_year": null,
            "eps_4q": null,
            "eps_4q_growth_year": null,
            "roe": null,
            "roe_4q": 0,
            "gross_profit": null,
            "gross_margin": null,
            "gross_margin_4q_avg": 0,
            "net_income": null,
            "net_income_4q": null,
            "revenue": null,
            "revenue_4q": null,
            "common_shares": null,
            "book_valuer_per_share": null,
            "book_valuer_per_share_4q_avg": 0,
            "equity": null,
            "current_ratio": null,
            "debt_ratio": null,
            "inventory_turnover_ratio": null,
            "account_receivable_turnover_ratio": null,
            "reinvestment_rate": null,
            "research_to_sale_ratio": null,
            "price_fair": 0,
            "eps_avg_yearly": 0,
            "eps_latest_yearly": 0,
            "eps_growth_yearly": 0
        },
        "20042": {
            "year_quarter": 20042,
            "year": 2004,
            "quarter": 2,
            "eps": null,
            "eps_growth_year": null,
            "eps_4q": null,
            "eps_4q_growth_year": null,
            "roe": null,
            "roe_4q": 0,
            "gross_profit": null,
            "gross_margin": null,
            "gross_margin_4q_avg": 0,
            "net_income": null,
            "net_income_4q": null,
            "revenue": null,
            "revenue_4q": null,
            "common_shares": null,
            "book_valuer_per_share": null,
            "book_valuer_per_share_4q_avg": 0,
            "equity": null,
            "current_ratio": null,
            "debt_ratio": null,
            "inventory_turnover_ratio": null,
            "account_receivable_turnover_ratio": null,
            "reinvestment_rate": null,
            "research_to_sale_ratio": null,
            "price_fair": 0,
            "eps_avg_yearly": 0,
            "eps_latest_yearly": 0,
            "eps_growth_yearly": 0
        },
        "20043": {
            "year_quarter": 20043,
            "year": 2004,
            "quarter": 3,
            "eps": null,
            "eps_growth_year": null,
            "eps_4q": null,
            "eps_4q_growth_year": null,
            "roe": null,
            "roe_4q": 0,
            "gross_profit": null,
            "gross_margin": null,
            "gross_margin_4q_avg": 0,
            "net_income": null,
            "net_income_4q": null,
            "revenue": null,
            "revenue_4q": null,
            "common_shares": null,
            "book_valuer_per_share": null,
            "book_valuer_per_share_4q_avg": 0,
            "equity": null,
            "current_ratio": null,
            "debt_ratio": null,
            "inventory_turnover_ratio": null,
            "account_receivable_turnover_ratio": null,
            "reinvestment_rate": null,
            "research_to_sale_ratio": null,
            "price_fair": 0,
            "eps_avg_yearly": 0,
            "eps_latest_yearly": 0,
            "eps_growth_yearly": 0
        },
        "20044": {
            "year_quarter": 20044,
            "year": 2004,
            "quarter": 4,
            "eps": null,
            "eps_growth_year": null,
            "eps_4q": null,
            "eps_4q_growth_year": null,
            "roe": null,
            "roe_4q": 0,
            "gross_profit": null,
            "gross_margin": null,
            "gross_margin_4q_avg": 0,
            "net_income": null,
            "net_income_4q": null,
            "revenue": null,
            "revenue_4q": null,
            "common_shares": null,
            "book_valuer_per_share": null,
            "book_valuer_per_share_4q_avg": 0,
            "equity": null,
            "current_ratio": null,
            "debt_ratio": null,
            "inventory_turnover_ratio": null,
            "account_receivable_turnover_ratio": null,
            "reinvestment_rate": null,
            "research_to_sale_ratio": null,
            "price_fair": 0,
            "eps_avg_yearly": 0,
            "eps_latest_yearly": 0,
            "eps_growth_yearly": 0
        },
        "20051": {
            "year_quarter": 20051,
            "year": 2005,
            "quarter": 1,
            "eps": null,
            "eps_growth_year": null,
            "eps_4q": null,
            "eps_4q_growth_year": null,
            "roe": null,
            "roe_4q": 0,
            "gross_profit": null,
            "gross_margin": null,
            "gross_margin_4q_avg": 0,
            "net_income": null,
            "net_income_4q": null,
            "revenue": null,
            "revenue_4q": null,
            "common_shares": null,
            "book_valuer_per_share": null,
            "book_valuer_per_share_4q_avg": 0,
            "equity": null,
            "current_ratio": null,
            "debt_ratio": null,
            "inventory_turnover_ratio": null,
            "account_receivable_turnover_ratio": null,
            "reinvestment_rate": null,
            "research_to_sale_ratio": null,
            "price_fair": 0,
            "eps_avg_yearly": 0,
            "eps_latest_yearly": 0,
            "eps_growth_yearly": 0
        },
        "20052": {
            "year_quarter": 20052,
            "year": 2005,
            "quarter": 2,
            "eps": null,
            "eps_growth_year": null,
            "eps_4q": null,
            "eps_4q_growth_year": null,
            "roe": null,
            "roe_4q": 0,
            "gross_profit": null,
            "gross_margin": null,
            "gross_margin_4q_avg": 0,
            "net_income": null,
            "net_income_4q": null,
            "revenue": null,
            "revenue_4q": null,
            "common_shares": null,
            "book_valuer_per_share": null,
            "book_valuer_per_share_4q_avg": 0,
            "equity": null,
            "current_ratio": null,
            "debt_ratio": null,
            "inventory_turnover_ratio": null,
            "account_receivable_turnover_ratio": null,
            "reinvestment_rate": null,
            "research_to_sale_ratio": null,
            "price_fair": 0,
            "eps_avg_yearly": 0,
            "eps_latest_yearly": 0,
            "eps_growth_yearly": 0
        },
        "20053": {
            "year_quarter": 20053,
            "year": 2005,
            "quarter": 3,
            "eps": null,
            "eps_growth_year": null,
            "eps_4q": null,
            "eps_4q_growth_year": null,
            "roe": null,
            "roe_4q": 0,
            "gross_profit": null,
            "gross_margin": null,
            "gross_margin_4q_avg": 0,
            "net_income": null,
            "net_income_4q": null,
            "revenue": null,
            "revenue_4q": null,
            "common_shares": null,
            "book_valuer_per_share": null,
            "book_valuer_per_share_4q_avg": 0,
            "equity": null,
            "current_ratio": null,
            "debt_ratio": null,
            "inventory_turnover_ratio": null,
            "account_receivable_turnover_ratio": null,
            "reinvestment_rate": null,
            "research_to_sale_ratio": null,
            "price_fair": 0,
            "eps_avg_yearly": 0,
            "eps_latest_yearly": 0,
            "eps_growth_yearly": 0
        },
        "20054": {
            "year_quarter": 20054,
            "year": 2005,
            "quarter": 4,
            "eps": null,
            "eps_growth_year": null,
            "eps_4q": null,
            "eps_4q_growth_year": null,
            "roe": null,
            "roe_4q": 0,
            "gross_profit": null,
            "gross_margin": null,
            "gross_margin_4q_avg": 0,
            "net_income": null,
            "net_income_4q": null,
            "revenue": null,
            "revenue_4q": null,
            "common_shares": null,
            "book_valuer_per_share": null,
            "book_valuer_per_share_4q_avg": 0,
            "equity": null,
            "current_ratio": null,
            "debt_ratio": null,
            "inventory_turnover_ratio": null,
            "account_receivable_turnover_ratio": null,
            "reinvestment_rate": null,
            "research_to_sale_ratio": null,
            "price_fair": 0,
            "eps_avg_yearly": 0,
            "eps_latest_yearly": 0,
            "eps_growth_yearly": 0
        },
        "20061": {
            "year_quarter": 20061,
            "year": 2006,
            "quarter": 1,
            "eps": null,
            "eps_growth_year": null,
            "eps_4q": null,
            "eps_4q_growth_year": null,
            "roe": null,
            "roe_4q": 0,
            "gross_profit": null,
            "gross_margin": null,
            "gross_margin_4q_avg": 0,
            "net_income": null,
            "net_income_4q": null,
            "revenue": null,
            "revenue_4q": null,
            "common_shares": null,
            "book_valuer_per_share": null,
            "book_valuer_per_share_4q_avg": 0,
            "equity": null,
            "current_ratio": null,
            "debt_ratio": null,
            "inventory_turnover_ratio": null,
            "account_receivable_turnover_ratio": null,
            "reinvestment_rate": null,
            "research_to_sale_ratio": null,
            "price_fair": 0,
            "eps_avg_yearly": 0,
            "eps_latest_yearly": 0,
            "eps_growth_yearly": 0
        },
        "20062": {
            "year_quarter": 20062,
            "year": 2006,
            "quarter": 2,
            "eps": null,
            "eps_growth_year": null,
            "eps_4q": null,
            "eps_4q_growth_year": null,
            "roe": null,
            "roe_4q": 0,
            "gross_profit": null,
            "gross_margin": null,
            "gross_margin_4q_avg": 0,
            "net_income": null,
            "net_income_4q": null,
            "revenue": null,
            "revenue_4q": null,
            "common_shares": null,
            "book_valuer_per_share": null,
            "book_valuer_per_share_4q_avg": 0,
            "equity": null,
            "current_ratio": null,
            "debt_ratio": null,
            "inventory_turnover_ratio": null,
            "account_receivable_turnover_ratio": null,
            "reinvestment_rate": null,
            "research_to_sale_ratio": null,
            "price_fair": 0,
            "eps_avg_yearly": 0,
            "eps_latest_yearly": 0,
            "eps_growth_yearly": 0
        },
        "20063": {
            "year_quarter": 20063,
            "year": 2006,
            "quarter": 3,
            "eps": null,
            "eps_growth_year": null,
            "eps_4q": null,
            "eps_4q_growth_year": null,
            "roe": null,
            "roe_4q": 0,
            "gross_profit": null,
            "gross_margin": null,
            "gross_margin_4q_avg": 0,
            "net_income": null,
            "net_income_4q": null,
            "revenue": null,
            "revenue_4q": null,
            "common_shares": null,
            "book_valuer_per_share": null,
            "book_valuer_per_share_4q_avg": 0,
            "equity": null,
            "current_ratio": null,
            "debt_ratio": null,
            "inventory_turnover_ratio": null,
            "account_receivable_turnover_ratio": null,
            "reinvestment_rate": null,
            "research_to_sale_ratio": null,
            "price_fair": 0,
            "eps_avg_yearly": 0,
            "eps_latest_yearly": 0,
            "eps_growth_yearly": 0
        },
        "20064": {
            "year_quarter": 20064,
            "year": 2006,
            "quarter": 4,
            "eps": null,
            "eps_growth_year": null,
            "eps_4q": null,
            "eps_4q_growth_year": null,
            "roe": null,
            "roe_4q": 0,
            "gross_profit": null,
            "gross_margin": null,
            "gross_margin_4q_avg": 0,
            "net_income": null,
            "net_income_4q": null,
            "revenue": null,
            "revenue_4q": null,
            "common_shares": null,
            "book_valuer_per_share": null,
            "book_valuer_per_share_4q_avg": 0,
            "equity": null,
            "current_ratio": null,
            "debt_ratio": null,
            "inventory_turnover_ratio": null,
            "account_receivable_turnover_ratio": null,
            "reinvestment_rate": null,
            "research_to_sale_ratio": null,
            "price_fair": 0,
            "eps_avg_yearly": 0,
            "eps_latest_yearly": 0,
            "eps_growth_yearly": 0
        },
        "20071": {
            "year_quarter": 20071,
            "year": 2007,
            "quarter": 1,
            "eps": null,
            "eps_growth_year": null,
            "eps_4q": null,
            "eps_4q_growth_year": null,
            "roe": null,
            "roe_4q": 0,
            "gross_profit": null,
            "gross_margin": null,
            "gross_margin_4q_avg": 0,
            "net_income": null,
            "net_income_4q": null,
            "revenue": null,
            "revenue_4q": null,
            "common_shares": null,
            "book_valuer_per_share": null,
            "book_valuer_per_share_4q_avg": 0,
            "equity": null,
            "current_ratio": null,
            "debt_ratio": null,
            "inventory_turnover_ratio": null,
            "account_receivable_turnover_ratio": null,
            "reinvestment_rate": null,
            "research_to_sale_ratio": null,
            "price_fair": 0,
            "eps_avg_yearly": 0,
            "eps_latest_yearly": 0,
            "eps_growth_yearly": 0
        },
        "20072": {
            "year_quarter": 20072,
            "year": 2007,
            "quarter": 2,
            "eps": null,
            "eps_growth_year": null,
            "eps_4q": null,
            "eps_4q_growth_year": null,
            "roe": null,
            "roe_4q": 0,
            "gross_profit": null,
            "gross_margin": null,
            "gross_margin_4q_avg": 0,
            "net_income": null,
            "net_income_4q": null,
            "revenue": null,
            "revenue_4q": null,
            "common_shares": null,
            "book_valuer_per_share": null,
            "book_valuer_per_share_4q_avg": 0,
            "equity": null,
            "current_ratio": null,
            "debt_ratio": null,
            "inventory_turnover_ratio": null,
            "account_receivable_turnover_ratio": null,
            "reinvestment_rate": null,
            "research_to_sale_ratio": null,
            "price_fair": 0,
            "eps_avg_yearly": 0,
            "eps_latest_yearly": 0,
            "eps_growth_yearly": 0
        },
        "20073": {
            "year_quarter": 20073,
            "year": 2007,
            "quarter": 3,
            "eps": null,
            "eps_growth_year": null,
            "eps_4q": null,
            "eps_4q_growth_year": null,
            "roe": null,
            "roe_4q": 0,
            "gross_profit": null,
            "gross_margin": null,
            "gross_margin_4q_avg": 0,
            "net_income": null,
            "net_income_4q": null,
            "revenue": null,
            "revenue_4q": null,
            "common_shares": null,
            "book_valuer_per_share": null,
            "book_valuer_per_share_4q_avg": 0,
            "equity": null,
            "current_ratio": null,
            "debt_ratio": null,
            "inventory_turnover_ratio": null,
            "account_receivable_turnover_ratio": null,
            "reinvestment_rate": null,
            "research_to_sale_ratio": null,
            "price_fair": 0,
            "eps_avg_yearly": 0,
            "eps_latest_yearly": 0,
            "eps_growth_yearly": 0
        },
        "20074": {
            "year_quarter": 20074,
            "year": 2007,
            "quarter": 4,
            "eps": null,
            "eps_growth_year": null,
            "eps_4q": null,
            "eps_4q_growth_year": null,
            "roe": null,
            "roe_4q": 0,
            "gross_profit": null,
            "gross_margin": null,
            "gross_margin_4q_avg": 0,
            "net_income": null,
            "net_income_4q": null,
            "revenue": null,
            "revenue_4q": null,
            "common_shares": null,
            "book_valuer_per_share": null,
            "book_valuer_per_share_4q_avg": 0,
            "equity": null,
            "current_ratio": null,
            "debt_ratio": null,
            "inventory_turnover_ratio": null,
            "account_receivable_turnover_ratio": null,
            "reinvestment_rate": null,
            "research_to_sale_ratio": null,
            "price_fair": 0,
            "eps_avg_yearly": 0,
            "eps_latest_yearly": 0,
            "eps_growth_yearly": 0
        },
        "20081": {
            "year_quarter": 20081,
            "year": 2008,
            "quarter": 1,
            "eps": null,
            "eps_growth_year": null,
            "eps_4q": null,
            "eps_4q_growth_year": null,
            "roe": null,
            "roe_4q": 0,
            "gross_profit": null,
            "gross_margin": null,
            "gross_margin_4q_avg": 0,
            "net_income": null,
            "net_income_4q": null,
            "revenue": null,
            "revenue_4q": null,
            "common_shares": null,
            "book_valuer_per_share": null,
            "book_valuer_per_share_4q_avg": 0,
            "equity": null,
            "current_ratio": null,
            "debt_ratio": null,
            "inventory_turnover_ratio": null,
            "account_receivable_turnover_ratio": null,
            "reinvestment_rate": null,
            "research_to_sale_ratio": null,
            "price_fair": 0,
            "eps_avg_yearly": 0,
            "eps_latest_yearly": 0,
            "eps_growth_yearly": 0
        },
        "20082": {
            "year_quarter": 20082,
            "year": 2008,
            "quarter": 2,
            "eps": null,
            "eps_growth_year": null,
            "eps_4q": null,
            "eps_4q_growth_year": null,
            "roe": null,
            "roe_4q": 0,
            "gross_profit": null,
            "gross_margin": null,
            "gross_margin_4q_avg": 0,
            "net_income": null,
            "net_income_4q": null,
            "revenue": null,
            "revenue_4q": null,
            "common_shares": null,
            "book_valuer_per_share": null,
            "book_valuer_per_share_4q_avg": 0,
            "equity": null,
            "current_ratio": null,
            "debt_ratio": null,
            "inventory_turnover_ratio": null,
            "account_receivable_turnover_ratio": null,
            "reinvestment_rate": null,
            "research_to_sale_ratio": null,
            "price_fair": 0,
            "eps_avg_yearly": 0,
            "eps_latest_yearly": 0,
            "eps_growth_yearly": 0
        },
        "20083": {
            "year_quarter": 20083,
            "year": 2008,
            "quarter": 3,
            "eps": null,
            "eps_growth_year": null,
            "eps_4q": null,
            "eps_4q_growth_year": null,
            "roe": null,
            "roe_4q": 0,
            "gross_profit": null,
            "gross_margin": null,
            "gross_margin_4q_avg": 0,
            "net_income": null,
            "net_income_4q": null,
            "revenue": null,
            "revenue_4q": null,
            "common_shares": null,
            "book_valuer_per_share": null,
            "book_valuer_per_share_4q_avg": 0,
            "equity": null,
            "current_ratio": null,
            "debt_ratio": null,
            "inventory_turnover_ratio": null,
            "account_receivable_turnover_ratio": null,
            "reinvestment_rate": null,
            "research_to_sale_ratio": null,
            "price_fair": 0,
            "eps_avg_yearly": 0,
            "eps_latest_yearly": 0,
            "eps_growth_yearly": 0
        },
        "20084": {
            "year_quarter": 20084,
            "year": 2008,
            "quarter": 4,
            "eps": null,
            "eps_growth_year": null,
            "eps_4q": null,
            "eps_4q_growth_year": null,
            "roe": null,
            "roe_4q": 0,
            "gross_profit": null,
            "gross_margin": null,
            "gross_margin_4q_avg": 0,
            "net_income": null,
            "net_income_4q": null,
            "revenue": null,
            "revenue_4q": null,
            "common_shares": null,
            "book_valuer_per_share": null,
            "book_valuer_per_share_4q_avg": 0,
            "equity": null,
            "current_ratio": null,
            "debt_ratio": null,
            "inventory_turnover_ratio": null,
            "account_receivable_turnover_ratio": null,
            "reinvestment_rate": null,
            "research_to_sale_ratio": null,
            "price_fair": 0,
            "eps_avg_yearly": 0,
            "eps_latest_yearly": 0,
            "eps_growth_yearly": 0
        },
        "20091": {
            "year_quarter": 20091,
            "year": 2009,
            "quarter": 1,
            "eps": null,
            "eps_growth_year": null,
            "eps_4q": null,
            "eps_4q_growth_year": null,
            "roe": null,
            "roe_4q": 0,
            "gross_profit": null,
            "gross_margin": null,
            "gross_margin_4q_avg": 0,
            "net_income": null,
            "net_income_4q": null,
            "revenue": null,
            "revenue_4q": null,
            "common_shares": null,
            "book_valuer_per_share": null,
            "book_valuer_per_share_4q_avg": 0,
            "equity": null,
            "current_ratio": null,
            "debt_ratio": null,
            "inventory_turnover_ratio": null,
            "account_receivable_turnover_ratio": null,
            "reinvestment_rate": null,
            "research_to_sale_ratio": null,
            "price_fair": 0,
            "eps_avg_yearly": 0,
            "eps_latest_yearly": 0,
            "eps_growth_yearly": 0
        },
        "20092": {
            "year_quarter": 20092,
            "year": 2009,
            "quarter": 2,
            "eps": null,
            "eps_growth_year": null,
            "eps_4q": null,
            "eps_4q_growth_year": null,
            "roe": null,
            "roe_4q": 0,
            "gross_profit": null,
            "gross_margin": null,
            "gross_margin_4q_avg": 0,
            "net_income": null,
            "net_income_4q": null,
            "revenue": null,
            "revenue_4q": null,
            "common_shares": null,
            "book_valuer_per_share": null,
            "book_valuer_per_share_4q_avg": 0,
            "equity": null,
            "current_ratio": null,
            "debt_ratio": null,
            "inventory_turnover_ratio": null,
            "account_receivable_turnover_ratio": null,
            "reinvestment_rate": null,
            "research_to_sale_ratio": null,
            "price_fair": 0,
            "eps_avg_yearly": 0,
            "eps_latest_yearly": 0,
            "eps_growth_yearly": 0
        },
        "20093": {
            "year_quarter": 20093,
            "year": 2009,
            "quarter": 3,
            "eps": null,
            "eps_growth_year": null,
            "eps_4q": null,
            "eps_4q_growth_year": null,
            "roe": null,
            "roe_4q": 0,
            "gross_profit": null,
            "gross_margin": null,
            "gross_margin_4q_avg": 0,
            "net_income": null,
            "net_income_4q": null,
            "revenue": null,
            "revenue_4q": null,
            "common_shares": null,
            "book_valuer_per_share": null,
            "book_valuer_per_share_4q_avg": 0,
            "equity": null,
            "current_ratio": null,
            "debt_ratio": null,
            "inventory_turnover_ratio": null,
            "account_receivable_turnover_ratio": null,
            "reinvestment_rate": null,
            "research_to_sale_ratio": null,
            "price_fair": 0,
            "eps_avg_yearly": 0,
            "eps_latest_yearly": 0,
            "eps_growth_yearly": 0
        },
        "20094": {
            "year_quarter": 20094,
            "year": 2009,
            "quarter": 4,
            "eps": null,
            "eps_growth_year": null,
            "eps_4q": null,
            "eps_4q_growth_year": null,
            "roe": null,
            "roe_4q": 0,
            "gross_profit": null,
            "gross_margin": null,
            "gross_margin_4q_avg": 0,
            "net_income": null,
            "net_income_4q": null,
            "revenue": null,
            "revenue_4q": null,
            "common_shares": null,
            "book_valuer_per_share": null,
            "book_valuer_per_share_4q_avg": 0,
            "equity": null,
            "current_ratio": null,
            "debt_ratio": null,
            "inventory_turnover_ratio": null,
            "account_receivable_turnover_ratio": null,
            "reinvestment_rate": null,
            "research_to_sale_ratio": null,
            "price_fair": 0,
            "eps_avg_yearly": 0,
            "eps_latest_yearly": 0,
            "eps_growth_yearly": 0
        },
        "20101": {
            "year_quarter": 20101,
            "year": 2010,
            "quarter": 1,
            "eps": null,
            "eps_growth_year": null,
            "eps_4q": null,
            "eps_4q_growth_year": null,
            "roe": null,
            "roe_4q": 0,
            "gross_profit": null,
            "gross_margin": null,
            "gross_margin_4q_avg": 0,
            "net_income": null,
            "net_income_4q": null,
            "revenue": null,
            "revenue_4q": null,
            "common_shares": null,
            "book_valuer_per_share": null,
            "book_valuer_per_share_4q_avg": 0,
            "equity": null,
            "current_ratio": null,
            "debt_ratio": null,
            "inventory_turnover_ratio": null,
            "account_receivable_turnover_ratio": null,
            "reinvestment_rate": null,
            "research_to_sale_ratio": null,
            "price_fair": 0,
            "eps_avg_yearly": 0,
            "eps_latest_yearly": 0,
            "eps_growth_yearly": 0
        },
        "20102": {
            "year_quarter": 20102,
            "year": 2010,
            "quarter": 2,
            "eps": null,
            "eps_growth_year": null,
            "eps_4q": null,
            "eps_4q_growth_year": null,
            "roe": null,
            "roe_4q": 0,
            "gross_profit": null,
            "gross_margin": null,
            "gross_margin_4q_avg": 0,
            "net_income": null,
            "net_income_4q": null,
            "revenue": null,
            "revenue_4q": null,
            "common_shares": null,
            "book_valuer_per_share": null,
            "book_valuer_per_share_4q_avg": 0,
            "equity": null,
            "current_ratio": null,
            "debt_ratio": null,
            "inventory_turnover_ratio": null,
            "account_receivable_turnover_ratio": null,
            "reinvestment_rate": null,
            "research_to_sale_ratio": null,
            "price_fair": 0,
            "eps_avg_yearly": 0,
            "eps_latest_yearly": 0,
            "eps_growth_yearly": 0
        },
        "20103": {
            "year_quarter": 20103,
            "year": 2010,
            "quarter": 3,
            "eps": null,
            "eps_growth_year": null,
            "eps_4q": null,
            "eps_4q_growth_year": null,
            "roe": null,
            "roe_4q": 0,
            "gross_profit": null,
            "gross_margin": null,
            "gross_margin_4q_avg": 0,
            "net_income": null,
            "net_income_4q": null,
            "revenue": null,
            "revenue_4q": null,
            "common_shares": null,
            "book_valuer_per_share": null,
            "book_valuer_per_share_4q_avg": 0,
            "equity": null,
            "current_ratio": null,
            "debt_ratio": null,
            "inventory_turnover_ratio": null,
            "account_receivable_turnover_ratio": null,
            "reinvestment_rate": null,
            "research_to_sale_ratio": null,
            "price_fair": 0,
            "eps_avg_yearly": 0,
            "eps_latest_yearly": 0,
            "eps_growth_yearly": 0
        },
        "20104": {
            "year_quarter": 20104,
            "year": 2010,
            "quarter": 4,
            "eps": null,
            "eps_growth_year": null,
            "eps_4q": null,
            "eps_4q_growth_year": null,
            "roe": null,
            "roe_4q": 0,
            "gross_profit": null,
            "gross_margin": null,
            "gross_margin_4q_avg": 0,
            "net_income": null,
            "net_income_4q": null,
            "revenue": null,
            "revenue_4q": null,
            "common_shares": null,
            "book_valuer_per_share": null,
            "book_valuer_per_share_4q_avg": 0,
            "equity": null,
            "current_ratio": null,
            "debt_ratio": null,
            "inventory_turnover_ratio": null,
            "account_receivable_turnover_ratio": null,
            "reinvestment_rate": null,
            "research_to_sale_ratio": null,
            "price_fair": 0,
            "eps_avg_yearly": 0,
            "eps_latest_yearly": 0,
            "eps_growth_yearly": 0
        },
        "20111": {
            "year_quarter": 20111,
            "year": 2011,
            "quarter": 1,
            "eps": null,
            "eps_growth_year": null,
            "eps_4q": null,
            "eps_4q_growth_year": null,
            "roe": null,
            "roe_4q": 0,
            "gross_profit": null,
            "gross_margin": null,
            "gross_margin_4q_avg": 0,
            "net_income": null,
            "net_income_4q": null,
            "revenue": null,
            "revenue_4q": null,
            "common_shares": null,
            "book_valuer_per_share": null,
            "book_valuer_per_share_4q_avg": 0,
            "equity": null,
            "current_ratio": null,
            "debt_ratio": null,
            "inventory_turnover_ratio": null,
            "account_receivable_turnover_ratio": null,
            "reinvestment_rate": null,
            "research_to_sale_ratio": null,
            "price_fair": 0,
            "eps_avg_yearly": 0,
            "eps_latest_yearly": 0,
            "eps_growth_yearly": 0
        },
        "20112": {
            "year_quarter": 20112,
            "year": 2011,
            "quarter": 2,
            "eps": null,
            "eps_growth_year": null,
            "eps_4q": null,
            "eps_4q_growth_year": null,
            "roe": null,
            "roe_4q": 0,
            "gross_profit": null,
            "gross_margin": null,
            "gross_margin_4q_avg": 0,
            "net_income": null,
            "net_income_4q": null,
            "revenue": null,
            "revenue_4q": null,
            "common_shares": null,
            "book_valuer_per_share": null,
            "book_valuer_per_share_4q_avg": 0,
            "equity": null,
            "current_ratio": null,
            "debt_ratio": null,
            "inventory_turnover_ratio": null,
            "account_receivable_turnover_ratio": null,
            "reinvestment_rate": null,
            "research_to_sale_ratio": null,
            "price_fair": 0,
            "eps_avg_yearly": 0,
            "eps_latest_yearly": 0,
            "eps_growth_yearly": 0
        },
        "20113": {
            "year_quarter": 20113,
            "year": 2011,
            "quarter": 3,
            "eps": null,
            "eps_growth_year": null,
            "eps_4q": null,
            "eps_4q_growth_year": null,
            "roe": null,
            "roe_4q": 0,
            "gross_profit": null,
            "gross_margin": null,
            "gross_margin_4q_avg": 0,
            "net_income": null,
            "net_income_4q": null,
            "revenue": null,
            "revenue_4q": null,
            "common_shares": null,
            "book_valuer_per_share": null,
            "book_valuer_per_share_4q_avg": 0,
            "equity": null,
            "current_ratio": null,
            "debt_ratio": null,
            "inventory_turnover_ratio": null,
            "account_receivable_turnover_ratio": null,
            "reinvestment_rate": null,
            "research_to_sale_ratio": null,
            "price_fair": 0,
            "eps_avg_yearly": 0,
            "eps_latest_yearly": 0,
            "eps_growth_yearly": 0
        },
        "20114": {
            "year_quarter": 20114,
            "year": 2011,
            "quarter": 4,
            "eps": null,
            "eps_growth_year": null,
            "eps_4q": null,
            "eps_4q_growth_year": null,
            "roe": null,
            "roe_4q": 0,
            "gross_profit": null,
            "gross_margin": null,
            "gross_margin_4q_avg": 0,
            "net_income": null,
            "net_income_4q": null,
            "revenue": null,
            "revenue_4q": null,
            "common_shares": null,
            "book_valuer_per_share": null,
            "book_valuer_per_share_4q_avg": 0,
            "equity": null,
            "current_ratio": null,
            "debt_ratio": null,
            "inventory_turnover_ratio": null,
            "account_receivable_turnover_ratio": null,
            "reinvestment_rate": null,
            "research_to_sale_ratio": null,
            "price_fair": 0,
            "eps_avg_yearly": 0,
            "eps_latest_yearly": 0,
            "eps_growth_yearly": 0
        },
        "20121": {
            "year_quarter": 20121,
            "year": 2012,
            "quarter": 1,
            "eps": null,
            "eps_growth_year": null,
            "eps_4q": null,
            "eps_4q_growth_year": null,
            "roe": null,
            "roe_4q": 0,
            "gross_profit": null,
            "gross_margin": null,
            "gross_margin_4q_avg": 0,
            "net_income": null,
            "net_income_4q": null,
            "revenue": null,
            "revenue_4q": null,
            "common_shares": null,
            "book_valuer_per_share": null,
            "book_valuer_per_share_4q_avg": 0,
            "equity": null,
            "current_ratio": null,
            "debt_ratio": null,
            "inventory_turnover_ratio": null,
            "account_receivable_turnover_ratio": null,
            "reinvestment_rate": null,
            "research_to_sale_ratio": null,
            "price_fair": 0,
            "eps_avg_yearly": 0,
            "eps_latest_yearly": 0,
            "eps_growth_yearly": 0
        },
        "20122": {
            "year_quarter": 20122,
            "year": 2012,
            "quarter": 2,
            "eps": null,
            "eps_growth_year": null,
            "eps_4q": null,
            "eps_4q_growth_year": null,
            "roe": null,
            "roe_4q": 0,
            "gross_profit": null,
            "gross_margin": null,
            "gross_margin_4q_avg": 0,
            "net_income": null,
            "net_income_4q": null,
            "revenue": null,
            "revenue_4q": null,
            "common_shares": null,
            "book_valuer_per_share": null,
            "book_valuer_per_share_4q_avg": 0,
            "equity": null,
            "current_ratio": null,
            "debt_ratio": null,
            "inventory_turnover_ratio": null,
            "account_receivable_turnover_ratio": null,
            "reinvestment_rate": null,
            "research_to_sale_ratio": null,
            "price_fair": 0,
            "eps_avg_yearly": 0,
            "eps_latest_yearly": 0,
            "eps_growth_yearly": 0
        },
        "20123": {
            "year_quarter": 20123,
            "year": 2012,
            "quarter": 3,
            "eps": null,
            "eps_growth_year": null,
            "eps_4q": null,
            "eps_4q_growth_year": null,
            "roe": null,
            "roe_4q": 0,
            "gross_profit": null,
            "gross_margin": null,
            "gross_margin_4q_avg": 0,
            "net_income": null,
            "net_income_4q": null,
            "revenue": null,
            "revenue_4q": null,
            "common_shares": null,
            "book_valuer_per_share": null,
            "book_valuer_per_share_4q_avg": 0,
            "equity": null,
            "current_ratio": null,
            "debt_ratio": null,
            "inventory_turnover_ratio": null,
            "account_receivable_turnover_ratio": null,
            "reinvestment_rate": null,
            "research_to_sale_ratio": null,
            "price_fair": 0,
            "eps_avg_yearly": 0,
            "eps_latest_yearly": 0,
            "eps_growth_yearly": 0
        },
        "20124": {
            "year_quarter": 20124,
            "year": 2012,
            "quarter": 4,
            "eps": null,
            "eps_growth_year": null,
            "eps_4q": null,
            "eps_4q_growth_year": null,
            "roe": null,
            "roe_4q": 0,
            "gross_profit": null,
            "gross_margin": null,
            "gross_margin_4q_avg": 0,
            "net_income": null,
            "net_income_4q": null,
            "revenue": null,
            "revenue_4q": null,
            "common_shares": null,
            "book_valuer_per_share": null,
            "book_valuer_per_share_4q_avg": 0,
            "equity": null,
            "current_ratio": null,
            "debt_ratio": null,
            "inventory_turnover_ratio": null,
            "account_receivable_turnover_ratio": null,
            "reinvestment_rate": null,
            "research_to_sale_ratio": null,
            "price_fair": 0,
            "eps_avg_yearly": 0,
            "eps_latest_yearly": 0,
            "eps_growth_yearly": 0
        },
        "20131": {
            "year_quarter": 20131,
            "year": 2013,
            "quarter": 1,
            "eps": null,
            "eps_growth_year": null,
            "eps_4q": null,
            "eps_4q_growth_year": null,
            "roe": null,
            "roe_4q": 0,
            "gross_profit": null,
            "gross_margin": null,
            "gross_margin_4q_avg": 0,
            "net_income": null,
            "net_income_4q": null,
            "revenue": null,
            "revenue_4q": null,
            "common_shares": null,
            "book_valuer_per_share": null,
            "book_valuer_per_share_4q_avg": 0,
            "equity": null,
            "current_ratio": null,
            "debt_ratio": null,
            "inventory_turnover_ratio": null,
            "account_receivable_turnover_ratio": null,
            "reinvestment_rate": null,
            "research_to_sale_ratio": null,
            "price_fair": 0,
            "eps_avg_yearly": 0,
            "eps_latest_yearly": 0,
            "eps_growth_yearly": 0
        },
        "20132": {
            "year_quarter": 20132,
            "year": 2013,
            "quarter": 2,
            "eps": null,
            "eps_growth_year": null,
            "eps_4q": null,
            "eps_4q_growth_year": null,
            "roe": null,
            "roe_4q": 0,
            "gross_profit": null,
            "gross_margin": null,
            "gross_margin_4q_avg": 0,
            "net_income": null,
            "net_income_4q": null,
            "revenue": null,
            "revenue_4q": null,
            "common_shares": null,
            "book_valuer_per_share": null,
            "book_valuer_per_share_4q_avg": 0,
            "equity": null,
            "current_ratio": null,
            "debt_ratio": null,
            "inventory_turnover_ratio": null,
            "account_receivable_turnover_ratio": null,
            "reinvestment_rate": null,
            "research_to_sale_ratio": null,
            "price_fair": 0,
            "eps_avg_yearly": 0,
            "eps_latest_yearly": 0,
            "eps_growth_yearly": 0
        },
        "20133": {
            "year_quarter": 20133,
            "year": 2013,
            "quarter": 3,
            "eps": null,
            "eps_growth_year": null,
            "eps_4q": null,
            "eps_4q_growth_year": null,
            "roe": null,
            "roe_4q": 0,
            "gross_profit": null,
            "gross_margin": null,
            "gross_margin_4q_avg": 0,
            "net_income": null,
            "net_income_4q": null,
            "revenue": null,
            "revenue_4q": null,
            "common_shares": null,
            "book_valuer_per_share": null,
            "book_valuer_per_share_4q_avg": 0,
            "equity": null,
            "current_ratio": null,
            "debt_ratio": null,
            "inventory_turnover_ratio": null,
            "account_receivable_turnover_ratio": null,
            "reinvestment_rate": null,
            "research_to_sale_ratio": null,
            "price_fair": 0,
            "eps_avg_yearly": 0,
            "eps_latest_yearly": 0,
            "eps_growth_yearly": 0
        },
        "20134": {
            "year_quarter": 20134,
            "year": 2013,
            "quarter": 4,
            "eps": null,
            "eps_growth_year": null,
            "eps_4q": null,
            "eps_4q_growth_year": null,
            "roe": null,
            "roe_4q": 0,
            "gross_profit": null,
            "gross_margin": null,
            "gross_margin_4q_avg": 0,
            "net_income": null,
            "net_income_4q": null,
            "revenue": null,
            "revenue_4q": null,
            "common_shares": 866467,
            "book_valuer_per_share": null,
            "book_valuer_per_share_4q_avg": 0,
            "equity": 4811757,
            "current_ratio": null,
            "debt_ratio": null,
            "inventory_turnover_ratio": null,
            "account_receivable_turnover_ratio": null,
            "reinvestment_rate": null,
            "research_to_sale_ratio": null,
            "price_fair": 0,
            "eps_avg_yearly": 0,
            "eps_latest_yearly": 0,
            "eps_growth_yearly": 0
        },
        "20141": {
            "year_quarter": 20141,
            "year": 2014,
            "quarter": 1,
            "eps": null,
            "eps_growth_year": null,
            "eps_4q": null,
            "eps_4q_growth_year": null,
            "roe": null,
            "roe_4q": 0,
            "gross_profit": null,
            "gross_margin": null,
            "gross_margin_4q_avg": 0,
            "net_income": null,
            "net_income_4q": null,
            "revenue": null,
            "revenue_4q": null,
            "common_shares": null,
            "book_valuer_per_share": null,
            "book_valuer_per_share_4q_avg": 0,
            "equity": null,
            "current_ratio": null,
            "debt_ratio": null,
            "inventory_turnover_ratio": null,
            "account_receivable_turnover_ratio": null,
            "reinvestment_rate": null,
            "research_to_sale_ratio": null,
            "price_fair": 0,
            "eps_avg_yearly": 0,
            "eps_latest_yearly": 0,
            "eps_growth_yearly": 0
        },
        "20142": {
            "year_quarter": 20142,
            "year": 2014,
            "quarter": 2,
            "eps": null,
            "eps_growth_year": null,
            "eps_4q": null,
            "eps_4q_growth_year": null,
            "roe": null,
            "roe_4q": 0,
            "gross_profit": null,
            "gross_margin": null,
            "gross_margin_4q_avg": 0,
            "net_income": null,
            "net_income_4q": null,
            "revenue": null,
            "revenue_4q": null,
            "common_shares": 0,
            "book_valuer_per_share": null,
            "book_valuer_per_share_4q_avg": 0,
            "equity": 0,
            "current_ratio": null,
            "debt_ratio": null,
            "inventory_turnover_ratio": null,
            "account_receivable_turnover_ratio": null,
            "reinvestment_rate": null,
            "research_to_sale_ratio": null,
            "price_fair": 0,
            "eps_avg_yearly": 0,
            "eps_latest_yearly": 0,
            "eps_growth_yearly": 0
        },
        "20143": {
            "year_quarter": 20143,
            "year": 2014,
            "quarter": 3,
            "eps": null,
            "eps_growth_year": null,
            "eps_4q": null,
            "eps_4q_growth_year": null,
            "roe": null,
            "roe_4q": 0,
            "gross_profit": 0,
            "gross_margin": null,
            "gross_margin_4q_avg": 0,
            "net_income": 0,
            "net_income_4q": null,
            "revenue": 0,
            "revenue_4q": null,
            "common_shares": 0,
            "book_valuer_per_share": null,
            "book_valuer_per_share_4q_avg": 0,
            "equity": 0,
            "current_ratio": null,
            "debt_ratio": null,
            "inventory_turnover_ratio": null,
            "account_receivable_turnover_ratio": null,
            "reinvestment_rate": null,
            "research_to_sale_ratio": null,
            "price_fair": 0,
            "eps_avg_yearly": 0,
            "eps_latest_yearly": 0,
            "eps_growth_yearly": 0
        },
        "20144": {
            "year_quarter": 20144,
            "year": 2014,
            "quarter": 4,
            "eps": null,
            "eps_growth_year": null,
            "eps_4q": null,
            "eps_4q_growth_year": null,
            "roe": null,
            "roe_4q": 0,
            "gross_profit": 2344691,
            "gross_margin": null,
            "gross_margin_4q_avg": 0,
            "net_income": 1141819,
            "net_income_4q": null,
            "revenue": 13420406,
            "revenue_4q": null,
            "common_shares": 866467,
            "book_valuer_per_share": 71.14,
            "book_valuer_per_share_4q_avg": 17.79,
            "equity": 6163899,
            "current_ratio": 95.14,
            "debt_ratio": 54.21,
            "inventory_turnover_ratio": null,
            "account_receivable_turnover_ratio": null,
            "reinvestment_rate": null,
            "research_to_sale_ratio": null,
            "price_fair": 0,
            "eps_avg_yearly": 0,
            "eps_latest_yearly": 0,
            "eps_growth_yearly": 0
        },
        "20151": {
            "year_quarter": 20151,
            "year": 2015,
            "quarter": 1,
            "eps": null,
            "eps_growth_year": null,
            "eps_4q": null,
            "eps_4q_growth_year": null,
            "roe": null,
            "roe_4q": 0,
            "gross_profit": 528494,
            "gross_margin": null,
            "gross_margin_4q_avg": 0,
            "net_income": 242320,
            "net_income_4q": null,
            "revenue": 2395250,
            "revenue_4q": null,
            "common_shares": 0,
            "book_valuer_per_share": null,
            "book_valuer_per_share_4q_avg": 17.79,
            "equity": 6462013,
            "current_ratio": 94.83,
            "debt_ratio": 55.54,
            "inventory_turnover_ratio": null,
            "account_receivable_turnover_ratio": null,
            "reinvestment_rate": null,
            "research_to_sale_ratio": null,
            "price_fair": 0,
            "eps_avg_yearly": 0,
            "eps_latest_yearly": 0,
            "eps_growth_yearly": 0
        },
        "20152": {
            "year_quarter": 20152,
            "year": 2015,
            "quarter": 2,
            "eps": 1.53,
            "eps_growth_year": null,
            "eps_4q": 1.53,
            "eps_4q_growth_year": null,
            "roe": 3.43,
            "roe_4q": 3.43,
            "gross_profit": 483195,
            "gross_margin": 15.12,
            "gross_margin_4q_avg": 3.78,
            "net_income": 223808,
            "net_income_4q": null,
            "revenue": 3196790,
            "revenue_4q": null,
            "common_shares": 1000000,
            "book_valuer_per_share": 65.96,
            "book_valuer_per_share_4q_avg": 34.28,
            "equity": 6595912,
            "current_ratio": 98.86,
            "debt_ratio": 52.47,
            "inventory_turnover_ratio": 1.22,
            "account_receivable_turnover_ratio": 2.47,
            "reinvestment_rate": null,
            "research_to_sale_ratio": null,
            "price_fair": 0,
            "eps_avg_yearly": 0,
            "eps_latest_yearly": 0,
            "eps_growth_yearly": 0
        },
        "20153": {
            "year_quarter": 20153,
            "year": 2015,
            "quarter": 3,
            "eps": 2.22,
            "eps_growth_year": null,
            "eps_4q": 3.75,
            "eps_4q_growth_year": null,
            "roe": 3.25,
            "roe_4q": 6.68,
            "gross_profit": 503720,
            "gross_margin": 18.77,
            "gross_margin_4q_avg": 8.47,
            "net_income": 222380,
            "net_income_4q": null,
            "revenue": 2683610,
            "revenue_4q": null,
            "common_shares": 1000000,
            "book_valuer_per_share": 71.04,
            "book_valuer_per_share_4q_avg": 52.04,
            "equity": 7104315,
            "current_ratio": 99.35,
            "debt_ratio": 52.31,
            "inventory_turnover_ratio": 1.06,
            "account_receivable_turnover_ratio": 1.05,
            "reinvestment_rate": null,
            "research_to_sale_ratio": 2.74,
            "price_fair": 310.8,
            "eps_avg_yearly": 8.88,
            "eps_latest_yearly": 8.88,
            "eps_growth_yearly": 180.39
        },
        "20154": {
            "year_quarter": 20154,
            "year": 2015,
            "quarter": 4,
            "eps": 7.45,
            "eps_growth_year": null,
            "eps_4q": 11.2,
            "eps_4q_growth_year": null,
            "roe": 6.04,
            "roe_4q": 12.719999999999999,
            "gross_profit": 863891,
            "gross_margin": 20.92,
            "gross_margin_4q_avg": 13.7,
            "net_income": 431600,
            "net_income_4q": null,
            "revenue": 4130116,
            "revenue_4q": null,
            "common_shares": 1000000,
            "book_valuer_per_share": 71.81,
            "book_valuer_per_share_4q_avg": 52.2,
            "equity": 7180589,
            "current_ratio": 103.69,
            "debt_ratio": 50.86,
            "inventory_turnover_ratio": 1.52,
            "account_receivable_turnover_ratio": 1.48,
            "reinvestment_rate": null,
            "research_to_sale_ratio": 2.33,
            "price_fair": 676.9,
            "eps_avg_yearly": 19.34,
            "eps_latest_yearly": 29.8,
            "eps_growth_yearly": 561.37
        },
        "20161": {
            "year_quarter": 20161,
            "year": 2016,
            "quarter": 1,
            "eps": 3.09,
            "eps_growth_year": null,
            "eps_4q": 13.2,
            "eps_4q_growth_year": null,
            "roe": 4.12,
            "roe_4q": 16.84,
            "gross_profit": 729381,
            "gross_margin": 23.76,
            "gross_margin_4q_avg": 19.64,
            "net_income": 331575,
            "net_income_4q": null,
            "revenue": 3069697,
            "revenue_4q": null,
            "common_shares": 1100000,
            "book_valuer_per_share": 81.18,
            "book_valuer_per_share_4q_avg": 72.5,
            "equity": 8929773,
            "current_ratio": 130.35,
            "debt_ratio": 45.4,
            "inventory_turnover_ratio": 1.03,
            "account_receivable_turnover_ratio": 1.1,
            "reinvestment_rate": null,
            "research_to_sale_ratio": 2.6,
            "price_fair": 595.47,
            "eps_avg_yearly": 17.01,
            "eps_latest_yearly": 12.36,
            "eps_growth_yearly": 296.21
        },
        "20162": {
            "year_quarter": 20162,
            "year": 2016,
            "quarter": 2,
            "eps": 3.69,
            "eps_growth_year": 141.81,
            "eps_4q": 15.5,
            "eps_4q_growth_year": 915.51,
            "roe": 4.83,
            "roe_4q": 18.24,
            "gross_profit": 980051,
            "gross_margin": 24.04,
            "gross_margin_4q_avg": 21.87,
            "net_income": 434076,
            "net_income_4q": null,
            "revenue": 4075921,
            "revenue_4q": null,
            "common_shares": 1100000,
            "book_valuer_per_share": 79.25,
            "book_valuer_per_share_4q_avg": 75.82,
            "equity": 9062308,
            "current_ratio": 122.16,
            "debt_ratio": 50.55,
            "inventory_turnover_ratio": 1.26,
            "account_receivable_turnover_ratio": 1.3,
            "reinvestment_rate": null,
            "research_to_sale_ratio": 3.1,
            "price_fair": 575.75,
            "eps_avg_yearly": 16.45,
            "eps_latest_yearly": 14.76,
            "eps_growth_yearly": 241.58
        },
        "20163": {
            "year_quarter": 20163,
            "year": 2016,
            "quarter": 3,
            "eps": 2.27,
            "eps_growth_year": 2.25,
            "eps_4q": 15.75,
            "eps_4q_growth_year": 320.01,
            "roe": 3.27,
            "roe_4q": 18.259999999999998,
            "gross_profit": 785063,
            "gross_margin": 20.37,
            "gross_margin_4q_avg": 22.27,
            "net_income": 296774,
            "net_income_4q": null,
            "revenue": 3853805,
            "revenue_4q": null,
            "common_shares": 1100000,
            "book_valuer_per_share": 78.95,
            "book_valuer_per_share_4q_avg": 77.8,
            "equity": 9075522,
            "current_ratio": 124.89,
            "debt_ratio": 48.2,
            "inventory_turnover_ratio": 1.14,
            "account_receivable_turnover_ratio": 1.09,
            "reinvestment_rate": null,
            "research_to_sale_ratio": 2.87,
            "price_fair": 524.16,
            "eps_avg_yearly": 14.98,
            "eps_latest_yearly": 9.08,
            "eps_growth_yearly": 162.48
        },
        "20164": {
            "year_quarter": 20164,
            "year": 2016,
            "quarter": 4,
            "eps": 2.43,
            "eps_growth_year": -67.37,
            "eps_4q": 11.41,
            "eps_4q_growth_year": 1.84,
            "roe": 3.64,
            "roe_4q": 15.86,
            "gross_profit": 916647,
            "gross_margin": 20,
            "gross_margin_4q_avg": 22.04,
            "net_income": 344296,
            "net_income_4q": null,
            "revenue": 4582630,
            "revenue_4q": null,
            "common_shares": 1100000,
            "book_valuer_per_share": 79.85,
            "book_valuer_per_share_4q_avg": 79.81,
            "equity": 9866968,
            "current_ratio": 119.38,
            "debt_ratio": 52.27,
            "inventory_turnover_ratio": 1.25,
            "account_receivable_turnover_ratio": 1.2,
            "reinvestment_rate": null,
            "research_to_sale_ratio": 4.66,
            "price_fair": 493.5,
            "eps_avg_yearly": 14.1,
            "eps_latest_yearly": 9.72,
            "eps_growth_yearly": 140.1
        },
        "20171": {
            "year_quarter": 20171,
            "year": 2017,
            "quarter": 1,
            "eps": 2.25,
            "eps_growth_year": -27.18,
            "eps_4q": 10.64,
            "eps_4q_growth_year": -19.34,
            "roe": 3.25,
            "roe_4q": 14.99,
            "gross_profit": 882599,
            "gross_margin": 20.8,
            "gross_margin_4q_avg": 21.3,
            "net_income": 324390,
            "net_income_4q": null,
            "revenue": 4242252,
            "revenue_4q": null,
            "common_shares": 1100000,
            "book_valuer_per_share": 78.47,
            "book_valuer_per_share_4q_avg": 79.13,
            "equity": 10113964,
            "current_ratio": 126.38,
            "debt_ratio": 52.82,
            "inventory_turnover_ratio": 1.05,
            "account_receivable_turnover_ratio": 1.04,
            "reinvestment_rate": null,
            "research_to_sale_ratio": 2.74,
            "price_fair": 468,
            "eps_avg_yearly": 13.37,
            "eps_latest_yearly": 9,
            "eps_growth_yearly": 115.85
        },
        "20172": {
            "year_quarter": 20172,
            "year": 2017,
            "quarter": 2,
            "eps": 2.27,
            "eps_growth_year": -38.48,
            "eps_4q": 9.23,
            "eps_4q_growth_year": -40.46,
            "roe": 3.33,
            "roe_4q": 13.49,
            "gross_profit": 876980,
            "gross_margin": 19.82,
            "gross_margin_4q_avg": 20.25,
            "net_income": 337617,
            "net_income_4q": null,
            "revenue": 4424937,
            "revenue_4q": null,
            "common_shares": 1100000,
            "book_valuer_per_share": 78.2,
            "book_valuer_per_share_4q_avg": 78.87,
            "equity": 10172784,
            "current_ratio": 119.44,
            "debt_ratio": 54.83,
            "inventory_turnover_ratio": 1.11,
            "account_receivable_turnover_ratio": 1.11,
            "reinvestment_rate": null,
            "research_to_sale_ratio": 2.3,
            "price_fair": 449.23,
            "eps_avg_yearly": 12.84,
            "eps_latest_yearly": 9.08,
            "eps_growth_yearly": 101.81
        },
        "20173": {
            "year_quarter": 20173,
            "year": 2017,
            "quarter": 3,
            "eps": 1.45,
            "eps_growth_year": -36.12,
            "eps_4q": 8.41,
            "eps_4q_growth_year": -46.63,
            "roe": 2.19,
            "roe_4q": 12.41,
            "gross_profit": 824253,
            "gross_margin": 18.3,
            "gross_margin_4q_avg": 19.73,
            "net_income": 232356,
            "net_income_4q": null,
            "revenue": 4504751,
            "revenue_4q": null,
            "common_shares": 1100000,
            "book_valuer_per_share": 83.34,
            "book_valuer_per_share_4q_avg": 79.97,
            "equity": 11012900,
            "current_ratio": 121.82,
            "debt_ratio": 52.38,
            "inventory_turnover_ratio": 1.13,
            "account_receivable_turnover_ratio": 1.15,
            "reinvestment_rate": null,
            "research_to_sale_ratio": 3.38,
            "price_fair": 421.87,
            "eps_avg_yearly": 12.05,
            "eps_latest_yearly": 5.8,
            "eps_growth_yearly": 74.45
        },
        "20174": {
            "year_quarter": 20174,
            "year": 2017,
            "quarter": 4,
            "eps": 3.77,
            "eps_growth_year": 55.19,
            "eps_4q": 9.75,
            "eps_4q_growth_year": -14.55,
            "roe": 4.09,
            "roe_4q": 12.86,
            "gross_profit": 1350186,
            "gross_margin": 23.65,
            "gross_margin_4q_avg": 20.64,
            "net_income": 459808,
            "net_income_4q": null,
            "revenue": 5707902,
            "revenue_4q": null,
            "common_shares": 1100000,
            "book_valuer_per_share": 87.71,
            "book_valuer_per_share_4q_avg": 81.93,
            "equity": 11461609,
            "current_ratio": 125.31,
            "debt_ratio": 54.85,
            "inventory_turnover_ratio": 1.17,
            "account_receivable_turnover_ratio": 1.38,
            "reinvestment_rate": null,
            "research_to_sale_ratio": 3.63,
            "price_fair": 432.46,
            "eps_avg_yearly": 12.36,
            "eps_latest_yearly": 15.08,
            "eps_growth_yearly": 131
        },
        "20181": {
            "year_quarter": 20181,
            "year": 2018,
            "quarter": 1,
            "eps": 2.74,
            "eps_growth_year": 21.78,
            "eps_4q": 10.24,
            "eps_4q_growth_year": -3.81,
            "roe": 3.14,
            "roe_4q": 12.75,
            "gross_profit": 902693,
            "gross_margin": 19.77,
            "gross_margin_4q_avg": 20.39,
            "net_income": 369609,
            "net_income_4q": null,
            "revenue": 4567008,
            "revenue_4q": null,
            "common_shares": 1100000,
            "book_valuer_per_share": 92.23,
            "book_valuer_per_share_4q_avg": 85.37,
            "equity": 12048707,
            "current_ratio": 127.16,
            "debt_ratio": 54.01,
            "inventory_turnover_ratio": 0.84,
            "account_receivable_turnover_ratio": 1.09,
            "reinvestment_rate": null,
            "research_to_sale_ratio": 2.66,
            "price_fair": 428.02,
            "eps_avg_yearly": 12.23,
            "eps_latest_yearly": 10.96,
            "eps_growth_yearly": 109.16
        },
        "20182": {
            "year_quarter": 20182,
            "year": 2018,
            "quarter": 2,
            "eps": 3.37,
            "eps_growth_year": 48.46,
            "eps_4q": 11.34,
            "eps_4q_growth_year": 22.93,
            "roe": 3.85,
            "roe_4q": 13.27,
            "gross_profit": 1189623,
            "gross_margin": 20.21,
            "gross_margin_4q_avg": 20.48,
            "net_income": 459462,
            "net_income_4q": null,
            "revenue": 5885877,
            "revenue_4q": null,
            "common_shares": 1100000,
            "book_valuer_per_share": 90.66,
            "book_valuer_per_share_4q_avg": 88.49,
            "equity": 11803181,
            "current_ratio": 125.93,
            "debt_ratio": 57.25,
            "inventory_turnover_ratio": 1,
            "account_receivable_turnover_ratio": 1.42,
            "reinvestment_rate": 208.59,
            "research_to_sale_ratio": 2.81,
            "price_fair": 431.67,
            "eps_avg_yearly": 12.33,
            "eps_latest_yearly": 13.48,
            "eps_growth_yearly": 107.72
        },
        "20183": {
            "year_quarter": 20183,
            "year": 2018,
            "quarter": 3,
            "eps": 2.19,
            "eps_growth_year": 51.03,
            "eps_4q": 11.26,
            "eps_4q_growth_year": 33.98,
            "roe": 2.88,
            "roe_4q": 13.96,
            "gross_profit": 1099120,
            "gross_margin": 19.56,
            "gross_margin_4q_avg": 20.8,
            "net_income": 357315,
            "net_income_4q": null,
            "revenue": 5619091,
            "revenue_4q": null,
            "common_shares": 1190000,
            "book_valuer_per_share": 93.75,
            "book_valuer_per_share_4q_avg": 91.09,
            "equity": 13051614,
            "current_ratio": 128.05,
            "debt_ratio": 55.64,
            "inventory_turnover_ratio": 0.93,
            "account_receivable_turnover_ratio": 1.21,
            "reinvestment_rate": 194.53,
            "research_to_sale_ratio": 2.95,
            "price_fair": 422.05,
            "eps_avg_yearly": 12.06,
            "eps_latest_yearly": 8.76,
            "eps_growth_yearly": 88.66
        },
        "20184": {
            "year_quarter": 20184,
            "year": 2018,
            "quarter": 4,
            "eps": 1.68,
            "eps_growth_year": -55.57,
            "eps_4q": 9.49,
            "eps_4q_growth_year": -2.59,
            "roe": 2,
            "roe_4q": 11.870000000000001,
            "gross_profit": 1051440,
            "gross_margin": 18.18,
            "gross_margin_4q_avg": 19.43,
            "net_income": 264941,
            "net_income_4q": null,
            "revenue": 5783410,
            "revenue_4q": null,
            "common_shares": 1190000,
            "book_valuer_per_share": 92.86,
            "book_valuer_per_share_4q_avg": 92.38,
            "equity": 13399473,
            "current_ratio": 119.02,
            "debt_ratio": 56.8,
            "inventory_turnover_ratio": 0.9,
            "account_receivable_turnover_ratio": 1.16,
            "reinvestment_rate": 103,
            "research_to_sale_ratio": 5.39,
            "price_fair": 408.7,
            "eps_avg_yearly": 11.68,
            "eps_latest_yearly": 6.72,
            "eps_growth_yearly": 75.68
        },
        "20191": {
            "year_quarter": 20191,
            "year": 2019,
            "quarter": 1,
            "eps": 1.88,
            "eps_growth_year": -31.39,
            "eps_4q": 8.85,
            "eps_4q_growth_year": -13.59,
            "roe": 2.18,
            "roe_4q": 10.91,
            "gross_profit": 884073,
            "gross_margin": 17.28,
            "gross_margin_4q_avg": 18.81,
            "net_income": 299439,
            "net_income_4q": null,
            "revenue": 5117074,
            "revenue_4q": null,
            "common_shares": 1180070,
            "book_valuer_per_share": 97.39,
            "book_valuer_per_share_4q_avg": 93.67,
            "equity": 14013212,
            "current_ratio": 117.13,
            "debt_ratio": 54.99,
            "inventory_turnover_ratio": 0.76,
            "account_receivable_turnover_ratio": 1.02,
            "reinvestment_rate": 127.28,
            "research_to_sale_ratio": 2.9,
            "price_fair": 399,
            "eps_avg_yearly": 11.4,
            "eps_latest_yearly": 7.52,
            "eps_growth_yearly": 73.81
        },
        "20192": {
            "year_quarter": 20192,
            "year": 2019,
            "quarter": 2,
            "eps": 1.12,
            "eps_growth_year": -66.77,
            "eps_4q": 6.82,
            "eps_4q_growth_year": -39.84,
            "roe": 1.7,
            "roe_4q": 8.76,
            "gross_profit": 981638,
            "gross_margin": 17.93,
            "gross_margin_4q_avg": 18.24,
            "net_income": 233686,
            "net_income_4q": null,
            "revenue": 5475105,
            "revenue_4q": null,
            "common_shares": 1180070,
            "book_valuer_per_share": 92.6,
            "book_valuer_per_share_4q_avg": 94.15,
            "equity": 13538305,
            "current_ratio": 108.41,
            "debt_ratio": 54.9,
            "inventory_turnover_ratio": 0.84,
            "account_receivable_turnover_ratio": 1.11,
            "reinvestment_rate": 118.4,
            "research_to_sale_ratio": 3.14,
            "price_fair": 383.86,
            "eps_avg_yearly": 10.97,
            "eps_latest_yearly": 4.48,
            "eps_growth_yearly": 59.09
        },
        "20193": {
            "year_quarter": 20193,
            "year": 2019,
            "quarter": 3,
            "eps": 1.14,
            "eps_growth_year": -47.95,
            "eps_4q": 5.82,
            "eps_4q_growth_year": -48.29,
            "roe": 1.57,
            "roe_4q": 7.45,
            "gross_profit": 922196,
            "gross_margin": 16.75,
            "gross_margin_4q_avg": 17.54,
            "net_income": 208777,
            "net_income_4q": null,
            "revenue": 5504712,
            "revenue_4q": null,
            "common_shares": 1180070,
            "book_valuer_per_share": 89.49,
            "book_valuer_per_share_4q_avg": 93.09,
            "equity": 13007995,
            "current_ratio": 103.89,
            "debt_ratio": 56.76,
            "inventory_turnover_ratio": 0.94,
            "account_receivable_turnover_ratio": 1.07,
            "reinvestment_rate": 103.62,
            "research_to_sale_ratio": 3.65,
            "price_fair": 374.41,
            "eps_avg_yearly": 10.7,
            "eps_latest_yearly": 4.56,
            "eps_growth_yearly": 48.26
        },
        "20194": {
            "year_quarter": 20194,
            "year": 2019,
            "quarter": 4,
            "eps": 1.32,
            "eps_growth_year": -21.48,
            "eps_4q": 5.46,
            "eps_4q_growth_year": -42.51,
            "roe": 1.73,
            "roe_4q": 7.18,
            "gross_profit": 956296,
            "gross_margin": 15.57,
            "gross_margin_4q_avg": 16.88,
            "net_income": 226118,
            "net_income_4q": null,
            "revenue": 6142982,
            "revenue_4q": null,
            "common_shares": 1180070,
            "book_valuer_per_share": 91.96,
            "book_valuer_per_share_4q_avg": 92.86,
            "equity": 13084034,
            "current_ratio": 118.95,
            "debt_ratio": 56.66,
            "inventory_turnover_ratio": 1.11,
            "account_receivable_turnover_ratio": 1.2,
            "reinvestment_rate": 114.54,
            "research_to_sale_ratio": 2.61,
            "price_fair": 27.5,
            "eps_avg_yearly": 9.17,
            "eps_latest_yearly": 5.28,
            "eps_growth_yearly": -6.69
        },
        "20201": {
            "year_quarter": 20201,
            "year": 2020,
            "quarter": 1,
            "eps": -0.83,
            "eps_growth_year": -144.15,
            "eps_4q": 2.74,
            "eps_4q_growth_year": -69.03,
            "roe": -0.54,
            "roe_4q": 4.46,
            "gross_profit": 422749,
            "gross_margin": 11.41,
            "gross_margin_4q_avg": 15.42,
            "net_income": -69951,
            "net_income_4q": null,
            "revenue": 3704667,
            "revenue_4q": null,
            "common_shares": 1180070,
            "book_valuer_per_share": 89.84,
            "book_valuer_per_share_4q_avg": 90.97,
            "equity": 12838051,
            "current_ratio": 116.17,
            "debt_ratio": 55.03,
            "inventory_turnover_ratio": 0.74,
            "account_receivable_turnover_ratio": 0.92,
            "reinvestment_rate": 122.86,
            "research_to_sale_ratio": 4.09,
            "price_fair": 165.35,
            "eps_avg_yearly": 8.95,
            "eps_latest_yearly": 5.28,
            "eps_growth_yearly": 8.47
        },
        "20202": {
            "year_quarter": 20202,
            "year": 2020,
            "quarter": 2,
            "eps": 1.29,
            "eps_growth_year": 15.18,
            "eps_4q": 2.91,
            "eps_4q_growth_year": -57.35,
            "roe": 1.55,
            "roe_4q": 4.3100000000000005,
            "gross_profit": 931696,
            "gross_margin": 18.46,
            "gross_margin_4q_avg": 15.55,
            "net_income": 194439,
            "net_income_4q": null,
            "revenue": 5046005,
            "revenue_4q": null,
            "common_shares": 1180070,
            "book_valuer_per_share": 85.09,
            "book_valuer_per_share_4q_avg": 89.1,
            "equity": 12232095,
            "current_ratio": 109.48,
            "debt_ratio": 57.61,
            "inventory_turnover_ratio": 0.96,
            "account_receivable_turnover_ratio": 1.36,
            "reinvestment_rate": 104.16,
            "research_to_sale_ratio": 3.86,
            "price_fair": 115.49,
            "eps_avg_yearly": 8.54,
            "eps_latest_yearly": 5.28,
            "eps_growth_yearly": 3.53
        },
        "20203": {
            "year_quarter": 20203,
            "year": 2020,
            "quarter": 3,
            "eps": 1.75,
            "eps_growth_year": 53.51,
            "eps_4q": 3.52,
            "eps_4q_growth_year": -39.53,
            "roe": 2.78,
            "roe_4q": 5.52,
            "gross_profit": 978411,
            "gross_margin": 18.03,
            "gross_margin_4q_avg": 15.87,
            "net_income": 347983,
            "net_income_4q": null,
            "revenue": 5426621,
            "revenue_4q": null,
            "common_shares": 1180070,
            "book_valuer_per_share": 88.95,
            "book_valuer_per_share_4q_avg": 88.96,
            "equity": 12785258,
            "current_ratio": 118.18,
            "debt_ratio": 58.27,
            "inventory_turnover_ratio": 0.98,
            "account_receivable_turnover_ratio": 1.18,
            "reinvestment_rate": 117.03,
            "research_to_sale_ratio": 3.32,
            "price_fair": 291.18,
            "eps_avg_yearly": 8.39,
            "eps_latest_yearly": 7,
            "eps_growth_yearly": 24.71
        },
        "20204": {
            "year_quarter": 20204,
            "year": 2020,
            "quarter": 4,
            "eps": 1.87,
            "eps_growth_year": 41.9,
            "eps_4q": 4.07,
            "eps_4q_growth_year": -25.39,
            "roe": 2.69,
            "roe_4q": 6.4799999999999995,
            "gross_profit": 1123846,
            "gross_margin": 15.05,
            "gross_margin_4q_avg": 15.74,
            "net_income": 352995,
            "net_income_4q": null,
            "revenue": 7466859,
            "revenue_4q": null,
            "common_shares": 1180070,
            "book_valuer_per_share": 93.86,
            "book_valuer_per_share_4q_avg": 89.44,
            "equity": 13445532,
            "current_ratio": 120.25,
            "debt_ratio": 58.46,
            "inventory_turnover_ratio": 1.45,
            "account_receivable_turnover_ratio": 1.41,
            "reinvestment_rate": 100.88,
            "research_to_sale_ratio": 2.93,
            "price_fair": 285.17,
            "eps_avg_yearly": 8.23,
            "eps_latest_yearly": 7.48,
            "eps_growth_yearly": 24.66
        },
        "20211": {
            "year_quarter": 20211,
            "year": 2021,
            "quarter": 1,
            "eps": 1.29,
            "eps_growth_year": null,
            "eps_4q": 6.2,
            "eps_4q_growth_year": 126.21,
            "roe": 1.47,
            "roe_4q": 8.49,
            "gross_profit": 683066,
            "gross_margin": 15.4,
            "gross_margin_4q_avg": 16.74,
            "net_income": 197999,
            "net_income_4q": null,
            "revenue": 4434605,
            "revenue_4q": null,
            "common_shares": 1180070,
            "book_valuer_per_share": 93.92,
            "book_valuer_per_share_4q_avg": 90.46,
            "equity": 13478125,
            "current_ratio": 118.81,
            "debt_ratio": 56.71,
            "inventory_turnover_ratio": 0.83,
            "account_receivable_turnover_ratio": 0.94,
            "reinvestment_rate": 108.49,
            "research_to_sale_ratio": 4.67,
            "price_fair": 222.01,
            "eps_avg_yearly": 7.95,
            "eps_latest_yearly": 5.16,
            "eps_growth_yearly": 17.91
        },
        "20212": {
            "year_quarter": 20212,
            "year": 2021,
            "quarter": 2,
            "eps": 0.5,
            "eps_growth_year": -61.24,
            "eps_4q": 5.4,
            "eps_4q_growth_year": 85.71,
            "roe": 0.84,
            "roe_4q": 7.779999999999999,
            "gross_profit": 715766,
            "gross_margin": 13.18,
            "gross_margin_4q_avg": 15.42,
            "net_income": 116359,
            "net_income_4q": null,
            "revenue": 5429361,
            "revenue_4q": null,
            "common_shares": 1180070,
            "book_valuer_per_share": 88.03,
            "book_valuer_per_share_4q_avg": 91.19,
            "equity": 14347760,
            "current_ratio": 122.5,
            "debt_ratio": 54.08,
            "inventory_turnover_ratio": 0.99,
            "account_receivable_turnover_ratio": 1.36,
            "reinvestment_rate": 90.32,
            "research_to_sale_ratio": 3.65,
            "price_fair": 74.49,
            "eps_avg_yearly": 7.45,
            "eps_latest_yearly": 2,
            "eps_growth_yearly": 0.16
        },
        "20213": {
            "year_quarter": 20213,
            "year": 2021,
            "quarter": 3,
            "eps": 1.39,
            "eps_growth_year": -20.57,
            "eps_4q": 5.04,
            "eps_4q_growth_year": 43.23,
            "roe": 1.18,
            "roe_4q": 6.18,
            "gross_profit": 658140,
            "gross_margin": 14.34,
            "gross_margin_4q_avg": 14.49,
            "net_income": 170022,
            "net_income_4q": null,
            "revenue": 4591014,
            "revenue_4q": null,
            "common_shares": 1180070,
            "book_valuer_per_share": 89.31,
            "book_valuer_per_share_4q_avg": 91.28,
            "equity": 14503242,
            "current_ratio": 123.71,
            "debt_ratio": 52.96,
            "inventory_turnover_ratio": 0.83,
            "account_receivable_turnover_ratio": 1.05,
            "reinvestment_rate": 78.12,
            "research_to_sale_ratio": 4.81,
            "price_fair": 260.1,
            "eps_avg_yearly": 7.43,
            "eps_latest_yearly": 5.56,
            "eps_growth_yearly": 61.34
        },
        "20214": {
            "year_quarter": 20214,
            "year": 2021,
            "quarter": 4,
            "eps": 2.46,
            "eps_growth_year": 31.8,
            "eps_4q": 5.64,
            "eps_4q_growth_year": 38.42,
            "roe": 3.35,
            "roe_4q": 6.84,
            "gross_profit": 987894,
            "gross_margin": 16.97,
            "gross_margin_4q_avg": 14.97,
            "net_income": 496069,
            "net_income_4q": null,
            "revenue": 5822233,
            "revenue_4q": null,
            "common_shares": 1180070,
            "book_valuer_per_share": 92.39,
            "book_valuer_per_share_4q_avg": 90.91,
            "equity": 15091447,
            "current_ratio": 131.97,
            "debt_ratio": 53.07,
            "inventory_turnover_ratio": 0.97,
            "account_receivable_turnover_ratio": 1.18,
            "reinvestment_rate": 47.71,
            "research_to_sale_ratio": 4.16,
            "price_fair": 247,
            "eps_avg_yearly": 7.06,
            "eps_latest_yearly": 9.84,
            "eps_growth_yearly": 37.62
        },
        "20221": {
            "year_quarter": 20221,
            "year": 2022,
            "quarter": 1,
            "eps": -0.53,
            "eps_growth_year": -141.09,
            "eps_4q": 3.81,
            "eps_4q_growth_year": -38.45,
            "roe": -0.33,
            "roe_4q": 5.04,
            "gross_profit": 492705,
            "gross_margin": 10.03,
            "gross_margin_4q_avg": 13.63,
            "net_income": -51641,
            "net_income_4q": null,
            "revenue": 4910649,
            "revenue_4q": null,
            "common_shares": 1181324,
            "book_valuer_per_share": 96.41,
            "book_valuer_per_share_4q_avg": 91.54,
            "equity": 15753354,
            "current_ratio": 132.04,
            "debt_ratio": 51.59,
            "inventory_turnover_ratio": 0.86,
            "account_receivable_turnover_ratio": 0.95,
            "reinvestment_rate": 58.44,
            "research_to_sale_ratio": 4.17,
            "price_fair": 236.49,
            "eps_avg_yearly": 6.76,
            "eps_latest_yearly": 9.84,
            "eps_growth_yearly": 48.92
        },
        "20222": {
            "year_quarter": 20222,
            "year": 2022,
            "quarter": 2,
            "eps": -1,
            "eps_growth_year": -300,
            "eps_4q": 2.32,
            "eps_4q_growth_year": -57.08,
            "roe": -1.17,
            "roe_4q": 3.0300000000000002,
            "gross_profit": 276334,
            "gross_margin": 7.14,
            "gross_margin_4q_avg": 12.12,
            "net_income": -179635,
            "net_income_4q": null,
            "revenue": 3867772,
            "revenue_4q": null,
            "common_shares": 1181324,
            "book_valuer_per_share": 90.85,
            "book_valuer_per_share_4q_avg": 92.24,
            "equity": 14956354,
            "current_ratio": 124.98,
            "debt_ratio": 53.39,
            "inventory_turnover_ratio": 0.63,
            "account_receivable_turnover_ratio": 0.81,
            "reinvestment_rate": 37.98,
            "research_to_sale_ratio": 5.61,
            "price_fair": 216.88,
            "eps_avg_yearly": 6.2,
            "eps_latest_yearly": 9.84,
            "eps_growth_yearly": 45.33
        },
        "20223": {
            "year_quarter": 20223,
            "year": 2022,
            "quarter": 3,
            "eps": 0.77,
            "eps_growth_year": -44.6,
            "eps_4q": 1.7,
            "eps_4q_growth_year": -66.31,
            "roe": 0.85,
            "roe_4q": 2.7,
            "gross_profit": 819688,
            "gross_margin": 11.62,
            "gross_margin_4q_avg": 11.44,
            "net_income": 128050,
            "net_income_4q": null,
            "revenue": 7052751,
            "revenue_4q": null,
            "common_shares": 1184636,
            "book_valuer_per_share": 92.39,
            "book_valuer_per_share_4q_avg": 93.01,
            "equity": 15233912,
            "current_ratio": 122.18,
            "debt_ratio": 55.49,
            "inventory_turnover_ratio": 0.98,
            "account_receivable_turnover_ratio": 1.34,
            "reinvestment_rate": 62.84,
            "research_to_sale_ratio": 3.07,
            "price_fair": 208.73,
            "eps_avg_yearly": 5.96,
            "eps_latest_yearly": 9.84,
            "eps_growth_yearly": 62.18
        },
        "20224": {
            "year_quarter": 20224,
            "year": 2022,
            "quarter": 4,
            "eps": 1.92,
            "eps_growth_year": -22.07,
            "eps_4q": 1.17,
            "eps_4q_growth_year": -79.33,
            "roe": 1.97,
            "roe_4q": 1.3199999999999998,
            "gross_profit": 812501,
            "gross_margin": 11.69,
            "gross_margin_4q_avg": 10.12,
            "net_income": 300010,
            "net_income_4q": null,
            "revenue": 6949261,
            "revenue_4q": null,
            "common_shares": 1184964,
            "book_valuer_per_share": 92.53,
            "book_valuer_per_share_4q_avg": 93.05,
            "equity": 15252945,
            "current_ratio": 126.04,
            "debt_ratio": 58.04,
            "inventory_turnover_ratio": 0.98,
            "account_receivable_turnover_ratio": 1.16,
            "reinvestment_rate": 117.36,
            "research_to_sale_ratio": 3.9,
            "price_fair": 211.78,
            "eps_avg_yearly": 6.05,
            "eps_latest_yearly": 7.68,
            "eps_growth_yearly": 124.96
        },
        "20231": {
            "year_quarter": 20231,
            "year": 2023,
            "quarter": 1,
            "eps": -0.5,
            "eps_growth_year": null,
            "eps_4q": 1.19,
            "eps_4q_growth_year": -68.7,
            "roe": -0.34,
            "roe_4q": 1.31,
            "gross_profit": 614045,
            "gross_margin": 11.66,
            "gross_margin_4q_avg": 10.53,
            "net_income": -51433,
            "net_income_4q": null,
            "revenue": 5268190,
            "revenue_4q": null,
            "common_shares": 1187621,
            "book_valuer_per_share": 92.49,
            "book_valuer_per_share_4q_avg": 92.07,
            "equity": 15300581,
            "current_ratio": 132.47,
            "debt_ratio": 58.22,
            "inventory_turnover_ratio": 0.79,
            "account_receivable_turnover_ratio": 0.86,
            "reinvestment_rate": 132.44,
            "research_to_sale_ratio": 3.65,
            "price_fair": 206.64,
            "eps_avg_yearly": 5.9,
            "eps_latest_yearly": 7.68,
            "eps_growth_yearly": 132.7
        },
        "20232": {
            "year_quarter": 20232,
            "year": 2023,
            "quarter": 2,
            "eps": -0.1,
            "eps_growth_year": null,
            "eps_4q": 2.06,
            "eps_4q_growth_year": -11.17,
            "roe": -0.09,
            "roe_4q": 2.39,
            "gross_profit": 760664,
            "gross_margin": 12.3,
            "gross_margin_4q_avg": 11.82,
            "net_income": -13048,
            "net_income_4q": null,
            "revenue": 6183045,
            "revenue_4q": null,
            "common_shares": 1201183,
            "book_valuer_per_share": 87.63,
            "book_valuer_per_share_4q_avg": 91.26,
            "equity": 14700945,
            "current_ratio": 125.76,
            "debt_ratio": 59.03,
            "inventory_turnover_ratio": 0.99,
            "account_receivable_turnover_ratio": 1,
            "reinvestment_rate": 111.36,
            "research_to_sale_ratio": 3.79,
            "price_fair": 212.18,
            "eps_avg_yearly": 6.06,
            "eps_latest_yearly": 7.68,
            "eps_growth_yearly": 165.41
        },
        "20233": {
            "year_quarter": 20233,
            "year": 2023,
            "quarter": 3,
            "eps": 0.47,
            "eps_growth_year": -38.96,
            "eps_4q": 1.77,
            "eps_4q_growth_year": 4.06,
            "roe": 0.58,
            "roe_4q": 2.12,
            "gross_profit": 813355,
            "gross_margin": 13.26,
            "gross_margin_4q_avg": 12.23,
            "net_income": 87372,
            "net_income_4q": null,
            "revenue": 6132430,
            "revenue_4q": null,
            "common_shares": 1203372,
            "book_valuer_per_share": 91.86,
            "book_valuer_per_share_4q_avg": 91.13,
            "equity": 15392816,
            "current_ratio": 131.7,
            "debt_ratio": 58.23,
            "inventory_turnover_ratio": 1,
            "account_receivable_turnover_ratio": 0.94,
            "reinvestment_rate": 199.23,
            "research_to_sale_ratio": 3.76,
            "price_fair": 218.75,
            "eps_avg_yearly": 6.25,
            "eps_latest_yearly": 7.68,
            "eps_growth_yearly": 185.19
        }
    },
    "months": {
        "2015-09": {
            "month": "2015-09",
            "price": "147.30",
            "revenue": 928797
        },
        "2015-10": {
            "month": "2015-10",
            "price": "159.45",
            "revenue": 906600
        },
        "2015-11": {
            "month": "2015-11",
            "price": "169.71",
            "revenue": 1081453
        },
        "2015-12": {
            "month": "2015-12",
            "price": "183.90",
            "revenue": 1190297
        },
        "2016-01": {
            "month": "2016-01",
            "price": "143.38",
            "revenue": 1211737
        },
        "2016-02": {
            "month": "2016-02",
            "price": "158.77",
            "revenue": 1030158
        },
        "2016-03": {
            "month": "2016-03",
            "price": "170.50",
            "revenue": 817917
        },
        "2016-04": {
            "month": "2016-04",
            "price": "161.53",
            "revenue": 1143100
        },
        "2016-05": {
            "month": "2016-05",
            "price": "158.93",
            "revenue": 1494856
        },
        "2016-06": {
            "month": "2016-06",
            "price": "164.95",
            "revenue": 1431372
        },
        "2016-07": {
            "month": "2016-07",
            "price": "166.00",
            "revenue": 1271196
        },
        "2016-08": {
            "month": "2016-08",
            "price": "202.72",
            "revenue": 1317817
        },
        "2016-09": {
            "month": "2016-09",
            "price": "203.68",
            "revenue": 1241085
        },
        "2016-10": {
            "month": "2016-10",
            "price": "186.12",
            "revenue": 1272341
        },
        "2016-11": {
            "month": "2016-11",
            "price": "174.09",
            "revenue": 1584155
        },
        "2016-12": {
            "month": "2016-12",
            "price": "179.11",
            "revenue": 1677620
        },
        "2017-01": {
            "month": "2017-01",
            "price": "186.59",
            "revenue": 1627668
        },
        "2017-02": {
            "month": "2017-02",
            "price": "186.14",
            "revenue": 1281369
        },
        "2017-03": {
            "month": "2017-03",
            "price": "176.63",
            "revenue": 1338870
        },
        "2017-04": {
            "month": "2017-04",
            "price": "153.61",
            "revenue": 1601987
        },
        "2017-05": {
            "month": "2017-05",
            "price": "164.38",
            "revenue": 1331003
        },
        "2017-06": {
            "month": "2017-06",
            "price": "163.78",
            "revenue": 1493960
        },
        "2017-07": {
            "month": "2017-07",
            "price": "160.14",
            "revenue": 1356782
        },
        "2017-08": {
            "month": "2017-08",
            "price": "156.91",
            "revenue": 1615889
        },
        "2017-09": {
            "month": "2017-09",
            "price": "171.66",
            "revenue": 1524938
        },
        "2017-10": {
            "month": "2017-10",
            "price": "180.97",
            "revenue": 1691698
        },
        "2017-11": {
            "month": "2017-11",
            "price": "155.25",
            "revenue": 1785124
        },
        "2017-12": {
            "month": "2017-12",
            "price": "142.67",
            "revenue": 2125852
        },
        "2018-01": {
            "month": "2018-01",
            "price": "160.50",
            "revenue": 1781648
        },
        "2018-02": {
            "month": "2018-02",
            "price": "155.42",
            "revenue": 1557663
        },
        "2018-03": {
            "month": "2018-03",
            "price": "165.39",
            "revenue": 1363537
        },
        "2018-04": {
            "month": "2018-04",
            "price": "157.28",
            "revenue": 2036297
        },
        "2018-05": {
            "month": "2018-05",
            "price": "154.91",
            "revenue": 1911677
        },
        "2018-06": {
            "month": "2018-06",
            "price": "167.90",
            "revenue": 1794177
        },
        "2018-07": {
            "month": "2018-07",
            "price": "160.09",
            "revenue": 1912597
        },
        "2018-08": {
            "month": "2018-08",
            "price": "157.72",
            "revenue": 1865617
        },
        "2018-09": {
            "month": "2018-09",
            "price": "147.71",
            "revenue": 1721021
        },
        "2018-10": {
            "month": "2018-10",
            "price": "124.23",
            "revenue": 1796937
        },
        "2018-11": {
            "month": "2018-11",
            "price": "116.75",
            "revenue": 1855654
        },
        "2018-12": {
            "month": "2018-12",
            "price": "122.05",
            "revenue": 2147667
        },
        "2019-01": {
            "month": "2019-01",
            "price": "124.60",
            "revenue": 1848933
        },
        "2019-02": {
            "month": "2019-02",
            "price": "128.00",
            "revenue": 1516332
        },
        "2019-03": {
            "month": "2019-03",
            "price": "129.98",
            "revenue": 1662979
        },
        "2019-04": {
            "month": "2019-04",
            "price": "124.92",
            "revenue": 1864906
        },
        "2019-05": {
            "month": "2019-05",
            "price": "113.02",
            "revenue": 1556409
        },
        "2019-06": {
            "month": "2019-06",
            "price": "105.71",
            "revenue": 1869266
        },
        "2019-07": {
            "month": "2019-07",
            "price": "107.11",
            "revenue": 1685048
        },
        "2019-08": {
            "month": "2019-08",
            "price": "99.08",
            "revenue": 1676396
        },
        "2019-09": {
            "month": "2019-09",
            "price": "100.57",
            "revenue": 2153418
        },
        "2019-10": {
            "month": "2019-10",
            "price": "99.87",
            "revenue": 1526049
        },
        "2019-11": {
            "month": "2019-11",
            "price": "94.34",
            "revenue": 2161134
        },
        "2019-12": {
            "month": "2019-12",
            "price": "93.66",
            "revenue": 2435003
        },
        "2020-01": {
            "month": "2020-01",
            "price": "93.84",
            "revenue": 1818040
        },
        "2020-02": {
            "month": "2020-02",
            "price": "81.75",
            "revenue": 992988
        },
        "2020-03": {
            "month": "2020-03",
            "price": "59.83",
            "revenue": 806860
        },
        "2020-04": {
            "month": "2020-04",
            "price": "57.91",
            "revenue": 1761050
        },
        "2020-05": {
            "month": "2020-05",
            "price": "60.09",
            "revenue": 1668489
        },
        "2020-06": {
            "month": "2020-06",
            "price": "83.45",
            "revenue": 1718581
        },
        "2020-07": {
            "month": "2020-07",
            "price": "77.63",
            "revenue": 1833385
        },
        "2020-08": {
            "month": "2020-08",
            "price": "75.88",
            "revenue": 1675178
        },
        "2020-09": {
            "month": "2020-09",
            "price": "76.96",
            "revenue": 1923209
        },
        "2020-10": {
            "month": "2020-10",
            "price": "78.29",
            "revenue": 1883545
        },
        "2020-11": {
            "month": "2020-11",
            "price": "90.53",
            "revenue": 2502038
        },
        "2020-12": {
            "month": "2020-12",
            "price": "97.20",
            "revenue": 3075496
        },
        "2021-01": {
            "month": "2021-01",
            "price": "109.70",
            "revenue": 1686817
        },
        "2021-02": {
            "month": "2021-02",
            "price": "102.08",
            "revenue": 1424625
        },
        "2021-03": {
            "month": "2021-03",
            "price": "99.20",
            "revenue": 1324061
        },
        "2021-04": {
            "month": "2021-04",
            "price": "106.47",
            "revenue": 1866501
        },
        "2021-05": {
            "month": "2021-05",
            "price": "90.36",
            "revenue": 1744061
        },
        "2021-06": {
            "month": "2021-06",
            "price": "89.80",
            "revenue": 1820107
        },
        "2021-07": {
            "month": "2021-07",
            "price": "88.64",
            "revenue": 1599534
        },
        "2021-08": {
            "month": "2021-08",
            "price": "76.31",
            "revenue": 1356534
        },
        "2021-09": {
            "month": "2021-09",
            "price": "66.46",
            "revenue": 1505142
        },
        "2021-10": {
            "month": "2021-10",
            "price": "61.51",
            "revenue": 1743019
        },
        "2021-11": {
            "month": "2021-11",
            "price": "72.33",
            "revenue": 1863503
        },
        "2021-12": {
            "month": "2021-12",
            "price": "82.06",
            "revenue": 2203754
        },
        "2022-01": {
            "month": "2022-01",
            "price": "84.89",
            "revenue": 2138384
        },
        "2022-02": {
            "month": "2022-02",
            "price": "80.54",
            "revenue": 1382009
        },
        "2022-03": {
            "month": "2022-03",
            "price": "72.95",
            "revenue": 1255965
        },
        "2022-04": {
            "month": "2022-04",
            "price": "70.47",
            "revenue": 1300218
        },
        "2022-05": {
            "month": "2022-05",
            "price": "60.58",
            "revenue": 730776
        },
        "2022-06": {
            "month": "2022-06",
            "price": "57.24",
            "revenue": 1910647
        },
        "2022-07": {
            "month": "2022-07",
            "price": "58.09",
            "revenue": 2170666
        },
        "2022-08": {
            "month": "2022-08",
            "price": "65.74",
            "revenue": 2368562
        },
        "2022-09": {
            "month": "2022-09",
            "price": "75.03",
            "revenue": 2540206
        },
        "2022-10": {
            "month": "2022-10",
            "price": "67.28",
            "revenue": 2317774
        },
        "2022-11": {
            "month": "2022-11",
            "price": "61.73",
            "revenue": 2124426
        },
        "2022-12": {
            "month": "2022-12",
            "price": "61.18",
            "revenue": 2539584
        },
        "2023-01": {
            "month": "2023-01",
            "price": "60.35",
            "revenue": 1927832
        },
        "2023-02": {
            "month": "2023-02",
            "price": "63.52",
            "revenue": 1223164
        },
        "2023-03": {
            "month": "2023-03",
            "price": "67.96",
            "revenue": 1966192
        },
        "2023-04": {
            "month": "2023-04",
            "price": "73.82",
            "revenue": 2214334
        },
        "2023-05": {
            "month": "2023-05",
            "price": "75.22",
            "revenue": 1720722
        },
        "2023-06": {
            "month": "2023-06",
            "price": "81.02",
            "revenue": 1871097
        },
        "2023-07": {
            "month": "2023-07",
            "price": "72.77",
            "revenue": 2191695
        },
        "2023-08": {
            "month": "2023-08",
            "price": "65.12",
            "revenue": 1912111
        },
        "2023-09": {
            "month": "2023-09",
            "price": "61.36",
            "revenue": 2068556
        },
        "2023-10": {
            "month": "2023-10",
            "price": "57.04",
            "revenue": 2124106
        },
        "2023-11": {
            "month": "2023-11",
            "price": "58.59",
            "revenue": 2092982
        },
        "2023-12": {
            "month": "2023-12",
            "price": "60.03",
            "revenue": 2283415
        }
    }
}
