{
    "summary": {
        "stock_name": "光寶科",
        "stock_id": "2301",
        "category": "電腦及週邊設備",
        "main_business": "電腦資訊系統及週邊設備之製造加工及買賣業務<br>多功能事務機、資料儲存設備之製造加工及買賣業務<br>網路設備、系統設備及其他影像處理設備之製造加工及買賣業務",
        "website_url": "http://www.liteon.com/",
        "ceo": "邱森彬",
        "pe_ratio": 18,
        "report_year_from": 2001,
        "report_year_to": 2023,
        "age": 23,
        "eps_negative_percentage": 0,
        "eps_growth_avg": {
            "last_all": 7.77,
            "last_2y": 15.04,
            "last_4y": 13.92,
            "last_8y": 15.46,
            "last_12y": 9.33,
            "last_16y": 9.18,
            "last_20y": 5.15,
            "at_2006_last_3y": -11.96,
            "at_2007_last_3y": -1.43,
            "at_2008_last_3y": -9.21,
            "at_2009_last_3y": 3.59,
            "at_2010_last_3y": 8.7,
            "at_2011_last_3y": 5.51,
            "at_2012_last_3y": 15.53,
            "at_2013_last_3y": 5.02,
            "at_2014_last_3y": -4.48,
            "at_2015_last_3y": 0.86,
            "at_2016_last_3y": 7.51,
            "at_2017_last_3y": -14.38,
            "at_2018_last_3y": 17.4,
            "at_2019_last_3y": 18.9,
            "at_2020_last_3y": 13.06,
            "at_2021_last_3y": 40.92,
            "at_2022_last_3y": 16.71,
            "at_2023_last_3y": 12.95,
            "at_2024_last_3y": 12.95,
            "at_2006_last_all": 2.98,
            "at_2007_last_all": 3.01,
            "at_2008_last_all": -2.65,
            "at_2009_last_all": 4.85,
            "at_2010_last_all": 5.52,
            "at_2011_last_all": 4.01,
            "at_2012_last_all": 3.96,
            "at_2013_last_all": 4.91,
            "at_2014_last_all": 2.45,
            "at_2015_last_all": 3.11,
            "at_2016_last_all": 4.91,
            "at_2017_last_all": 0.09,
            "at_2018_last_all": 5.96,
            "at_2019_last_all": 6.62,
            "at_2020_last_all": 6.62,
            "at_2021_last_all": 8.25,
            "at_2022_last_all": 8.01,
            "at_2023_last_all": 7.77,
            "at_2024_last_all": 7.77
        },
        "latest_eps": 6.32,
        "latest_price": 114,
        "latest_roe": 17.48,
        "latest_gross_margin": 22.04,
        "latest_equity": 85067412,
        "latest_revenue": 36909031,
        "latest_gross_profit": 8136525,
        "latest_net_income": 3457870,
        "latest_debt_ratio": 54.98,
        "latest_current_ratio": 158.79,
        "latest_account_receivable_turnover_ratio": 1.07,
        "latest_inventory_turnover_ratio": 1.11,
        "latest_reinvestment_rate": -5.52,
        "latest_research_to_sale_ratio": 6.17
    },
    "eps_dividends": {
        "1994": {
            "cash": 0,
            "stock": 1.1,
            "eps": 0
        },
        "1995": {
            "cash": 0,
            "stock": 1.2,
            "eps": 0
        },
        "1996": {
            "cash": 0.6,
            "stock": 3,
            "eps": 0
        },
        "1997": {
            "cash": 0,
            "stock": 3,
            "eps": 0
        },
        "1998": {
            "cash": 0.5,
            "stock": 2.2,
            "eps": 0
        },
        "2000": {
            "cash": 0,
            "stock": 1.5,
            "eps": 0
        },
        "2001": {
            "cash": 0.5,
            "stock": 2.5,
            "eps": 3.46
        },
        "2002": {
            "cash": 1.26,
            "stock": 1.26,
            "eps": 5.63
        },
        "2003": {
            "cash": 1.4,
            "stock": 1.6,
            "eps": 3.44
        },
        "2004": {
            "cash": 1.4,
            "stock": 1,
            "eps": 3.25
        },
        "2005": {
            "cash": 2,
            "stock": 0.2,
            "eps": 3.45
        },
        "2006": {
            "cash": 2.36,
            "stock": 0.05,
            "eps": 3.12
        },
        "2007": {
            "cash": 3.29,
            "stock": 0.07,
            "eps": 3.22
        },
        "2008": {
            "cash": 2.95,
            "stock": 0.05,
            "eps": 2.04
        },
        "2009": {
            "cash": 1.4,
            "stock": 0.05,
            "eps": 3.21
        },
        "2010": {
            "cash": 2.25,
            "stock": 0.05,
            "eps": 3.56
        },
        "2011": {
            "cash": 5.140000000000001,
            "stock": 0.1,
            "eps": 3.22
        },
        "2012": {
            "cash": 0,
            "stock": 0,
            "eps": 3.33
        },
        "2013": {
            "cash": 2.34,
            "stock": 0.05,
            "eps": 3.84
        },
        "2014": {
            "cash": 2.71,
            "stock": 0.05,
            "eps": 2.8
        },
        "2015": {
            "cash": 1.97,
            "stock": 0.05,
            "eps": 3.13
        },
        "2016": {
            "cash": 2.19,
            "stock": 0.05,
            "eps": 4.07
        },
        "2017": {
            "cash": 2.92,
            "stock": 0,
            "eps": 1.13
        },
        "2018": {
            "cash": 2.92,
            "stock": 0,
            "eps": 3.43
        },
        "2019": {
            "cash": 2.92,
            "stock": 0,
            "eps": 4.04
        },
        "2020": {
            "cash": 3.2,
            "stock": 0,
            "eps": 4.31
        },
        "2021": {
            "cash": 5.4,
            "stock": 0,
            "eps": 6
        },
        "2022": {
            "cash": 4,
            "stock": 0,
            "eps": 6.19
        },
        "2023": {
            "cash": 5,
            "stock": 0,
            "eps": 6.36
        },
        "2024": {
            "cash": 2.5,
            "stock": 0,
            "eps": 0
        }
    },
    "dividends": {
        "1994-05-31": {
            "cash": 0,
            "stock": 1.1
        },
        "1995-05-30": {
            "cash": 0,
            "stock": 1.2
        },
        "1996-04-02": {
            "cash": 0.6,
            "stock": 3
        },
        "1997-05-06": {
            "cash": 0,
            "stock": 3
        },
        "1998-05-19": {
            "cash": 0.5,
            "stock": 2.2
        },
        "2000-05-30": {
            "cash": 0,
            "stock": 1.5
        },
        "2001-04-19": {
            "cash": 0.5,
            "stock": 2.5
        },
        "2002-05-21": {
            "cash": 1.26,
            "stock": 1.26
        },
        "2003-05-13": {
            "cash": 1.4,
            "stock": 1.6
        },
        "2004-04-27": {
            "cash": 1.4,
            "stock": 1
        },
        "2005-05-03": {
            "cash": 2,
            "stock": 0.2
        },
        "2006-04-26": {
            "cash": 2.36,
            "stock": 0.05
        },
        "2007-04-25": {
            "cash": 3.29,
            "stock": 0.07
        },
        "2008-04-29": {
            "cash": 2.95,
            "stock": 0.05
        },
        "2009-04-28": {
            "cash": 1.4,
            "stock": 0.05
        },
        "2010-06-15": {
            "cash": 2.25,
            "stock": 0.05
        },
        "2011-01-01": {
            "cash": 2.27,
            "stock": 0.05
        },
        "2011-06-22": {
            "cash": 2.87,
            "stock": 0.05
        },
        "2013-03-29": {
            "cash": 2.34,
            "stock": 0.05
        },
        "2014-09-12": {
            "cash": 2.71,
            "stock": 0.05
        },
        "2015-09-14": {
            "cash": 1.97,
            "stock": 0.05
        },
        "2016-09-27": {
            "cash": 2.19,
            "stock": 0.05
        },
        "2017-09-12": {
            "cash": 2.92,
            "stock": 0
        },
        "2018-09-12": {
            "cash": 2.92,
            "stock": 0
        },
        "2019-08-20": {
            "cash": 2.92,
            "stock": 0
        },
        "2020-07-24": {
            "cash": 3.2,
            "stock": 0
        },
        "2021-07-23": {
            "cash": 3.4,
            "stock": 0
        },
        "2021-09-10": {
            "cash": 2,
            "stock": 0
        },
        "2022-04-22": {
            "cash": 2.5,
            "stock": 0
        },
        "2022-09-08": {
            "cash": 1.5,
            "stock": 0
        },
        "2023-04-21": {
            "cash": 3,
            "stock": 0
        },
        "2023-09-08": {
            "cash": 2,
            "stock": 0
        },
        "2024-02-26": {
            "cash": 2.5,
            "stock": 0
        }
    },
    "prices": {
        "200101": "16.29",
        "200102": "20.76",
        "200103": "24.30",
        "200104": "26.04",
        "200105": "20.97",
        "200106": "19.80",
        "200107": "15.75",
        "200108": "15.83",
        "200109": "12.39",
        "200110": "12.92",
        "200111": "16.04",
        "200112": "20.95",
        "200201": "30.22",
        "200202": "31.82",
        "200203": "35.07",
        "200204": "39.26",
        "200205": "36.16",
        "200206": "31.36",
        "200207": "30.54",
        "200208": "33.25",
        "200209": "30.05",
        "200210": "26.07",
        "200211": "46.75",
        "200212": "42.83",
        "200301": "43.27",
        "200302": "41.87",
        "200303": "40.81",
        "200304": "36.13",
        "200305": "32.95",
        "200306": "38.06",
        "200307": "40.51",
        "200308": "38.27",
        "200309": "38.05",
        "200310": "36.55",
        "200311": "37.54",
        "200312": "36.63",
        "200401": "38.29",
        "200402": "39.16",
        "200403": "37.96",
        "200404": "37.13",
        "200405": "34.64",
        "200406": "35.33",
        "200407": "33.23",
        "200408": "33.22",
        "200409": "32.03",
        "200410": "31.10",
        "200411": "31.64",
        "200412": "32.75",
        "200501": "33.02",
        "200502": "33.85",
        "200503": "33.72",
        "200504": "33.18",
        "200505": "33.60",
        "200506": "35.57",
        "200507": "37.43",
        "200508": "36.71",
        "200509": "36.42",
        "200510": "36.74",
        "200511": "40.17",
        "200512": "44.12",
        "200601": "44.58",
        "200602": "42.68",
        "200603": "43.64",
        "200604": "47.80",
        "200605": "53.02",
        "200606": "47.19",
        "200607": "45.75",
        "200608": "43.74",
        "200609": "42.75",
        "200610": "40.13",
        "200611": "42.20",
        "200612": "42.02",
        "200701": "45.44",
        "200702": "46.95",
        "200703": "43.41",
        "200704": "42.12",
        "200705": "39.98",
        "200706": "41.74",
        "200707": "46.96",
        "200708": "49.77",
        "200709": "48.11",
        "200710": "52.81",
        "200711": "57.24",
        "200712": "54.71",
        "200801": "49.15",
        "200802": "41.37",
        "200803": "37.93",
        "200804": "36.64",
        "200805": "35.24",
        "200806": "33.01",
        "200807": "27.78",
        "200808": "28.51",
        "200809": "27.31",
        "200810": "22.94",
        "200811": "22.19",
        "200812": "22.84",
        "200901": "20.82",
        "200902": "20.74",
        "200903": "23.09",
        "200904": "25.50",
        "200905": "27.03",
        "200906": "28.27",
        "200907": "31.45",
        "200908": "35.17",
        "200909": "41.05",
        "200910": "43.08",
        "200911": "44.78",
        "200912": "44.57",
        "201001": "45.85",
        "201002": "42.08",
        "201003": "42.02",
        "201004": "41.93",
        "201005": "37.93",
        "201006": "36.22",
        "201007": "38.44",
        "201008": "39.26",
        "201009": "38.68",
        "201010": "39.09",
        "201011": "40.15",
        "201012": "40.10",
        "201101": "40.18",
        "201102": "36.83",
        "201103": "36.28",
        "201104": "36.67",
        "201105": "36.34",
        "201106": "36.99",
        "201107": "37.53",
        "201108": "30.93",
        "201109": "29.65",
        "201110": "28.08",
        "201111": "30.17",
        "201112": "32.97",
        "201201": "36.31",
        "201202": "37.15",
        "201203": "37.59",
        "201204": "34.67",
        "201205": "35.93",
        "201206": "36.80",
        "201207": "37.81",
        "201208": "36.02",
        "201209": "36.46",
        "201210": "37.40",
        "201211": "37.58",
        "201212": "39.11",
        "201301": "39.85",
        "201302": "43.48",
        "201303": "47.09",
        "201304": "50.91",
        "201305": "49.93",
        "201306": "49.69",
        "201307": "51.74",
        "201308": "48.62",
        "201309": "51.00",
        "201310": "50.84",
        "201311": "48.90",
        "201312": "46.73",
        "201401": "46.14",
        "201402": "44.41",
        "201403": "43.42",
        "201404": "46.12",
        "201405": "47.19",
        "201406": "48.94",
        "201407": "53.26",
        "201408": "48.90",
        "201409": "47.19",
        "201410": "42.39",
        "201411": "39.25",
        "201412": "36.48",
        "201501": "38.58",
        "201502": "38.93",
        "201503": "41.05",
        "201504": "39.48",
        "201505": "38.86",
        "201506": "36.56",
        "201507": "35.67",
        "201508": "31.38",
        "201509": "31.37",
        "201510": "33.03",
        "201511": "33.92",
        "201512": "32.80",
        "201601": "31.65",
        "201602": "37.07",
        "201603": "37.52",
        "201604": "39.62",
        "201605": "39.79",
        "201606": "43.78",
        "201607": "48.10",
        "201608": "48.58",
        "201609": "47.40",
        "201610": "45.50",
        "201611": "46.72",
        "201612": "49.12",
        "201701": "48.66",
        "201702": "51.35",
        "201703": "52.17",
        "201704": "52.18",
        "201705": "50.33",
        "201706": "50.22",
        "201707": "50.90",
        "201708": "45.26",
        "201709": "43.71",
        "201710": "44.04",
        "201711": "38.42",
        "201712": "38.92",
        "201801": "40.95",
        "201802": "40.31",
        "201803": "41.72",
        "201804": "40.43",
        "201805": "38.47",
        "201806": "38.66",
        "201807": "37.89",
        "201808": "37.16",
        "201809": "37.00",
        "201810": "35.41",
        "201811": "38.51",
        "201812": "40.65",
        "201901": "43.00",
        "201902": "46.00",
        "201903": "44.10",
        "201904": "44.64",
        "201905": "43.75",
        "201906": "45.32",
        "201907": "45.58",
        "201908": "47.54",
        "201909": "48.76",
        "201910": "49.17",
        "201911": "50.21",
        "201912": "49.68",
        "202001": "48.88",
        "202002": "46.39",
        "202003": "41.65",
        "202004": "43.36",
        "202005": "47.01",
        "202006": "50.04",
        "202007": "46.74",
        "202008": "47.75",
        "202009": "46.21",
        "202010": "45.84",
        "202011": "47.77",
        "202012": "49.10",
        "202101": "53.58",
        "202102": "58.05",
        "202103": "60.50",
        "202104": "63.80",
        "202105": "63.77",
        "202106": "64.44",
        "202107": "58.37",
        "202108": "60.62",
        "202109": "61.68",
        "202110": "62.40",
        "202111": "61.28",
        "202112": "62.10",
        "202201": "63.76",
        "202202": "67.73",
        "202203": "68.69",
        "202204": "67.11",
        "202205": "63.21",
        "202206": "60.17",
        "202207": "59.61",
        "202208": "66.32",
        "202209": "66.87",
        "202210": "64.52",
        "202211": "66.16",
        "202212": "64.19",
        "202301": "65.28",
        "202302": "69.16",
        "202303": "72.51",
        "202304": "73.59",
        "202305": "79.72",
        "202306": "99.96",
        "202307": "133.74",
        "202308": "143.52",
        "202309": "125.80",
        "202310": "112.90",
        "202311": "109.73",
        "202312": "113.19"
    },
    "quarters": {
        "20011": {
            "year_quarter": 20011,
            "year": 2001,
            "quarter": 1,
            "eps": 1.01,
            "eps_growth_year": -19.2,
            "eps_4q": 5.26,
            "eps_4q_growth_year": 124.86,
            "roe": 4.6,
            "roe_4q": 4.6,
            "gross_profit": 489920,
            "gross_margin": 8.21,
            "gross_margin_4q_avg": 8.21,
            "net_income": 571525,
            "net_income_4q": null,
            "revenue": 5970420,
            "revenue_4q": null,
            "common_shares": 5741989,
            "book_valuer_per_share": 20.78,
            "book_valuer_per_share_4q_avg": 20.78,
            "equity": 11930056,
            "current_ratio": 145.99,
            "debt_ratio": 56.58,
            "inventory_turnover_ratio": 1.07,
            "account_receivable_turnover_ratio": null,
            "reinvestment_rate": null,
            "research_to_sale_ratio": null,
            "price_fair": 0,
            "eps_avg_yearly": 0,
            "eps_latest_yearly": 0,
            "eps_growth_yearly": 0
        },
        "20012": {
            "year_quarter": 20012,
            "year": 2001,
            "quarter": 2,
            "eps": 0.77,
            "eps_growth_year": -28.7,
            "eps_4q": 4.02,
            "eps_4q_growth_year": 39.68,
            "roe": 4.6,
            "roe_4q": 9.2,
            "gross_profit": 594100,
            "gross_margin": 11.6,
            "gross_margin_4q_avg": 9.91,
            "net_income": 559191,
            "net_income_4q": null,
            "revenue": 5119528,
            "revenue_4q": null,
            "common_shares": 7321780,
            "book_valuer_per_share": 16.9,
            "book_valuer_per_share_4q_avg": 18.84,
            "equity": 12370240,
            "current_ratio": 172.2,
            "debt_ratio": 54.86,
            "inventory_turnover_ratio": 1.71,
            "account_receivable_turnover_ratio": null,
            "reinvestment_rate": null,
            "research_to_sale_ratio": null,
            "price_fair": 0,
            "eps_avg_yearly": 0,
            "eps_latest_yearly": 0,
            "eps_growth_yearly": 0
        },
        "20013": {
            "year_quarter": 20013,
            "year": 2001,
            "quarter": 3,
            "eps": 0.58,
            "eps_growth_year": -79.79,
            "eps_4q": 2.33,
            "eps_4q_growth_year": -57.19,
            "roe": 3.4,
            "roe_4q": 12.6,
            "gross_profit": 430903,
            "gross_margin": 6.42,
            "gross_margin_4q_avg": 8.74,
            "net_income": 421541,
            "net_income_4q": null,
            "revenue": 6713565,
            "revenue_4q": null,
            "common_shares": 7321780,
            "book_valuer_per_share": 16.96,
            "book_valuer_per_share_4q_avg": 18.21,
            "equity": 12415937,
            "current_ratio": 157.65,
            "debt_ratio": 58.53,
            "inventory_turnover_ratio": 1.86,
            "account_receivable_turnover_ratio": null,
            "reinvestment_rate": null,
            "research_to_sale_ratio": null,
            "price_fair": 0,
            "eps_avg_yearly": 0,
            "eps_latest_yearly": 0,
            "eps_growth_yearly": 0
        },
        "20014": {
            "year_quarter": 20014,
            "year": 2001,
            "quarter": 4,
            "eps": 1.1,
            "eps_growth_year": 340,
            "eps_4q": 3.24,
            "eps_4q_growth_year": -39.55,
            "roe": 5.58,
            "roe_4q": 18.18,
            "gross_profit": 812807,
            "gross_margin": 8.33,
            "gross_margin_4q_avg": 8.64,
            "net_income": 798075,
            "net_income_4q": null,
            "revenue": 9761305,
            "revenue_4q": null,
            "common_shares": 7488181,
            "book_valuer_per_share": 18.75,
            "book_valuer_per_share_4q_avg": 18.35,
            "equity": 16198858,
            "current_ratio": 146.6,
            "debt_ratio": 63.16,
            "inventory_turnover_ratio": 1.38,
            "account_receivable_turnover_ratio": null,
            "reinvestment_rate": null,
            "research_to_sale_ratio": null,
            "price_fair": 0,
            "eps_avg_yearly": 0,
            "eps_latest_yearly": 0,
            "eps_growth_yearly": 0
        },
        "20021": {
            "year_quarter": 20021,
            "year": 2002,
            "quarter": 1,
            "eps": 1.63,
            "eps_growth_year": 61.39,
            "eps_4q": 3.97,
            "eps_4q_growth_year": -24.4,
            "roe": 7.37,
            "roe_4q": 20.949999999999996,
            "gross_profit": 804989,
            "gross_margin": 7.94,
            "gross_margin_4q_avg": 8.57,
            "net_income": 1236503,
            "net_income_4q": null,
            "revenue": 10136819,
            "revenue_4q": null,
            "common_shares": 7789230,
            "book_valuer_per_share": 22.29,
            "book_valuer_per_share_4q_avg": 18.73,
            "equity": 17363602,
            "current_ratio": 139.18,
            "debt_ratio": 42.51,
            "inventory_turnover_ratio": 1.54,
            "account_receivable_turnover_ratio": null,
            "reinvestment_rate": null,
            "research_to_sale_ratio": null,
            "price_fair": 228.2,
            "eps_avg_yearly": 6.52,
            "eps_latest_yearly": 6.52,
            "eps_growth_yearly": 192.73
        },
        "20022": {
            "year_quarter": 20022,
            "year": 2002,
            "quarter": 2,
            "eps": 0.88,
            "eps_growth_year": 14.29,
            "eps_4q": 3.68,
            "eps_4q_growth_year": -8.44,
            "roe": 4.6,
            "roe_4q": 20.949999999999996,
            "gross_profit": 617205,
            "gross_margin": 6.5,
            "gross_margin_4q_avg": 7.3,
            "net_income": 772905,
            "net_income_4q": null,
            "revenue": 9501182,
            "revenue_4q": null,
            "common_shares": 7789230,
            "book_valuer_per_share": 20.85,
            "book_valuer_per_share_4q_avg": 19.71,
            "equity": 16240716,
            "current_ratio": 122.64,
            "debt_ratio": 47.48,
            "inventory_turnover_ratio": 2.76,
            "account_receivable_turnover_ratio": null,
            "reinvestment_rate": null,
            "research_to_sale_ratio": null,
            "price_fair": 71.98,
            "eps_avg_yearly": 5.02,
            "eps_latest_yearly": 3.52,
            "eps_growth_yearly": 4.34
        },
        "20023": {
            "year_quarter": 20023,
            "year": 2002,
            "quarter": 3,
            "eps": 0.88,
            "eps_growth_year": 51.72,
            "eps_4q": 4.08,
            "eps_4q_growth_year": 75,
            "roe": 4.5,
            "roe_4q": 22.049999999999997,
            "gross_profit": 568389,
            "gross_margin": 6.06,
            "gross_margin_4q_avg": 7.21,
            "net_income": 772775,
            "net_income_4q": null,
            "revenue": 9385628,
            "revenue_4q": null,
            "common_shares": 9069352,
            "book_valuer_per_share": 19.96,
            "book_valuer_per_share_4q_avg": 20.46,
            "equity": 18103519,
            "current_ratio": 132.92,
            "debt_ratio": 41.55,
            "inventory_turnover_ratio": 2.55,
            "account_receivable_turnover_ratio": null,
            "reinvestment_rate": null,
            "research_to_sale_ratio": null,
            "price_fair": 58.28,
            "eps_avg_yearly": 4.52,
            "eps_latest_yearly": 3.52,
            "eps_growth_yearly": 2.89
        },
        "20024": {
            "year_quarter": 20024,
            "year": 2002,
            "quarter": 4,
            "eps": 2.24,
            "eps_growth_year": 103.64,
            "eps_4q": 4.9,
            "eps_4q_growth_year": 51.2,
            "roe": 7.47,
            "roe_4q": 23.94,
            "gross_profit": 2144974,
            "gross_margin": 10.9,
            "gross_margin_4q_avg": 7.85,
            "net_income": 2344567,
            "net_income_4q": null,
            "revenue": 19687074,
            "revenue_4q": null,
            "common_shares": 19094383,
            "book_valuer_per_share": 21.4,
            "book_valuer_per_share_4q_avg": 21.13,
            "equity": 44668421,
            "current_ratio": 143.21,
            "debt_ratio": 50.78,
            "inventory_turnover_ratio": 2.26,
            "account_receivable_turnover_ratio": null,
            "reinvestment_rate": 88.18,
            "research_to_sale_ratio": null,
            "price_fair": 197.05,
            "eps_avg_yearly": 5.63,
            "eps_latest_yearly": 8.96,
            "eps_growth_yearly": 156.72
        },
        "20031": {
            "year_quarter": 20031,
            "year": 2003,
            "quarter": 1,
            "eps": 0.84,
            "eps_growth_year": -48.47,
            "eps_4q": 2.93,
            "eps_4q_growth_year": -26.28,
            "roe": 3.61,
            "roe_4q": 20.18,
            "gross_profit": 2278347,
            "gross_margin": 11.58,
            "gross_margin_4q_avg": 8.76,
            "net_income": 1563246,
            "net_income_4q": null,
            "revenue": 19677211,
            "revenue_4q": null,
            "common_shares": 19094383,
            "book_valuer_per_share": 21.99,
            "book_valuer_per_share_4q_avg": 21.05,
            "equity": 41996713,
            "current_ratio": 134.77,
            "debt_ratio": 37.42,
            "inventory_turnover_ratio": 2.01,
            "account_receivable_turnover_ratio": null,
            "reinvestment_rate": 53.1,
            "research_to_sale_ratio": null,
            "price_fair": 181.16,
            "eps_avg_yearly": 5.18,
            "eps_latest_yearly": 3.36,
            "eps_growth_yearly": 75.37
        },
        "20032": {
            "year_quarter": 20032,
            "year": 2003,
            "quarter": 2,
            "eps": 0.71,
            "eps_growth_year": -19.32,
            "eps_4q": 2.83,
            "eps_4q_growth_year": -23.05,
            "roe": 3.79,
            "roe_4q": 19.37,
            "gross_profit": 2252598,
            "gross_margin": 11.13,
            "gross_margin_4q_avg": 9.92,
            "net_income": 1568333,
            "net_income_4q": null,
            "revenue": 20244285,
            "revenue_4q": null,
            "common_shares": 19094383,
            "book_valuer_per_share": 21.3,
            "book_valuer_per_share_4q_avg": 21.16,
            "equity": 40671216,
            "current_ratio": 128.07,
            "debt_ratio": 39.61,
            "inventory_turnover_ratio": 3.23,
            "account_receivable_turnover_ratio": null,
            "reinvestment_rate": 47.99,
            "research_to_sale_ratio": null,
            "price_fair": 167.53,
            "eps_avg_yearly": 4.79,
            "eps_latest_yearly": 2.84,
            "eps_growth_yearly": 52.49
        },
        "20033": {
            "year_quarter": 20033,
            "year": 2003,
            "quarter": 3,
            "eps": 0.81,
            "eps_growth_year": -7.95,
            "eps_4q": 3.3,
            "eps_4q_growth_year": -19.02,
            "roe": 4.31,
            "roe_4q": 19.18,
            "gross_profit": 2002630,
            "gross_margin": 8.15,
            "gross_margin_4q_avg": 10.44,
            "net_income": 1780215,
            "net_income_4q": null,
            "revenue": 24585287,
            "revenue_4q": null,
            "common_shares": 22476906,
            "book_valuer_per_share": 18.69,
            "book_valuer_per_share_4q_avg": 20.85,
            "equity": 42005355,
            "current_ratio": 141.6,
            "debt_ratio": 45.96,
            "inventory_turnover_ratio": 2.84,
            "account_receivable_turnover_ratio": null,
            "reinvestment_rate": 19.35,
            "research_to_sale_ratio": null,
            "price_fair": 159.8,
            "eps_avg_yearly": 4.57,
            "eps_latest_yearly": 3.24,
            "eps_growth_yearly": 53.04
        },
        "20034": {
            "year_quarter": 20034,
            "year": 2003,
            "quarter": 4,
            "eps": 1.08,
            "eps_growth_year": -51.79,
            "eps_4q": 3.32,
            "eps_4q_growth_year": -32.24,
            "roe": 5.17,
            "roe_4q": 16.88,
            "gross_profit": 2968862,
            "gross_margin": 8.44,
            "gross_margin_4q_avg": 9.83,
            "net_income": 2369069,
            "net_income_4q": null,
            "revenue": 35161065,
            "revenue_4q": null,
            "common_shares": 22476906,
            "book_valuer_per_share": 19.79,
            "book_valuer_per_share_4q_avg": 20.44,
            "equity": 49637934,
            "current_ratio": 147.06,
            "debt_ratio": 54.81,
            "inventory_turnover_ratio": 2.32,
            "account_receivable_turnover_ratio": null,
            "reinvestment_rate": 40.55,
            "research_to_sale_ratio": null,
            "price_fair": 158.73,
            "eps_avg_yearly": 4.54,
            "eps_latest_yearly": 4.32,
            "eps_growth_yearly": 63.08
        },
        "20041": {
            "year_quarter": 20041,
            "year": 2004,
            "quarter": 1,
            "eps": 1.01,
            "eps_growth_year": 20.24,
            "eps_4q": 3.61,
            "eps_4q_growth_year": 23.31,
            "roe": 4.62,
            "roe_4q": 17.889999999999997,
            "gross_profit": 2748694,
            "gross_margin": 8.26,
            "gross_margin_4q_avg": 9,
            "net_income": 2218157,
            "net_income_4q": null,
            "revenue": 33273964,
            "revenue_4q": null,
            "common_shares": 22476906,
            "book_valuer_per_share": 20.64,
            "book_valuer_per_share_4q_avg": 20.11,
            "equity": 46384227,
            "current_ratio": 147.99,
            "debt_ratio": 43.44,
            "inventory_turnover_ratio": 2.65,
            "account_receivable_turnover_ratio": null,
            "reinvestment_rate": 15.69,
            "research_to_sale_ratio": null,
            "price_fair": 156.8,
            "eps_avg_yearly": 4.48,
            "eps_latest_yearly": 4.04,
            "eps_growth_yearly": 53.19
        },
        "20042": {
            "year_quarter": 20042,
            "year": 2004,
            "quarter": 2,
            "eps": 0.69,
            "eps_growth_year": -2.82,
            "eps_4q": 3.58,
            "eps_4q_growth_year": 26.42,
            "roe": 3.34,
            "roe_4q": 17.439999999999998,
            "gross_profit": 2975790,
            "gross_margin": 8.04,
            "gross_margin_4q_avg": 8.22,
            "net_income": 1522248,
            "net_income_4q": null,
            "revenue": 37004475,
            "revenue_4q": null,
            "common_shares": 22405656,
            "book_valuer_per_share": 20.03,
            "book_valuer_per_share_4q_avg": 19.79,
            "equity": 44881762,
            "current_ratio": 136.41,
            "debt_ratio": 46.81,
            "inventory_turnover_ratio": 6.29,
            "account_receivable_turnover_ratio": null,
            "reinvestment_rate": 14.39,
            "research_to_sale_ratio": null,
            "price_fair": 150.78,
            "eps_avg_yearly": 4.31,
            "eps_latest_yearly": 2.76,
            "eps_growth_yearly": 35.2
        },
        "20043": {
            "year_quarter": 20043,
            "year": 2004,
            "quarter": 3,
            "eps": 0.71,
            "eps_growth_year": -12.35,
            "eps_4q": 3.19,
            "eps_4q_growth_year": -3.46,
            "roe": 3.82,
            "roe_4q": 16.950000000000003,
            "gross_profit": 3953030,
            "gross_margin": 9.62,
            "gross_margin_4q_avg": 8.59,
            "net_income": 1750961,
            "net_income_4q": null,
            "revenue": 41077667,
            "revenue_4q": null,
            "common_shares": 25121450,
            "book_valuer_per_share": 18.63,
            "book_valuer_per_share_4q_avg": 19.77,
            "equity": 46794561,
            "current_ratio": 167.55,
            "debt_ratio": 50.13,
            "inventory_turnover_ratio": 6.51,
            "account_receivable_turnover_ratio": null,
            "reinvestment_rate": 13.22,
            "research_to_sale_ratio": null,
            "price_fair": 146.11,
            "eps_avg_yearly": 4.17,
            "eps_latest_yearly": 2.84,
            "eps_growth_yearly": 33.05
        },
        "20044": {
            "year_quarter": 20044,
            "year": 2004,
            "quarter": 4,
            "eps": 0.84,
            "eps_growth_year": -22.22,
            "eps_4q": 3.07,
            "eps_4q_growth_year": -7.42,
            "roe": 4.1,
            "roe_4q": 15.879999999999999,
            "gross_profit": 2745942,
            "gross_margin": 6.18,
            "gross_margin_4q_avg": 8.03,
            "net_income": 2065811,
            "net_income_4q": null,
            "revenue": 44457681,
            "revenue_4q": null,
            "common_shares": 25121449,
            "book_valuer_per_share": 19,
            "book_valuer_per_share_4q_avg": 19.58,
            "equity": 54082740,
            "current_ratio": 154.75,
            "debt_ratio": 58.78,
            "inventory_turnover_ratio": 2.71,
            "account_receivable_turnover_ratio": null,
            "reinvestment_rate": 26.33,
            "research_to_sale_ratio": null,
            "price_fair": 143.73,
            "eps_avg_yearly": 4.11,
            "eps_latest_yearly": 3.36,
            "eps_growth_yearly": 36.4
        },
        "20051": {
            "year_quarter": 20051,
            "year": 2005,
            "quarter": 1,
            "eps": 0.6,
            "eps_growth_year": -40.59,
            "eps_4q": 2.76,
            "eps_4q_growth_year": -23.57,
            "roe": 2.87,
            "roe_4q": 14.129999999999999,
            "gross_profit": 2625054,
            "gross_margin": 7.67,
            "gross_margin_4q_avg": 7.88,
            "net_income": 1481802,
            "net_income_4q": null,
            "revenue": 34210489,
            "revenue_4q": null,
            "common_shares": 25121449,
            "book_valuer_per_share": 19.57,
            "book_valuer_per_share_4q_avg": 19.31,
            "equity": 49156790,
            "current_ratio": 189.27,
            "debt_ratio": 43.31,
            "inventory_turnover_ratio": 2.08,
            "account_receivable_turnover_ratio": null,
            "reinvestment_rate": 7.99,
            "research_to_sale_ratio": null,
            "price_fair": 138.38,
            "eps_avg_yearly": 3.98,
            "eps_latest_yearly": 2.4,
            "eps_growth_yearly": 24.81
        },
        "20052": {
            "year_quarter": 20052,
            "year": 2005,
            "quarter": 2,
            "eps": 0.61,
            "eps_growth_year": -11.59,
            "eps_4q": 2.77,
            "eps_4q_growth_year": -22.5,
            "roe": 3.16,
            "roe_4q": 13.95,
            "gross_profit": 2839149,
            "gross_margin": 7.46,
            "gross_margin_4q_avg": 7.73,
            "net_income": 1495368,
            "net_income_4q": null,
            "revenue": 38075661,
            "revenue_4q": null,
            "common_shares": 25121449,
            "book_valuer_per_share": 18.11,
            "book_valuer_per_share_4q_avg": 18.83,
            "equity": 45496568,
            "current_ratio": 164.62,
            "debt_ratio": 49.22,
            "inventory_turnover_ratio": 6.87,
            "account_receivable_turnover_ratio": null,
            "reinvestment_rate": 6.64,
            "research_to_sale_ratio": null,
            "price_fair": 129.55,
            "eps_avg_yearly": 3.87,
            "eps_latest_yearly": 2.44,
            "eps_growth_yearly": 23.51
        },
        "20053": {
            "year_quarter": 20053,
            "year": 2005,
            "quarter": 3,
            "eps": 1.46,
            "eps_growth_year": 105.63,
            "eps_4q": 3.43,
            "eps_4q_growth_year": 7.47,
            "roe": 7.88,
            "roe_4q": 18.009999999999998,
            "gross_profit": 3344480,
            "gross_margin": 7.65,
            "gross_margin_4q_avg": 7.24,
            "net_income": 3746177,
            "net_income_4q": null,
            "revenue": 43694023,
            "revenue_4q": null,
            "common_shares": 26107463,
            "book_valuer_per_share": 19.02,
            "book_valuer_per_share_4q_avg": 18.93,
            "equity": 49644942,
            "current_ratio": 190.41,
            "debt_ratio": 44.63,
            "inventory_turnover_ratio": 9.32,
            "account_receivable_turnover_ratio": null,
            "reinvestment_rate": 5.59,
            "research_to_sale_ratio": null,
            "price_fair": 139.91,
            "eps_avg_yearly": 4,
            "eps_latest_yearly": 5.84,
            "eps_growth_yearly": 59.1
        },
        "20054": {
            "year_quarter": 20054,
            "year": 2005,
            "quarter": 4,
            "eps": 0.78,
            "eps_growth_year": -7.14,
            "eps_4q": 3.39,
            "eps_4q_growth_year": 10.33,
            "roe": 3.61,
            "roe_4q": 17.52,
            "gross_profit": 4361517,
            "gross_margin": 9.32,
            "gross_margin_4q_avg": 8.03,
            "net_income": 2009011,
            "net_income_4q": null,
            "revenue": 46813053,
            "revenue_4q": null,
            "common_shares": 26018213,
            "book_valuer_per_share": 20.31,
            "book_valuer_per_share_4q_avg": 19.25,
            "equity": 61681046,
            "current_ratio": 143.82,
            "debt_ratio": 59.75,
            "inventory_turnover_ratio": 2.63,
            "account_receivable_turnover_ratio": null,
            "reinvestment_rate": 55.84,
            "research_to_sale_ratio": null,
            "price_fair": 137.99,
            "eps_avg_yearly": 3.94,
            "eps_latest_yearly": 3.12,
            "eps_growth_yearly": 43.77
        },
        "20061": {
            "year_quarter": 20061,
            "year": 2006,
            "quarter": 1,
            "eps": 0.79,
            "eps_growth_year": 31.67,
            "eps_4q": 3.57,
            "eps_4q_growth_year": 29.33,
            "roe": 3.48,
            "roe_4q": 18.13,
            "gross_profit": 3151179,
            "gross_margin": 8.28,
            "gross_margin_4q_avg": 8.18,
            "net_income": 2059093,
            "net_income_4q": null,
            "revenue": 38063368,
            "revenue_4q": null,
            "common_shares": 26225639,
            "book_valuer_per_share": 21.54,
            "book_valuer_per_share_4q_avg": 19.75,
            "equity": 56494543,
            "current_ratio": 158.94,
            "debt_ratio": 44.06,
            "inventory_turnover_ratio": 2.14,
            "account_receivable_turnover_ratio": null,
            "reinvestment_rate": 5.72,
            "research_to_sale_ratio": null,
            "price_fair": 130.64,
            "eps_avg_yearly": 3.73,
            "eps_latest_yearly": 3.16,
            "eps_growth_yearly": 32.04
        },
        "20062": {
            "year_quarter": 20062,
            "year": 2006,
            "quarter": 2,
            "eps": 0.73,
            "eps_growth_year": 19.67,
            "eps_4q": 3.68,
            "eps_4q_growth_year": 32.69,
            "roe": 3.48,
            "roe_4q": 18.45,
            "gross_profit": 3455791,
            "gross_margin": 10.36,
            "gross_margin_4q_avg": 8.9,
            "net_income": 1935318,
            "net_income_4q": null,
            "revenue": 33351274,
            "revenue_4q": null,
            "common_shares": 26580204,
            "book_valuer_per_share": 20.55,
            "book_valuer_per_share_4q_avg": 20.36,
            "equity": 54625971,
            "current_ratio": 148.29,
            "debt_ratio": 46.18,
            "inventory_turnover_ratio": 7.74,
            "account_receivable_turnover_ratio": null,
            "reinvestment_rate": 5.3,
            "research_to_sale_ratio": null,
            "price_fair": 129.33,
            "eps_avg_yearly": 3.7,
            "eps_latest_yearly": 2.92,
            "eps_growth_yearly": 41.65
        },
        "20063": {
            "year_quarter": 20063,
            "year": 2006,
            "quarter": 3,
            "eps": 0.77,
            "eps_growth_year": -47.26,
            "eps_4q": 2.97,
            "eps_4q_growth_year": -13.31,
            "roe": 3.69,
            "roe_4q": 14.26,
            "gross_profit": 2816455,
            "gross_margin": 8.14,
            "gross_margin_4q_avg": 9.03,
            "net_income": 2101805,
            "net_income_4q": null,
            "revenue": 34582011,
            "revenue_4q": null,
            "common_shares": 28363133,
            "book_valuer_per_share": 20.95,
            "book_valuer_per_share_4q_avg": 20.84,
            "equity": 59417104,
            "current_ratio": 153.87,
            "debt_ratio": 44,
            "inventory_turnover_ratio": 7.88,
            "account_receivable_turnover_ratio": null,
            "reinvestment_rate": 5.51,
            "research_to_sale_ratio": null,
            "price_fair": 128.36,
            "eps_avg_yearly": 3.67,
            "eps_latest_yearly": 3.08,
            "eps_growth_yearly": 43.02
        },
        "20064": {
            "year_quarter": 20064,
            "year": 2006,
            "quarter": 4,
            "eps": 0.83,
            "eps_growth_year": 6.41,
            "eps_4q": 3.02,
            "eps_4q_growth_year": -10.79,
            "roe": 3.31,
            "roe_4q": 13.96,
            "gross_profit": 1829902,
            "gross_margin": 4.89,
            "gross_margin_4q_avg": 7.92,
            "net_income": 2305743,
            "net_income_4q": null,
            "revenue": 37399589,
            "revenue_4q": null,
            "common_shares": 28734812,
            "book_valuer_per_share": 21.91,
            "book_valuer_per_share_4q_avg": 21.24,
            "equity": 80012741,
            "current_ratio": 154.22,
            "debt_ratio": 51.7,
            "inventory_turnover_ratio": 2.37,
            "account_receivable_turnover_ratio": null,
            "reinvestment_rate": 38.81,
            "research_to_sale_ratio": null,
            "price_fair": 54.12,
            "eps_avg_yearly": 3.32,
            "eps_latest_yearly": 3.32,
            "eps_growth_yearly": 6.33
        },
        "20071": {
            "year_quarter": 20071,
            "year": 2007,
            "quarter": 1,
            "eps": 0.6,
            "eps_growth_year": -24.05,
            "eps_4q": 2.79,
            "eps_4q_growth_year": -21.85,
            "roe": 2.39,
            "roe_4q": 12.870000000000001,
            "gross_profit": 2566842,
            "gross_margin": 7.33,
            "gross_margin_4q_avg": 7.68,
            "net_income": 1736687,
            "net_income_4q": null,
            "revenue": 35034837,
            "revenue_4q": null,
            "common_shares": 29101694,
            "book_valuer_per_share": 22.36,
            "book_valuer_per_share_4q_avg": 21.44,
            "equity": 65058808,
            "current_ratio": 143.25,
            "debt_ratio": 39.15,
            "inventory_turnover_ratio": 2.14,
            "account_receivable_turnover_ratio": null,
            "reinvestment_rate": -14.85,
            "research_to_sale_ratio": null,
            "price_fair": 81.45,
            "eps_avg_yearly": 3.26,
            "eps_latest_yearly": 2.4,
            "eps_growth_yearly": 15.02
        },
        "20072": {
            "year_quarter": 20072,
            "year": 2007,
            "quarter": 2,
            "eps": 0.79,
            "eps_growth_year": 8.22,
            "eps_4q": 3.04,
            "eps_4q_growth_year": -17.35,
            "roe": 3.71,
            "roe_4q": 13.1,
            "gross_profit": 1745576,
            "gross_margin": 4.5,
            "gross_margin_4q_avg": 6.22,
            "net_income": 2157900,
            "net_income_4q": null,
            "revenue": 38804790,
            "revenue_4q": null,
            "common_shares": 20371186,
            "book_valuer_per_share": 25.22,
            "book_valuer_per_share_4q_avg": 22.61,
            "equity": 51368635,
            "current_ratio": 98.51,
            "debt_ratio": 54.02,
            "inventory_turnover_ratio": 7.64,
            "account_receivable_turnover_ratio": null,
            "reinvestment_rate": -14.6,
            "research_to_sale_ratio": null,
            "price_fair": 114.63,
            "eps_avg_yearly": 3.28,
            "eps_latest_yearly": 3.16,
            "eps_growth_yearly": 26.81
        },
        "20073": {
            "year_quarter": 20073,
            "year": 2007,
            "quarter": 3,
            "eps": 1.03,
            "eps_growth_year": 33.77,
            "eps_4q": 3.46,
            "eps_4q_growth_year": 16.49,
            "roe": 4.77,
            "roe_4q": 14.180000000000001,
            "gross_profit": 2228997,
            "gross_margin": 4.7,
            "gross_margin_4q_avg": 5.36,
            "net_income": 2629069,
            "net_income_4q": null,
            "revenue": 47421745,
            "revenue_4q": null,
            "common_shares": 21802163,
            "book_valuer_per_share": 27.04,
            "book_valuer_per_share_4q_avg": 24.13,
            "equity": 58943901,
            "current_ratio": 105.67,
            "debt_ratio": 49.31,
            "inventory_turnover_ratio": 9.51,
            "account_receivable_turnover_ratio": null,
            "reinvestment_rate": -2.32,
            "research_to_sale_ratio": null,
            "price_fair": 116.55,
            "eps_avg_yearly": 3.33,
            "eps_latest_yearly": 4.12,
            "eps_growth_yearly": 30.88
        },
        "20074": {
            "year_quarter": 20074,
            "year": 2007,
            "quarter": 4,
            "eps": 0.8,
            "eps_growth_year": -3.61,
            "eps_4q": 3.45,
            "eps_4q_growth_year": 14.2,
            "roe": 2.86,
            "roe_4q": 13.73,
            "gross_profit": 4126642,
            "gross_margin": 9.2,
            "gross_margin_4q_avg": 6.43,
            "net_income": 1966561,
            "net_income_4q": null,
            "revenue": 44867383,
            "revenue_4q": null,
            "common_shares": 21802163,
            "book_valuer_per_share": 28.25,
            "book_valuer_per_share_4q_avg": 25.72,
            "equity": 78403091,
            "current_ratio": 130.05,
            "debt_ratio": 59.58,
            "inventory_turnover_ratio": 2.41,
            "account_receivable_turnover_ratio": null,
            "reinvestment_rate": 87.51,
            "research_to_sale_ratio": null,
            "price_fair": 87.92,
            "eps_avg_yearly": 3.26,
            "eps_latest_yearly": 3.2,
            "eps_growth_yearly": 16.97
        },
        "20081": {
            "year_quarter": 20081,
            "year": 2008,
            "quarter": 1,
            "eps": 0.3,
            "eps_growth_year": -50,
            "eps_4q": 2.28,
            "eps_4q_growth_year": -18.49,
            "roe": 1.25,
            "roe_4q": 12.59,
            "gross_profit": 7026472,
            "gross_margin": 10.86,
            "gross_margin_4q_avg": 7.32,
            "net_income": 974556,
            "net_income_4q": null,
            "revenue": 64708947,
            "revenue_4q": null,
            "common_shares": 21802163,
            "book_valuer_per_share": 27.84,
            "book_valuer_per_share_4q_avg": 27.09,
            "equity": 77719793,
            "current_ratio": 136.5,
            "debt_ratio": 57.13,
            "inventory_turnover_ratio": 2.14,
            "account_receivable_turnover_ratio": null,
            "reinvestment_rate": 102.02,
            "research_to_sale_ratio": null,
            "price_fair": 39.96,
            "eps_avg_yearly": 3.08,
            "eps_latest_yearly": 1.2,
            "eps_growth_yearly": 2.96
        },
        "20082": {
            "year_quarter": 20082,
            "year": 2008,
            "quarter": 2,
            "eps": 0.64,
            "eps_growth_year": -18.99,
            "eps_4q": 2.24,
            "eps_4q_growth_year": -26.43,
            "roe": 2.55,
            "roe_4q": 11.43,
            "gross_profit": 8843898,
            "gross_margin": 14.93,
            "gross_margin_4q_avg": 9.92,
            "net_income": 1889821,
            "net_income_4q": null,
            "revenue": 59218065,
            "revenue_4q": null,
            "common_shares": 21802163,
            "book_valuer_per_share": 24.97,
            "book_valuer_per_share_4q_avg": 27.03,
            "equity": 70474839,
            "current_ratio": 125.84,
            "debt_ratio": 60.54,
            "inventory_turnover_ratio": 1.97,
            "account_receivable_turnover_ratio": null,
            "reinvestment_rate": 101.26,
            "research_to_sale_ratio": null,
            "price_fair": 107.45,
            "eps_avg_yearly": 3.07,
            "eps_latest_yearly": 2.56,
            "eps_growth_yearly": 39.22
        },
        "20083": {
            "year_quarter": 20083,
            "year": 2008,
            "quarter": 3,
            "eps": 0.95,
            "eps_growth_year": -7.77,
            "eps_4q": 2.14,
            "eps_4q_growth_year": -38.14,
            "roe": 3.71,
            "roe_4q": 10.37,
            "gross_profit": 9289480,
            "gross_margin": 14.27,
            "gross_margin_4q_avg": 12.32,
            "net_income": 2690960,
            "net_income_4q": null,
            "revenue": 65106758,
            "revenue_4q": null,
            "common_shares": 22311174,
            "book_valuer_per_share": 25.65,
            "book_valuer_per_share_4q_avg": 26.68,
            "equity": 74397481,
            "current_ratio": 122.89,
            "debt_ratio": 60.18,
            "inventory_turnover_ratio": 2.3,
            "account_receivable_turnover_ratio": null,
            "reinvestment_rate": 103.61,
            "research_to_sale_ratio": null,
            "price_fair": 109.55,
            "eps_avg_yearly": 3.13,
            "eps_latest_yearly": 3.8,
            "eps_growth_yearly": 50.6
        },
        "20084": {
            "year_quarter": 20084,
            "year": 2008,
            "quarter": 4,
            "eps": 0.15,
            "eps_growth_year": -81.25,
            "eps_4q": 19.45,
            "eps_4q_growth_year": 463.24,
            "roe": 0.05,
            "roe_4q": 7.56,
            "gross_profit": 6058561,
            "gross_margin": 14.56,
            "gross_margin_4q_avg": 13.66,
            "net_income": 34077,
            "net_income_4q": null,
            "revenue": 41625311,
            "revenue_4q": null,
            "common_shares": 22311174,
            "book_valuer_per_share": 25.9,
            "book_valuer_per_share_4q_avg": 26.09,
            "equity": 74575470,
            "current_ratio": 139.62,
            "debt_ratio": 56.09,
            "inventory_turnover_ratio": 1.73,
            "account_receivable_turnover_ratio": null,
            "reinvestment_rate": 93.31,
            "research_to_sale_ratio": null,
            "price_fair": 103.43,
            "eps_avg_yearly": 2.96,
            "eps_latest_yearly": 0.6,
            "eps_growth_yearly": 24.97
        },
        "20091": {
            "year_quarter": 20091,
            "year": 2009,
            "quarter": 1,
            "eps": 0.17,
            "eps_growth_year": -43.33,
            "eps_4q": 1.25,
            "eps_4q_growth_year": -44.9,
            "roe": 0.75,
            "roe_4q": 7.06,
            "gross_profit": 5207544,
            "gross_margin": 14.39,
            "gross_margin_4q_avg": 14.54,
            "net_income": 563401,
            "net_income_4q": null,
            "revenue": 36194155,
            "revenue_4q": null,
            "common_shares": 22311174,
            "book_valuer_per_share": 26.63,
            "book_valuer_per_share_4q_avg": 25.79,
            "equity": 76632980,
            "current_ratio": 145.42,
            "debt_ratio": 52,
            "inventory_turnover_ratio": 1.73,
            "account_receivable_turnover_ratio": null,
            "reinvestment_rate": 116.34,
            "research_to_sale_ratio": null,
            "price_fair": 99.75,
            "eps_avg_yearly": 2.85,
            "eps_latest_yearly": 0.68,
            "eps_growth_yearly": 35.45
        },
        "20092": {
            "year_quarter": 20092,
            "year": 2009,
            "quarter": 2,
            "eps": 0.75,
            "eps_growth_year": 17.19,
            "eps_4q": 1.7,
            "eps_4q_growth_year": -24.15,
            "roe": 2.57,
            "roe_4q": 7.08,
            "gross_profit": 6531888,
            "gross_margin": 15.18,
            "gross_margin_4q_avg": 14.6,
            "net_income": 1950739,
            "net_income_4q": null,
            "revenue": 43023716,
            "revenue_4q": null,
            "common_shares": 22311174,
            "book_valuer_per_share": 26.14,
            "book_valuer_per_share_4q_avg": 26.08,
            "equity": 75412014,
            "current_ratio": 136.66,
            "debt_ratio": 53.93,
            "inventory_turnover_ratio": 2.18,
            "account_receivable_turnover_ratio": 2.69,
            "reinvestment_rate": 112.27,
            "research_to_sale_ratio": null,
            "price_fair": 100.98,
            "eps_avg_yearly": 2.89,
            "eps_latest_yearly": 3,
            "eps_growth_yearly": 120.33
        },
        "20093": {
            "year_quarter": 20093,
            "year": 2009,
            "quarter": 3,
            "eps": 1.13,
            "eps_growth_year": 18.95,
            "eps_4q": 1.67,
            "eps_4q_growth_year": -21.79,
            "roe": 4.25,
            "roe_4q": 7.62,
            "gross_profit": 8941681,
            "gross_margin": 17.36,
            "gross_margin_4q_avg": 15.37,
            "net_income": 3252752,
            "net_income_4q": null,
            "revenue": 51513533,
            "revenue_4q": null,
            "common_shares": 22621180,
            "book_valuer_per_share": 26.98,
            "book_valuer_per_share_4q_avg": 26.41,
            "equity": 77591043,
            "current_ratio": 144.94,
            "debt_ratio": 55.51,
            "inventory_turnover_ratio": 2.44,
            "account_receivable_turnover_ratio": 1.49,
            "reinvestment_rate": 110.78,
            "research_to_sale_ratio": null,
            "price_fair": 98.09,
            "eps_avg_yearly": 2.8,
            "eps_latest_yearly": 4.52,
            "eps_growth_yearly": 98.16
        },
        "20094": {
            "year_quarter": 20094,
            "year": 2009,
            "quarter": 4,
            "eps": 1.16,
            "eps_growth_year": 673.33,
            "eps_4q": 2.44,
            "eps_4q_growth_year": -87.44,
            "roe": 4.2,
            "roe_4q": 11.77,
            "gross_profit": 9653916,
            "gross_margin": 17.45,
            "gross_margin_4q_avg": 16.1,
            "net_income": 3349183,
            "net_income_4q": null,
            "revenue": 55327756,
            "revenue_4q": null,
            "common_shares": 22621180,
            "book_valuer_per_share": 28.4,
            "book_valuer_per_share_4q_avg": 27.04,
            "equity": 81751726,
            "current_ratio": 146.87,
            "debt_ratio": 55.3,
            "inventory_turnover_ratio": 2.44,
            "account_receivable_turnover_ratio": 1.45,
            "reinvestment_rate": 53.2,
            "research_to_sale_ratio": null,
            "price_fair": 101.41,
            "eps_avg_yearly": 2.9,
            "eps_latest_yearly": 4.64,
            "eps_growth_yearly": 110.46
        },
        "20101": {
            "year_quarter": 20101,
            "year": 2010,
            "quarter": 1,
            "eps": null,
            "eps_growth_year": null,
            "eps_4q": null,
            "eps_4q_growth_year": null,
            "roe": null,
            "roe_4q": 11.02,
            "gross_profit": 8474673,
            "gross_margin": null,
            "gross_margin_4q_avg": 12.5,
            "net_income": 2505771,
            "net_income_4q": null,
            "revenue": 54537260,
            "revenue_4q": null,
            "common_shares": 22623610,
            "book_valuer_per_share": 28.81,
            "book_valuer_per_share_4q_avg": 27.58,
            "equity": 83379926,
            "current_ratio": 151.44,
            "debt_ratio": 54.77,
            "inventory_turnover_ratio": null,
            "account_receivable_turnover_ratio": null,
            "reinvestment_rate": null,
            "research_to_sale_ratio": null,
            "price_fair": 100.8,
            "eps_avg_yearly": 2.88,
            "eps_latest_yearly": 4.64,
            "eps_growth_yearly": 117.49
        },
        "20102": {
            "year_quarter": 20102,
            "year": 2010,
            "quarter": 2,
            "eps": 1.44,
            "eps_growth_year": 92.5,
            "eps_4q": 3.71,
            "eps_4q_growth_year": 118.93,
            "roe": 3.93,
            "roe_4q": 12.38,
            "gross_profit": 9311241,
            "gross_margin": 15.71,
            "gross_margin_4q_avg": 12.63,
            "net_income": 3214826,
            "net_income_4q": null,
            "revenue": 59271401,
            "revenue_4q": null,
            "common_shares": 22625625,
            "book_valuer_per_share": 28.4,
            "book_valuer_per_share_4q_avg": 28.15,
            "equity": 80311389,
            "current_ratio": 139.23,
            "debt_ratio": 58.8,
            "inventory_turnover_ratio": 2.27,
            "account_receivable_turnover_ratio": 2.7,
            "reinvestment_rate": 137.45,
            "research_to_sale_ratio": null,
            "price_fair": 100.7,
            "eps_avg_yearly": 2.88,
            "eps_latest_yearly": 4.64,
            "eps_growth_yearly": 128.05
        },
        "20103": {
            "year_quarter": 20103,
            "year": 2010,
            "quarter": 3,
            "eps": 1.14,
            "eps_growth_year": 0.57,
            "eps_4q": 3.73,
            "eps_4q_growth_year": 122.84,
            "roe": 4,
            "roe_4q": 12.129999999999999,
            "gross_profit": 9725353,
            "gross_margin": 16.56,
            "gross_margin_4q_avg": 12.43,
            "net_income": 3323665,
            "net_income_4q": null,
            "revenue": 58726465,
            "revenue_4q": null,
            "common_shares": 22847940,
            "book_valuer_per_share": 30.13,
            "book_valuer_per_share_4q_avg": 28.94,
            "equity": 85808052,
            "current_ratio": 144.04,
            "debt_ratio": 55.62,
            "inventory_turnover_ratio": 2.01,
            "account_receivable_turnover_ratio": 1.35,
            "reinvestment_rate": 141.51,
            "research_to_sale_ratio": 2.07,
            "price_fair": 104.4,
            "eps_avg_yearly": 2.98,
            "eps_latest_yearly": 4.56,
            "eps_growth_yearly": 120.53
        },
        "20104": {
            "year_quarter": 20104,
            "year": 2010,
            "quarter": 4,
            "eps": 0.98,
            "eps_growth_year": -15.36,
            "eps_4q": 3.56,
            "eps_4q_growth_year": 45.85,
            "roe": 3.28,
            "roe_4q": 11.209999999999999,
            "gross_profit": 8758533,
            "gross_margin": 15.23,
            "gross_margin_4q_avg": 11.88,
            "net_income": 2840020,
            "net_income_4q": null,
            "revenue": 57510359,
            "revenue_4q": null,
            "common_shares": 22847940,
            "book_valuer_per_share": 30.7,
            "book_valuer_per_share_4q_avg": 29.51,
            "equity": 87220578,
            "current_ratio": 143.6,
            "debt_ratio": 54.69,
            "inventory_turnover_ratio": 1.89,
            "account_receivable_turnover_ratio": 1.37,
            "reinvestment_rate": 72.72,
            "research_to_sale_ratio": 1.92,
            "price_fair": 105.9,
            "eps_avg_yearly": 3.03,
            "eps_latest_yearly": 3.92,
            "eps_growth_yearly": 114.29
        },
        "20111": {
            "year_quarter": 20111,
            "year": 2011,
            "quarter": 1,
            "eps": 0.65,
            "eps_growth_year": null,
            "eps_4q": 4.21,
            "eps_4q_growth_year": null,
            "roe": 2.33,
            "roe_4q": 13.54,
            "gross_profit": 7910604,
            "gross_margin": 14.85,
            "gross_margin_4q_avg": 15.59,
            "net_income": 2037755,
            "net_income_4q": null,
            "revenue": 53273086,
            "revenue_4q": null,
            "common_shares": 22847940,
            "book_valuer_per_share": 30.57,
            "book_valuer_per_share_4q_avg": 29.95,
            "equity": 87780114,
            "current_ratio": 148.01,
            "debt_ratio": 53.46,
            "inventory_turnover_ratio": 1.78,
            "account_receivable_turnover_ratio": 1.32,
            "reinvestment_rate": 143.68,
            "research_to_sale_ratio": 2.25,
            "price_fair": 106.4,
            "eps_avg_yearly": 3.04,
            "eps_latest_yearly": 2.6,
            "eps_growth_yearly": 112.59
        },
        "20112": {
            "year_quarter": 20112,
            "year": 2011,
            "quarter": 2,
            "eps": 0.76,
            "eps_growth_year": -47.58,
            "eps_4q": 3.49,
            "eps_4q_growth_year": -5.92,
            "roe": 2.69,
            "roe_4q": 12.299999999999999,
            "gross_profit": 8261548,
            "gross_margin": 14.67,
            "gross_margin_4q_avg": 15.33,
            "net_income": 2269021,
            "net_income_4q": null,
            "revenue": 56334935,
            "revenue_4q": null,
            "common_shares": 22847940,
            "book_valuer_per_share": 28.2,
            "book_valuer_per_share_4q_avg": 29.9,
            "equity": 81195825,
            "current_ratio": 140.58,
            "debt_ratio": 57.86,
            "inventory_turnover_ratio": 1.93,
            "account_receivable_turnover_ratio": 1.39,
            "reinvestment_rate": 146.3,
            "research_to_sale_ratio": 2.24,
            "price_fair": 106.1,
            "eps_avg_yearly": 3.03,
            "eps_latest_yearly": 3.04,
            "eps_growth_yearly": 108.38
        },
        "20113": {
            "year_quarter": 20113,
            "year": 2011,
            "quarter": 3,
            "eps": 1.15,
            "eps_growth_year": 0.84,
            "eps_4q": 3.52,
            "eps_4q_growth_year": -5.73,
            "roe": 4.14,
            "roe_4q": 12.44,
            "gross_profit": 9706769,
            "gross_margin": 16.05,
            "gross_margin_4q_avg": 15.2,
            "net_income": 3483176,
            "net_income_4q": null,
            "revenue": 60495233,
            "revenue_4q": null,
            "common_shares": 23099801,
            "book_valuer_per_share": 29.81,
            "book_valuer_per_share_4q_avg": 29.82,
            "equity": 86976178,
            "current_ratio": 147.45,
            "debt_ratio": 56.57,
            "inventory_turnover_ratio": 2.03,
            "account_receivable_turnover_ratio": 1.33,
            "reinvestment_rate": 148.44,
            "research_to_sale_ratio": 1.86,
            "price_fair": 107.3,
            "eps_avg_yearly": 3.07,
            "eps_latest_yearly": 4.6,
            "eps_growth_yearly": 114.36
        },
        "20114": {
            "year_quarter": 20114,
            "year": 2011,
            "quarter": 4,
            "eps": 0.66,
            "eps_growth_year": -32.32,
            "eps_4q": 3.21,
            "eps_4q_growth_year": -9.91,
            "roe": 2.19,
            "roe_4q": 11.35,
            "gross_profit": 8168634,
            "gross_margin": 13.52,
            "gross_margin_4q_avg": 14.77,
            "net_income": 1931823,
            "net_income_4q": null,
            "revenue": 60416839,
            "revenue_4q": null,
            "common_shares": 23099801,
            "book_valuer_per_share": 30.61,
            "book_valuer_per_share_4q_avg": 29.8,
            "equity": 89078362,
            "current_ratio": 152.14,
            "debt_ratio": 56.35,
            "inventory_turnover_ratio": 1.99,
            "account_receivable_turnover_ratio": 1.27,
            "reinvestment_rate": 30.43,
            "research_to_sale_ratio": 2.34,
            "price_fair": 105.9,
            "eps_avg_yearly": 3.03,
            "eps_latest_yearly": 2.64,
            "eps_growth_yearly": 108.57
        },
        "20121": {
            "year_quarter": 20121,
            "year": 2012,
            "quarter": 1,
            "eps": 0.6,
            "eps_growth_year": -7.69,
            "eps_4q": 3.17,
            "eps_4q_growth_year": -24.83,
            "roe": 1.94,
            "roe_4q": 10.959999999999999,
            "gross_profit": 7434266,
            "gross_margin": 14.13,
            "gross_margin_4q_avg": 14.59,
            "net_income": 1736466,
            "net_income_4q": null,
            "revenue": 52610783,
            "revenue_4q": null,
            "common_shares": 22794151,
            "book_valuer_per_share": 30.73,
            "book_valuer_per_share_4q_avg": 29.84,
            "equity": 89722958,
            "current_ratio": 164.54,
            "debt_ratio": 53.8,
            "inventory_turnover_ratio": 1.67,
            "account_receivable_turnover_ratio": 1.2,
            "reinvestment_rate": 24.72,
            "research_to_sale_ratio": 2.5,
            "price_fair": 108.9,
            "eps_avg_yearly": 3.11,
            "eps_latest_yearly": 2.4,
            "eps_growth_yearly": 123.83
        },
        "20122": {
            "year_quarter": 20122,
            "year": 2012,
            "quarter": 2,
            "eps": 0.84,
            "eps_growth_year": 10.55,
            "eps_4q": 3.23,
            "eps_4q_growth_year": -7.57,
            "roe": 2.8,
            "roe_4q": 11.07,
            "gross_profit": 7540209,
            "gross_margin": 13.69,
            "gross_margin_4q_avg": 14.35,
            "net_income": 2448788,
            "net_income_4q": null,
            "revenue": 55069486,
            "revenue_4q": null,
            "common_shares": 22794426,
            "book_valuer_per_share": 29.27,
            "book_valuer_per_share_4q_avg": 30.11,
            "equity": 85036066,
            "current_ratio": 152.59,
            "debt_ratio": 57.06,
            "inventory_turnover_ratio": 1.95,
            "account_receivable_turnover_ratio": 1.3,
            "reinvestment_rate": 28.48,
            "research_to_sale_ratio": 2.49,
            "price_fair": 110.9,
            "eps_avg_yearly": 3.17,
            "eps_latest_yearly": 3.36,
            "eps_growth_yearly": 102.87
        },
        "20123": {
            "year_quarter": 20123,
            "year": 2012,
            "quarter": 3,
            "eps": 0.87,
            "eps_growth_year": -23.71,
            "eps_4q": 2.97,
            "eps_4q_growth_year": -15.66,
            "roe": 2.99,
            "roe_4q": 9.92,
            "gross_profit": 8044462,
            "gross_margin": 14.5,
            "gross_margin_4q_avg": 13.96,
            "net_income": 2574199,
            "net_income_4q": null,
            "revenue": 55469328,
            "revenue_4q": null,
            "common_shares": 22952613,
            "book_valuer_per_share": 29.67,
            "book_valuer_per_share_4q_avg": 30.07,
            "equity": 86966137,
            "current_ratio": 155.09,
            "debt_ratio": 54.53,
            "inventory_turnover_ratio": 2.2,
            "account_receivable_turnover_ratio": 1.27,
            "reinvestment_rate": 20.34,
            "research_to_sale_ratio": 2.35,
            "price_fair": 110.1,
            "eps_avg_yearly": 3.15,
            "eps_latest_yearly": 3.48,
            "eps_growth_yearly": 90.05
        },
        "20124": {
            "year_quarter": 20124,
            "year": 2012,
            "quarter": 4,
            "eps": 1.02,
            "eps_growth_year": 53.16,
            "eps_4q": 3.32,
            "eps_4q_growth_year": 3.52,
            "roe": 3.12,
            "roe_4q": 10.85,
            "gross_profit": 7608760,
            "gross_margin": 14.38,
            "gross_margin_4q_avg": 14.18,
            "net_income": 2760425,
            "net_income_4q": null,
            "revenue": 52897413,
            "revenue_4q": null,
            "common_shares": 22953154,
            "book_valuer_per_share": 30.77,
            "book_valuer_per_share_4q_avg": 30.11,
            "equity": 89819003,
            "current_ratio": 158.95,
            "debt_ratio": 53.99,
            "inventory_turnover_ratio": 2.2,
            "account_receivable_turnover_ratio": 1.19,
            "reinvestment_rate": 15.38,
            "research_to_sale_ratio": 3.27,
            "price_fair": 118.8,
            "eps_avg_yearly": 3.39,
            "eps_latest_yearly": 4.08,
            "eps_growth_yearly": 119.04
        },
        "20131": {
            "year_quarter": 20131,
            "year": 2013,
            "quarter": 1,
            "eps": 0.7,
            "eps_growth_year": 16.67,
            "eps_4q": 3.41,
            "eps_4q_growth_year": 7.8,
            "roe": 2.14,
            "roe_4q": 11.05,
            "gross_profit": 6883055,
            "gross_margin": 14.72,
            "gross_margin_4q_avg": 14.32,
            "net_income": 1790907,
            "net_income_4q": null,
            "revenue": 46768494,
            "revenue_4q": null,
            "common_shares": 22959994,
            "book_valuer_per_share": 30.61,
            "book_valuer_per_share_4q_avg": 30.08,
            "equity": 77925730,
            "current_ratio": 150.61,
            "debt_ratio": 60.15,
            "inventory_turnover_ratio": 1.91,
            "account_receivable_turnover_ratio": 1.11,
            "reinvestment_rate": 18.31,
            "research_to_sale_ratio": 3.05,
            "price_fair": 124.1,
            "eps_avg_yearly": 3.55,
            "eps_latest_yearly": 2.8,
            "eps_growth_yearly": 106.27
        },
        "20132": {
            "year_quarter": 20132,
            "year": 2013,
            "quarter": 2,
            "eps": 0.98,
            "eps_growth_year": 17.14,
            "eps_4q": 3.54,
            "eps_4q_growth_year": 9.51,
            "roe": 3.04,
            "roe_4q": 11.290000000000001,
            "gross_profit": 7410615,
            "gross_margin": 14.82,
            "gross_margin_4q_avg": 14.61,
            "net_income": 2326370,
            "net_income_4q": null,
            "revenue": 50009185,
            "revenue_4q": null,
            "common_shares": 23029886,
            "book_valuer_per_share": 29.76,
            "book_valuer_per_share_4q_avg": 30.2,
            "equity": 75217111,
            "current_ratio": 140.31,
            "debt_ratio": 62.9,
            "inventory_turnover_ratio": 1.94,
            "account_receivable_turnover_ratio": 1.21,
            "reinvestment_rate": 19.89,
            "research_to_sale_ratio": 3.01,
            "price_fair": 109.13,
            "eps_avg_yearly": 3.61,
            "eps_latest_yearly": 3.92,
            "eps_growth_yearly": 20.22
        },
        "20133": {
            "year_quarter": 20133,
            "year": 2013,
            "quarter": 3,
            "eps": 1.06,
            "eps_growth_year": 21.25,
            "eps_4q": 3.72,
            "eps_4q_growth_year": 25.48,
            "roe": 3.07,
            "roe_4q": 11.370000000000001,
            "gross_profit": 8335942,
            "gross_margin": 14.6,
            "gross_margin_4q_avg": 14.63,
            "net_income": 2316110,
            "net_income_4q": null,
            "revenue": 57077512,
            "revenue_4q": null,
            "common_shares": 23206877,
            "book_valuer_per_share": 30.22,
            "book_valuer_per_share_4q_avg": 30.34,
            "equity": 75836397,
            "current_ratio": 139.82,
            "debt_ratio": 63.13,
            "inventory_turnover_ratio": 2.06,
            "account_receivable_turnover_ratio": 1.24,
            "reinvestment_rate": 20.36,
            "research_to_sale_ratio": 2.88,
            "price_fair": 64.91,
            "eps_avg_yearly": 3.59,
            "eps_latest_yearly": 4.24,
            "eps_growth_yearly": 8.07
        },
        "20134": {
            "year_quarter": 20134,
            "year": 2013,
            "quarter": 4,
            "eps": 1.1,
            "eps_growth_year": 7.63,
            "eps_4q": 3.81,
            "eps_4q_growth_year": 14.6,
            "roe": 3.17,
            "roe_4q": 11.420000000000002,
            "gross_profit": 7870982,
            "gross_margin": 13.26,
            "gross_margin_4q_avg": 14.35,
            "net_income": 2457104,
            "net_income_4q": null,
            "revenue": 59359106,
            "revenue_4q": null,
            "common_shares": 23246552,
            "book_valuer_per_share": 31.76,
            "book_valuer_per_share_4q_avg": 30.59,
            "equity": 79237155,
            "current_ratio": 135.09,
            "debt_ratio": 62.69,
            "inventory_turnover_ratio": 1.99,
            "account_receivable_turnover_ratio": 1.2,
            "reinvestment_rate": 19.44,
            "research_to_sale_ratio": 2.79,
            "price_fair": 65.74,
            "eps_avg_yearly": 3.57,
            "eps_latest_yearly": 4.4,
            "eps_growth_yearly": 8.39
        },
        "20141": {
            "year_quarter": 20141,
            "year": 2014,
            "quarter": 1,
            "eps": 0.62,
            "eps_growth_year": -11.43,
            "eps_4q": 3.74,
            "eps_4q_growth_year": 9.66,
            "roe": 1.79,
            "roe_4q": 11.07,
            "gross_profit": 6421491,
            "gross_margin": 12.41,
            "gross_margin_4q_avg": 13.77,
            "net_income": 1428592,
            "net_income_4q": null,
            "revenue": 51741914,
            "revenue_4q": null,
            "common_shares": 23276257,
            "book_valuer_per_share": 32.55,
            "book_valuer_per_share_4q_avg": 31.07,
            "equity": 80273691,
            "current_ratio": 133.72,
            "debt_ratio": 60.71,
            "inventory_turnover_ratio": 1.63,
            "account_receivable_turnover_ratio": 1.08,
            "reinvestment_rate": 18.64,
            "research_to_sale_ratio": 3,
            "price_fair": 10.5,
            "eps_avg_yearly": 3.5,
            "eps_latest_yearly": 2.48,
            "eps_growth_yearly": -3.8
        },
        "20142": {
            "year_quarter": 20142,
            "year": 2014,
            "quarter": 2,
            "eps": 0.88,
            "eps_growth_year": -10.2,
            "eps_4q": 3.63,
            "eps_4q_growth_year": 2.58,
            "roe": 2.61,
            "roe_4q": 10.64,
            "gross_profit": 7867899,
            "gross_margin": 13.51,
            "gross_margin_4q_avg": 13.45,
            "net_income": 2018366,
            "net_income_4q": null,
            "revenue": 58234367,
            "revenue_4q": null,
            "common_shares": 23259507,
            "book_valuer_per_share": 30.22,
            "book_valuer_per_share_4q_avg": 31.19,
            "equity": 74256385,
            "current_ratio": 125.52,
            "debt_ratio": 63.72,
            "inventory_turnover_ratio": 1.71,
            "account_receivable_turnover_ratio": 1.22,
            "reinvestment_rate": -12.28,
            "research_to_sale_ratio": 2.81,
            "price_fair": 59.26,
            "eps_avg_yearly": 3.5,
            "eps_latest_yearly": 3.52,
            "eps_growth_yearly": 6.92
        },
        "20143": {
            "year_quarter": 20143,
            "year": 2014,
            "quarter": 3,
            "eps": 0.67,
            "eps_growth_year": -36.79,
            "eps_4q": 3.25,
            "eps_4q_growth_year": -12.6,
            "roe": 1,
            "roe_4q": 8.57,
            "gross_profit": 7437117,
            "gross_margin": 12.27,
            "gross_margin_4q_avg": 12.86,
            "net_income": 748233,
            "net_income_4q": null,
            "revenue": 60607714,
            "revenue_4q": null,
            "common_shares": 23416737,
            "book_valuer_per_share": 31.02,
            "book_valuer_per_share_4q_avg": 31.39,
            "equity": 75879974,
            "current_ratio": 126.58,
            "debt_ratio": 64.1,
            "inventory_turnover_ratio": 1.7,
            "account_receivable_turnover_ratio": 1.22,
            "reinvestment_rate": -19.06,
            "research_to_sale_ratio": 2.67,
            "price_fair": 54.7,
            "eps_avg_yearly": 3.39,
            "eps_latest_yearly": 2.68,
            "eps_growth_yearly": 6.16
        },
        "20144": {
            "year_quarter": 20144,
            "year": 2014,
            "quarter": 4,
            "eps": 0.63,
            "eps_growth_year": -42.72,
            "eps_4q": 2.79,
            "eps_4q_growth_year": -26.69,
            "roe": 1.91,
            "roe_4q": 7.31,
            "gross_profit": 6522465,
            "gross_margin": 10.86,
            "gross_margin_4q_avg": 12.26,
            "net_income": 1484382,
            "net_income_4q": null,
            "revenue": 60047979,
            "revenue_4q": null,
            "common_shares": 23416737,
            "book_valuer_per_share": 32.38,
            "book_valuer_per_share_4q_avg": 31.54,
            "equity": 79161991,
            "current_ratio": 127.79,
            "debt_ratio": 63.44,
            "inventory_turnover_ratio": 1.74,
            "account_receivable_turnover_ratio": 1.18,
            "reinvestment_rate": -19.16,
            "research_to_sale_ratio": 2.61,
            "price_fair": 59.94,
            "eps_avg_yearly": 3.3,
            "eps_latest_yearly": 2.52,
            "eps_growth_yearly": 8.18
        },
        "20151": {
            "year_quarter": 20151,
            "year": 2015,
            "quarter": 1,
            "eps": 0.71,
            "eps_growth_year": 14.52,
            "eps_4q": 2.89,
            "eps_4q_growth_year": -22.91,
            "roe": 2.13,
            "roe_4q": 7.65,
            "gross_profit": 6461647,
            "gross_margin": 12.54,
            "gross_margin_4q_avg": 12.3,
            "net_income": 1692782,
            "net_income_4q": null,
            "revenue": 51540402,
            "revenue_4q": null,
            "common_shares": 23416737,
            "book_valuer_per_share": 32.67,
            "book_valuer_per_share_4q_avg": 31.57,
            "equity": 79773270,
            "current_ratio": 137.75,
            "debt_ratio": 60.06,
            "inventory_turnover_ratio": 1.55,
            "account_receivable_turnover_ratio": 1.06,
            "reinvestment_rate": -21.97,
            "research_to_sale_ratio": 2.98,
            "price_fair": 98.61,
            "eps_avg_yearly": 3.31,
            "eps_latest_yearly": 2.84,
            "eps_growth_yearly": 19.77
        },
        "20152": {
            "year_quarter": 20152,
            "year": 2015,
            "quarter": 2,
            "eps": 0.62,
            "eps_growth_year": -29.55,
            "eps_4q": 2.61,
            "eps_4q_growth_year": -28.11,
            "roe": 1.92,
            "roe_4q": 6.96,
            "gross_profit": 6463005,
            "gross_margin": 12.51,
            "gross_margin_4q_avg": 12.05,
            "net_income": 1488319,
            "net_income_4q": null,
            "revenue": 51646489,
            "revenue_4q": null,
            "common_shares": 23416737,
            "book_valuer_per_share": 30.97,
            "book_valuer_per_share_4q_avg": 31.76,
            "equity": 75436148,
            "current_ratio": 132.08,
            "debt_ratio": 61.81,
            "inventory_turnover_ratio": 1.6,
            "account_receivable_turnover_ratio": 1.13,
            "reinvestment_rate": -23.15,
            "research_to_sale_ratio": 2.79,
            "price_fair": 73.32,
            "eps_avg_yearly": 3.28,
            "eps_latest_yearly": 2.48,
            "eps_growth_yearly": 12.37
        },
        "20153": {
            "year_quarter": 20153,
            "year": 2015,
            "quarter": 3,
            "eps": 0.71,
            "eps_growth_year": 5.97,
            "eps_4q": 2.67,
            "eps_4q_growth_year": -17.83,
            "roe": 2.16,
            "roe_4q": 8.12,
            "gross_profit": 7222653,
            "gross_margin": 12.9,
            "gross_margin_4q_avg": 12.2,
            "net_income": 1661824,
            "net_income_4q": null,
            "revenue": 55996480,
            "revenue_4q": null,
            "common_shares": 23577153,
            "book_valuer_per_share": 32.45,
            "book_valuer_per_share_4q_avg": 32.12,
            "equity": 78688464,
            "current_ratio": 132.07,
            "debt_ratio": 63,
            "inventory_turnover_ratio": 1.67,
            "account_receivable_turnover_ratio": 1.15,
            "reinvestment_rate": -23.83,
            "research_to_sale_ratio": 2.63,
            "price_fair": 41.72,
            "eps_avg_yearly": 3.17,
            "eps_latest_yearly": 2.84,
            "eps_growth_yearly": 3.17
        },
        "20154": {
            "year_quarter": 20154,
            "year": 2015,
            "quarter": 4,
            "eps": 1.09,
            "eps_growth_year": 73.17,
            "eps_4q": 3.13,
            "eps_4q_growth_year": 12.11,
            "roe": 3.12,
            "roe_4q": 9.33,
            "gross_profit": 7993912,
            "gross_margin": 13.84,
            "gross_margin_4q_avg": 12.95,
            "net_income": 2469907,
            "net_income_4q": null,
            "revenue": 57745363,
            "revenue_4q": null,
            "common_shares": 23349283,
            "book_valuer_per_share": 32.92,
            "book_valuer_per_share_4q_avg": 32.25,
            "equity": 79683593,
            "current_ratio": 137.09,
            "debt_ratio": 61.99,
            "inventory_turnover_ratio": 1.68,
            "account_receivable_turnover_ratio": 1.13,
            "reinvestment_rate": -32.33,
            "research_to_sale_ratio": 2.66,
            "price_fair": 114.63,
            "eps_avg_yearly": 3.28,
            "eps_latest_yearly": 4.36,
            "eps_growth_yearly": 27.2
        },
        "20161": {
            "year_quarter": 20161,
            "year": 2016,
            "quarter": 1,
            "eps": 0.74,
            "eps_growth_year": 4.23,
            "eps_4q": 3.16,
            "eps_4q_growth_year": 9.39,
            "roe": 2.08,
            "roe_4q": 9.280000000000001,
            "gross_profit": 6591557,
            "gross_margin": 13.22,
            "gross_margin_4q_avg": 13.12,
            "net_income": 1661381,
            "net_income_4q": null,
            "revenue": 49842055,
            "revenue_4q": null,
            "common_shares": 23349283,
            "book_valuer_per_share": 33.27,
            "book_valuer_per_share_4q_avg": 32.4,
            "equity": 80432796,
            "current_ratio": 141.15,
            "debt_ratio": 59.21,
            "inventory_turnover_ratio": 1.53,
            "account_receivable_turnover_ratio": 1.06,
            "reinvestment_rate": -24.8,
            "research_to_sale_ratio": 2.95,
            "price_fair": 104.09,
            "eps_avg_yearly": 3.31,
            "eps_latest_yearly": 2.96,
            "eps_growth_yearly": 21.45
        },
        "20162": {
            "year_quarter": 20162,
            "year": 2016,
            "quarter": 2,
            "eps": 0.84,
            "eps_growth_year": 35.48,
            "eps_4q": 3.35,
            "eps_4q_growth_year": 28.64,
            "roe": 2.5,
            "roe_4q": 9.86,
            "gross_profit": 6822275,
            "gross_margin": 12.68,
            "gross_margin_4q_avg": 13.16,
            "net_income": 1955620,
            "net_income_4q": null,
            "revenue": 53789423,
            "revenue_4q": null,
            "common_shares": 23349283,
            "book_valuer_per_share": 31.49,
            "book_valuer_per_share_4q_avg": 32.53,
            "equity": 76213182,
            "current_ratio": 135.09,
            "debt_ratio": 62.31,
            "inventory_turnover_ratio": 1.68,
            "account_receivable_turnover_ratio": 1.15,
            "reinvestment_rate": -33.97,
            "research_to_sale_ratio": 2.84,
            "price_fair": 82.18,
            "eps_avg_yearly": 3.31,
            "eps_latest_yearly": 3.36,
            "eps_growth_yearly": 14.83
        },
        "20163": {
            "year_quarter": 20163,
            "year": 2016,
            "quarter": 3,
            "eps": 1.37,
            "eps_growth_year": 92.96,
            "eps_4q": 4.02,
            "eps_4q_growth_year": 50.3,
            "roe": 4.14,
            "roe_4q": 11.84,
            "gross_profit": 9144237,
            "gross_margin": 14.59,
            "gross_margin_4q_avg": 13.58,
            "net_income": 3178649,
            "net_income_4q": null,
            "revenue": 62677554,
            "revenue_4q": null,
            "common_shares": 23508670,
            "book_valuer_per_share": 31.83,
            "book_valuer_per_share_4q_avg": 32.38,
            "equity": 77432200,
            "current_ratio": 133.42,
            "debt_ratio": 63.65,
            "inventory_turnover_ratio": 1.86,
            "account_receivable_turnover_ratio": 1.2,
            "reinvestment_rate": -32.65,
            "research_to_sale_ratio": 2.47,
            "price_fair": 120.23,
            "eps_avg_yearly": 3.44,
            "eps_latest_yearly": 5.48,
            "eps_growth_yearly": 29.71
        },
        "20164": {
            "year_quarter": 20164,
            "year": 2016,
            "quarter": 4,
            "eps": 1.12,
            "eps_growth_year": 2.62,
            "eps_4q": 4.05,
            "eps_4q_growth_year": 29.48,
            "roe": 3.29,
            "roe_4q": 12.01,
            "gross_profit": 8700199,
            "gross_margin": 13.75,
            "gross_margin_4q_avg": 13.56,
            "net_income": 2576914,
            "net_income_4q": null,
            "revenue": 63262726,
            "revenue_4q": null,
            "common_shares": 23508670,
            "book_valuer_per_share": 32.67,
            "book_valuer_per_share_4q_avg": 32.32,
            "equity": 79280436,
            "current_ratio": 135.77,
            "debt_ratio": 62.4,
            "inventory_turnover_ratio": 1.95,
            "account_receivable_turnover_ratio": 1.09,
            "reinvestment_rate": -32.04,
            "research_to_sale_ratio": 2.47,
            "price_fair": 106.69,
            "eps_avg_yearly": 3.46,
            "eps_latest_yearly": 4.48,
            "eps_growth_yearly": 20.83
        },
        "20171": {
            "year_quarter": 20171,
            "year": 2017,
            "quarter": 1,
            "eps": 0.85,
            "eps_growth_year": 14.86,
            "eps_4q": 4.17,
            "eps_4q_growth_year": 32.12,
            "roe": 2.35,
            "roe_4q": 12.280000000000001,
            "gross_profit": 6692332,
            "gross_margin": 13.03,
            "gross_margin_4q_avg": 13.51,
            "net_income": 1847559,
            "net_income_4q": null,
            "revenue": 51351700,
            "revenue_4q": null,
            "common_shares": 23508670,
            "book_valuer_per_share": 32.22,
            "book_valuer_per_share_4q_avg": 32.05,
            "equity": 77944890,
            "current_ratio": 134.17,
            "debt_ratio": 60,
            "inventory_turnover_ratio": 1.7,
            "account_receivable_turnover_ratio": 0.93,
            "reinvestment_rate": -38.92,
            "research_to_sale_ratio": 2.97,
            "price_fair": 114.2,
            "eps_avg_yearly": 3.5,
            "eps_latest_yearly": 3.4,
            "eps_growth_yearly": 22.65
        },
        "20172": {
            "year_quarter": 20172,
            "year": 2017,
            "quarter": 2,
            "eps": 0.76,
            "eps_growth_year": -9.52,
            "eps_4q": 4.09,
            "eps_4q_growth_year": 22.06,
            "roe": 2.48,
            "roe_4q": 12.260000000000002,
            "gross_profit": 6961541,
            "gross_margin": 13.12,
            "gross_margin_4q_avg": 13.62,
            "net_income": 1888432,
            "net_income_4q": null,
            "revenue": 53060898,
            "revenue_4q": null,
            "common_shares": 23508670,
            "book_valuer_per_share": 30.49,
            "book_valuer_per_share_4q_avg": 31.8,
            "equity": 74082978,
            "current_ratio": 128.6,
            "debt_ratio": 62.89,
            "inventory_turnover_ratio": 1.74,
            "account_receivable_turnover_ratio": 1.04,
            "reinvestment_rate": -38.97,
            "research_to_sale_ratio": 2.91,
            "price_fair": 68.86,
            "eps_avg_yearly": 3.44,
            "eps_latest_yearly": 3.04,
            "eps_growth_yearly": 10
        },
        "20173": {
            "year_quarter": 20173,
            "year": 2017,
            "quarter": 3,
            "eps": -1.47,
            "eps_growth_year": -207.3,
            "eps_4q": 1.26,
            "eps_4q_growth_year": -68.69,
            "roe": -4.67,
            "roe_4q": 3.45,
            "gross_profit": 6864951,
            "gross_margin": 12.26,
            "gross_margin_4q_avg": 13.04,
            "net_income": -3398896,
            "net_income_4q": null,
            "revenue": 55991892,
            "revenue_4q": null,
            "common_shares": 23508670,
            "book_valuer_per_share": 29.36,
            "book_valuer_per_share_4q_avg": 31.19,
            "equity": 71492710,
            "current_ratio": 129.43,
            "debt_ratio": 64.14,
            "inventory_turnover_ratio": 1.72,
            "account_receivable_turnover_ratio": 1.06,
            "reinvestment_rate": -50.86,
            "research_to_sale_ratio": 2.96,
            "price_fair": 62.68,
            "eps_avg_yearly": 3.39,
            "eps_latest_yearly": 3.04,
            "eps_growth_yearly": 8.49
        },
        "20174": {
            "year_quarter": 20174,
            "year": 2017,
            "quarter": 4,
            "eps": 0.99,
            "eps_growth_year": -11.31,
            "eps_4q": 1.13,
            "eps_4q_growth_year": -72.08,
            "roe": 3.16,
            "roe_4q": 3.3200000000000003,
            "gross_profit": 7190993,
            "gross_margin": 13.28,
            "gross_margin_4q_avg": 12.92,
            "net_income": 2294036,
            "net_income_4q": null,
            "revenue": 54159832,
            "revenue_4q": null,
            "common_shares": 23508670,
            "book_valuer_per_share": 30.34,
            "book_valuer_per_share_4q_avg": 30.6,
            "equity": 73767429,
            "current_ratio": 126.59,
            "debt_ratio": 61.17,
            "inventory_turnover_ratio": 1.62,
            "account_receivable_turnover_ratio": 1.03,
            "reinvestment_rate": -59.98,
            "research_to_sale_ratio": 3.12,
            "price_fair": 59.78,
            "eps_avg_yearly": 3.32,
            "eps_latest_yearly": 3.04,
            "eps_growth_yearly": 8.02
        },
        "20181": {
            "year_quarter": 20181,
            "year": 2018,
            "quarter": 1,
            "eps": 0.45,
            "eps_growth_year": -47.06,
            "eps_4q": 0.73,
            "eps_4q_growth_year": -82.58,
            "roe": 1.4,
            "roe_4q": 2.3700000000000006,
            "gross_profit": 5401911,
            "gross_margin": 11.13,
            "gross_margin_4q_avg": 12.45,
            "net_income": 1045668,
            "net_income_4q": null,
            "revenue": 48533652,
            "revenue_4q": null,
            "common_shares": 23508670,
            "book_valuer_per_share": 31.08,
            "book_valuer_per_share_4q_avg": 30.32,
            "equity": 75507674,
            "current_ratio": 128.22,
            "debt_ratio": 60.51,
            "inventory_turnover_ratio": 1.52,
            "account_receivable_turnover_ratio": 0.95,
            "reinvestment_rate": -58.09,
            "research_to_sale_ratio": 3.25,
            "price_fair": 48.72,
            "eps_avg_yearly": 3.27,
            "eps_latest_yearly": 1.8,
            "eps_growth_yearly": 4.91
        },
        "20182": {
            "year_quarter": 20182,
            "year": 2018,
            "quarter": 2,
            "eps": 0.76,
            "eps_growth_year": 0,
            "eps_4q": 0.72,
            "eps_4q_growth_year": -82.38,
            "roe": 2.36,
            "roe_4q": 2.25,
            "gross_profit": 6513271,
            "gross_margin": 11.91,
            "gross_margin_4q_avg": 12.15,
            "net_income": 1721867,
            "net_income_4q": null,
            "revenue": 54709020,
            "revenue_4q": null,
            "common_shares": 23508670,
            "book_valuer_per_share": 28.8,
            "book_valuer_per_share_4q_avg": 29.9,
            "equity": 70173168,
            "current_ratio": 124.4,
            "debt_ratio": 65.38,
            "inventory_turnover_ratio": 1.66,
            "account_receivable_turnover_ratio": 1,
            "reinvestment_rate": -64.53,
            "research_to_sale_ratio": 3.1,
            "price_fair": 73.12,
            "eps_avg_yearly": 3.23,
            "eps_latest_yearly": 3.04,
            "eps_growth_yearly": 12.61
        },
        "20183": {
            "year_quarter": 20183,
            "year": 2018,
            "quarter": 3,
            "eps": 1.14,
            "eps_growth_year": null,
            "eps_4q": 3.33,
            "eps_4q_growth_year": 164.63,
            "roe": 3.79,
            "roe_4q": 10.71,
            "gross_profit": 8420381,
            "gross_margin": 15.77,
            "gross_margin_4q_avg": 13.02,
            "net_income": 2677537,
            "net_income_4q": null,
            "revenue": 53396972,
            "revenue_4q": null,
            "common_shares": 23508670,
            "book_valuer_per_share": 29.25,
            "book_valuer_per_share_4q_avg": 29.87,
            "equity": 71299933,
            "current_ratio": 124.46,
            "debt_ratio": 65.85,
            "inventory_turnover_ratio": 1.44,
            "account_receivable_turnover_ratio": 0.99,
            "reinvestment_rate": -58.59,
            "research_to_sale_ratio": 2.85,
            "price_fair": 117.9,
            "eps_avg_yearly": 3.37,
            "eps_latest_yearly": 4.56,
            "eps_growth_yearly": 33.71
        },
        "20184": {
            "year_quarter": 20184,
            "year": 2018,
            "quarter": 4,
            "eps": 1.08,
            "eps_growth_year": 9.7,
            "eps_4q": 3.42,
            "eps_4q_growth_year": 202.62,
            "roe": 3.46,
            "roe_4q": 11.01,
            "gross_profit": 6766686,
            "gross_margin": 13.41,
            "gross_margin_4q_avg": 13.06,
            "net_income": 2522012,
            "net_income_4q": null,
            "revenue": 50469444,
            "revenue_4q": null,
            "common_shares": 23508670,
            "book_valuer_per_share": 30.69,
            "book_valuer_per_share_4q_avg": 29.96,
            "equity": 74678401,
            "current_ratio": 130.99,
            "debt_ratio": 62.12,
            "inventory_turnover_ratio": 1.36,
            "account_receivable_turnover_ratio": 1.06,
            "reinvestment_rate": -58.48,
            "research_to_sale_ratio": 3.09,
            "price_fair": 122.4,
            "eps_avg_yearly": 3.5,
            "eps_latest_yearly": 4.32,
            "eps_growth_yearly": 33.91
        },
        "20191": {
            "year_quarter": 20191,
            "year": 2019,
            "quarter": 1,
            "eps": 0.63,
            "eps_growth_year": 40,
            "eps_4q": 3.61,
            "eps_4q_growth_year": 396.41,
            "roe": 1.94,
            "roe_4q": 11.55,
            "gross_profit": 5406444,
            "gross_margin": 13.13,
            "gross_margin_4q_avg": 13.56,
            "net_income": 1472121,
            "net_income_4q": null,
            "revenue": 41172944,
            "revenue_4q": null,
            "common_shares": 23508670,
            "book_valuer_per_share": 31.88,
            "book_valuer_per_share_4q_avg": 30.16,
            "equity": 77460833,
            "current_ratio": 138.29,
            "debt_ratio": 57.51,
            "inventory_turnover_ratio": 1.23,
            "account_receivable_turnover_ratio": 1,
            "reinvestment_rate": -50.06,
            "research_to_sale_ratio": 3.48,
            "price_fair": 98.6,
            "eps_avg_yearly": 3.47,
            "eps_latest_yearly": 2.52,
            "eps_growth_yearly": 18.38
        },
        "20192": {
            "year_quarter": 20192,
            "year": 2019,
            "quarter": 2,
            "eps": 1.03,
            "eps_growth_year": 35.53,
            "eps_4q": 3.88,
            "eps_4q_growth_year": 438,
            "roe": 3.18,
            "roe_4q": 12.370000000000001,
            "gross_profit": 6999585,
            "gross_margin": 15.74,
            "gross_margin_4q_avg": 14.51,
            "net_income": 2382514,
            "net_income_4q": null,
            "revenue": 44468293,
            "revenue_4q": null,
            "common_shares": 23508670,
            "book_valuer_per_share": 29.8,
            "book_valuer_per_share_4q_avg": 30.41,
            "equity": 72613475,
            "current_ratio": 128.87,
            "debt_ratio": 61.82,
            "inventory_turnover_ratio": 1.44,
            "account_receivable_turnover_ratio": 1.15,
            "reinvestment_rate": -48.29,
            "research_to_sale_ratio": 3.52,
            "price_fair": 125.7,
            "eps_avg_yearly": 3.59,
            "eps_latest_yearly": 4.12,
            "eps_growth_yearly": 40.14
        },
        "20193": {
            "year_quarter": 20193,
            "year": 2019,
            "quarter": 3,
            "eps": 1.34,
            "eps_growth_year": 17.54,
            "eps_4q": 4.08,
            "eps_4q_growth_year": 22.7,
            "roe": 4.3,
            "roe_4q": 12.879999999999999,
            "gross_profit": 7790397,
            "gross_margin": 16.18,
            "gross_margin_4q_avg": 14.62,
            "net_income": 3125998,
            "net_income_4q": null,
            "revenue": 48157962,
            "revenue_4q": null,
            "common_shares": 23508670,
            "book_valuer_per_share": 30.36,
            "book_valuer_per_share_4q_avg": 30.68,
            "equity": 72791214,
            "current_ratio": 129.41,
            "debt_ratio": 61.92,
            "inventory_turnover_ratio": 1.6,
            "account_receivable_turnover_ratio": 1.12,
            "reinvestment_rate": -51.81,
            "research_to_sale_ratio": 3.19,
            "price_fair": 132,
            "eps_avg_yearly": 3.77,
            "eps_latest_yearly": 5.36,
            "eps_growth_yearly": 44.59
        },
        "20194": {
            "year_quarter": 20194,
            "year": 2019,
            "quarter": 4,
            "eps": 1.04,
            "eps_growth_year": -4.51,
            "eps_4q": 4.03,
            "eps_4q_growth_year": 17.85,
            "roe": 3.29,
            "roe_4q": 12.709999999999999,
            "gross_profit": 7141238,
            "gross_margin": 16.17,
            "gross_margin_4q_avg": 15.31,
            "net_income": 2424884,
            "net_income_4q": null,
            "revenue": 44154967,
            "revenue_4q": null,
            "common_shares": 23508670,
            "book_valuer_per_share": 31.18,
            "book_valuer_per_share_4q_avg": 30.81,
            "equity": 74641390,
            "current_ratio": 134.24,
            "debt_ratio": 60.01,
            "inventory_turnover_ratio": 1.52,
            "account_receivable_turnover_ratio": 1.06,
            "reinvestment_rate": -48.13,
            "research_to_sale_ratio": 3.51,
            "price_fair": 123.63,
            "eps_avg_yearly": 3.76,
            "eps_latest_yearly": 4.16,
            "eps_growth_yearly": 22.91
        },
        "20201": {
            "year_quarter": 20201,
            "year": 2020,
            "quarter": 1,
            "eps": 0.68,
            "eps_growth_year": 7.94,
            "eps_4q": 4.08,
            "eps_4q_growth_year": 13.17,
            "roe": 1.85,
            "roe_4q": 12.620000000000001,
            "gross_profit": 4716986,
            "gross_margin": 14.48,
            "gross_margin_4q_avg": 15.64,
            "net_income": 1318690,
            "net_income_4q": null,
            "revenue": 32575702,
            "revenue_4q": null,
            "common_shares": 23508670,
            "book_valuer_per_share": 28.35,
            "book_valuer_per_share_4q_avg": 29.92,
            "equity": 67775837,
            "current_ratio": 129.45,
            "debt_ratio": 61.3,
            "inventory_turnover_ratio": 1.24,
            "account_receivable_turnover_ratio": 0.98,
            "reinvestment_rate": -43.11,
            "research_to_sale_ratio": 4,
            "price_fair": 120.39,
            "eps_avg_yearly": 3.74,
            "eps_latest_yearly": 2.72,
            "eps_growth_yearly": 22.19
        },
        "20202": {
            "year_quarter": 20202,
            "year": 2020,
            "quarter": 2,
            "eps": 1.48,
            "eps_growth_year": 43.69,
            "eps_4q": 4.53,
            "eps_4q_growth_year": 16.81,
            "roe": 4.99,
            "roe_4q": 14.43,
            "gross_profit": 8113880,
            "gross_margin": 19.41,
            "gross_margin_4q_avg": 16.56,
            "net_income": 3450578,
            "net_income_4q": null,
            "revenue": 41796304,
            "revenue_4q": null,
            "common_shares": 23508670,
            "book_valuer_per_share": 29.45,
            "book_valuer_per_share_4q_avg": 29.84,
            "equity": 70600859,
            "current_ratio": 132.1,
            "debt_ratio": 60.54,
            "inventory_turnover_ratio": 1.51,
            "account_receivable_turnover_ratio": 1.33,
            "reinvestment_rate": -36.83,
            "research_to_sale_ratio": 3.23,
            "price_fair": 137.3,
            "eps_avg_yearly": 3.92,
            "eps_latest_yearly": 5.92,
            "eps_growth_yearly": 51.94
        },
        "20203": {
            "year_quarter": 20203,
            "year": 2020,
            "quarter": 3,
            "eps": 1.29,
            "eps_growth_year": -3.73,
            "eps_4q": 4.48,
            "eps_4q_growth_year": 9.78,
            "roe": 4.17,
            "roe_4q": 14.3,
            "gross_profit": 7843524,
            "gross_margin": 18.98,
            "gross_margin_4q_avg": 17.26,
            "net_income": 3012822,
            "net_income_4q": null,
            "revenue": 41325860,
            "revenue_4q": null,
            "common_shares": 23508670,
            "book_valuer_per_share": 30.81,
            "book_valuer_per_share_4q_avg": 29.95,
            "equity": 73789493,
            "current_ratio": 140.25,
            "debt_ratio": 58.23,
            "inventory_turnover_ratio": 1.4,
            "account_receivable_turnover_ratio": 1.16,
            "reinvestment_rate": -41.74,
            "research_to_sale_ratio": 2.71,
            "price_fair": 136.5,
            "eps_avg_yearly": 3.9,
            "eps_latest_yearly": 5.16,
            "eps_growth_yearly": 30.25
        },
        "20204": {
            "year_quarter": 20204,
            "year": 2020,
            "quarter": 4,
            "eps": 0.86,
            "eps_growth_year": -16.59,
            "eps_4q": 4.31,
            "eps_4q_growth_year": 6.84,
            "roe": 2.77,
            "roe_4q": 13.78,
            "gross_profit": 6709309,
            "gross_margin": 16.19,
            "gross_margin_4q_avg": 17.27,
            "net_income": 2047114,
            "net_income_4q": null,
            "revenue": 41435757,
            "revenue_4q": null,
            "common_shares": 23508670,
            "book_valuer_per_share": 31.67,
            "book_valuer_per_share_4q_avg": 30.07,
            "equity": 74141514,
            "current_ratio": 141.15,
            "debt_ratio": 57.89,
            "inventory_turnover_ratio": 1.41,
            "account_receivable_turnover_ratio": 1.14,
            "reinvestment_rate": -39.59,
            "research_to_sale_ratio": 3.08,
            "price_fair": 133.9,
            "eps_avg_yearly": 3.83,
            "eps_latest_yearly": 3.44,
            "eps_growth_yearly": 25.94
        },
        "20211": {
            "year_quarter": 20211,
            "year": 2021,
            "quarter": 1,
            "eps": 1.83,
            "eps_growth_year": 169.12,
            "eps_4q": 5.47,
            "eps_4q_growth_year": 34,
            "roe": 5.89,
            "roe_4q": 17.82,
            "gross_profit": 6717685,
            "gross_margin": 17.81,
            "gross_margin_4q_avg": 18.1,
            "net_income": 4275197,
            "net_income_4q": null,
            "revenue": 37718016,
            "revenue_4q": null,
            "common_shares": 23508670,
            "book_valuer_per_share": 30.38,
            "book_valuer_per_share_4q_avg": 30.58,
            "equity": 71147282,
            "current_ratio": 135.08,
            "debt_ratio": 59.41,
            "inventory_turnover_ratio": 1.21,
            "account_receivable_turnover_ratio": 1.08,
            "reinvestment_rate": -24.22,
            "research_to_sale_ratio": 3.32,
            "price_fair": 143.7,
            "eps_avg_yearly": 4.11,
            "eps_latest_yearly": 7.32,
            "eps_growth_yearly": 65.05
        },
        "20212": {
            "year_quarter": 20212,
            "year": 2021,
            "quarter": 2,
            "eps": 1.74,
            "eps_growth_year": 17.57,
            "eps_4q": 5.72,
            "eps_4q_growth_year": 26.24,
            "roe": 5.57,
            "roe_4q": 18.4,
            "gross_profit": 7993735,
            "gross_margin": 19.65,
            "gross_margin_4q_avg": 18.16,
            "net_income": 4048447,
            "net_income_4q": null,
            "revenue": 40677351,
            "revenue_4q": null,
            "common_shares": 23508670,
            "book_valuer_per_share": 31.74,
            "book_valuer_per_share_4q_avg": 31.15,
            "equity": 74290747,
            "current_ratio": 140.4,
            "debt_ratio": 57.58,
            "inventory_turnover_ratio": 1.18,
            "account_receivable_turnover_ratio": 1.15,
            "reinvestment_rate": -24.34,
            "research_to_sale_ratio": 4.08,
            "price_fair": 153.5,
            "eps_avg_yearly": 4.39,
            "eps_latest_yearly": 6.96,
            "eps_growth_yearly": 66.67
        },
        "20213": {
            "year_quarter": 20213,
            "year": 2021,
            "quarter": 3,
            "eps": 1.33,
            "eps_growth_year": 3.1,
            "eps_4q": 5.86,
            "eps_4q_growth_year": 30.76,
            "roe": 4.28,
            "roe_4q": 18.51,
            "gross_profit": 8083695,
            "gross_margin": 19.31,
            "gross_margin_4q_avg": 18.24,
            "net_income": 3090023,
            "net_income_4q": null,
            "revenue": 41863597,
            "revenue_4q": null,
            "common_shares": 23508670,
            "book_valuer_per_share": 30.46,
            "book_valuer_per_share_4q_avg": 31.06,
            "equity": 70098094,
            "current_ratio": 132.85,
            "debt_ratio": 61.35,
            "inventory_turnover_ratio": 1.14,
            "account_receivable_turnover_ratio": 1.1,
            "reinvestment_rate": -16.48,
            "research_to_sale_ratio": 3.72,
            "price_fair": 155.68,
            "eps_avg_yearly": 4.45,
            "eps_latest_yearly": 5.32,
            "eps_growth_yearly": 55.94
        },
        "20214": {
            "year_quarter": 20214,
            "year": 2021,
            "quarter": 4,
            "eps": 1.1,
            "eps_growth_year": 27.18,
            "eps_4q": 6.08,
            "eps_4q_growth_year": 41.07,
            "roe": 3.52,
            "roe_4q": 19.26,
            "gross_profit": 7702414,
            "gross_margin": 17.28,
            "gross_margin_4q_avg": 18.51,
            "net_income": 2515819,
            "net_income_4q": null,
            "revenue": 44568983,
            "revenue_4q": null,
            "common_shares": 23508670,
            "book_valuer_per_share": 31.68,
            "book_valuer_per_share_4q_avg": 31.07,
            "equity": 72873527,
            "current_ratio": 136.32,
            "debt_ratio": 60.3,
            "inventory_turnover_ratio": 1.17,
            "account_receivable_turnover_ratio": 1.11,
            "reinvestment_rate": -10.74,
            "research_to_sale_ratio": 3.69,
            "price_fair": 155.58,
            "eps_avg_yearly": 4.45,
            "eps_latest_yearly": 4.4,
            "eps_growth_yearly": 48.12
        },
        "20221": {
            "year_quarter": 20221,
            "year": 2022,
            "quarter": 1,
            "eps": 0.92,
            "eps_growth_year": -49.73,
            "eps_4q": 5.14,
            "eps_4q_growth_year": -6.1,
            "roe": 2.91,
            "roe_4q": 16.28,
            "gross_profit": 7066857,
            "gross_margin": 17.14,
            "gross_margin_4q_avg": 18.35,
            "net_income": 2112214,
            "net_income_4q": null,
            "revenue": 41229948,
            "revenue_4q": null,
            "common_shares": 23508670,
            "book_valuer_per_share": 31.35,
            "book_valuer_per_share_4q_avg": 31.31,
            "equity": 72199488,
            "current_ratio": 135.68,
            "debt_ratio": 61.18,
            "inventory_turnover_ratio": 1.07,
            "account_receivable_turnover_ratio": 1.02,
            "reinvestment_rate": -12.14,
            "research_to_sale_ratio": 3.93,
            "price_fair": 159.69,
            "eps_avg_yearly": 4.56,
            "eps_latest_yearly": 3.68,
            "eps_growth_yearly": 57.67
        },
        "20222": {
            "year_quarter": 20222,
            "year": 2022,
            "quarter": 2,
            "eps": 1.74,
            "eps_growth_year": 0,
            "eps_4q": 5.1,
            "eps_4q_growth_year": -10.83,
            "roe": 5.35,
            "roe_4q": 16.06,
            "gross_profit": 8777211,
            "gross_margin": 20.43,
            "gross_margin_4q_avg": 18.54,
            "net_income": 3969610,
            "net_income_4q": null,
            "revenue": 42957305,
            "revenue_4q": null,
            "common_shares": 23508670,
            "book_valuer_per_share": 33.09,
            "book_valuer_per_share_4q_avg": 31.65,
            "equity": 76151031,
            "current_ratio": 138.46,
            "debt_ratio": 60.58,
            "inventory_turnover_ratio": 1.1,
            "account_receivable_turnover_ratio": 1.06,
            "reinvestment_rate": -6.54,
            "research_to_sale_ratio": 4.08,
            "price_fair": 168.26,
            "eps_avg_yearly": 4.81,
            "eps_latest_yearly": 6.96,
            "eps_growth_yearly": 62.73
        },
        "20223": {
            "year_quarter": 20223,
            "year": 2022,
            "quarter": 3,
            "eps": 1.86,
            "eps_growth_year": 39.85,
            "eps_4q": 5.6,
            "eps_4q_growth_year": -4.47,
            "roe": 5.46,
            "roe_4q": 17.24,
            "gross_profit": 9002668,
            "gross_margin": 19.5,
            "gross_margin_4q_avg": 18.59,
            "net_income": 4251801,
            "net_income_4q": null,
            "revenue": 46174319,
            "revenue_4q": null,
            "common_shares": 23508670,
            "book_valuer_per_share": 34.48,
            "book_valuer_per_share_4q_avg": 32.65,
            "equity": 79513141,
            "current_ratio": 143.31,
            "debt_ratio": 60.81,
            "inventory_turnover_ratio": 1.2,
            "account_receivable_turnover_ratio": 1.06,
            "reinvestment_rate": -5.73,
            "research_to_sale_ratio": 4.11,
            "price_fair": 174.56,
            "eps_avg_yearly": 4.99,
            "eps_latest_yearly": 7.44,
            "eps_growth_yearly": 51.95
        },
        "20224": {
            "year_quarter": 20224,
            "year": 2022,
            "quarter": 4,
            "eps": 1.67,
            "eps_growth_year": 52.2,
            "eps_4q": 6.15,
            "eps_4q_growth_year": 1.15,
            "roe": 4.77,
            "roe_4q": 18.490000000000002,
            "gross_profit": 8415696,
            "gross_margin": 19.53,
            "gross_margin_4q_avg": 19.15,
            "net_income": 3853778,
            "net_income_4q": null,
            "revenue": 43094644,
            "revenue_4q": null,
            "common_shares": 23630830,
            "book_valuer_per_share": 35.36,
            "book_valuer_per_share_4q_avg": 33.57,
            "equity": 81987127,
            "current_ratio": 147.57,
            "debt_ratio": 58.96,
            "inventory_turnover_ratio": 1.17,
            "account_receivable_turnover_ratio": 1.03,
            "reinvestment_rate": -6.62,
            "research_to_sale_ratio": 5.04,
            "price_fair": 179.73,
            "eps_avg_yearly": 5.14,
            "eps_latest_yearly": 6.68,
            "eps_growth_yearly": 50.71
        },
        "20231": {
            "year_quarter": 20231,
            "year": 2023,
            "quarter": 1,
            "eps": 1.03,
            "eps_growth_year": 11.96,
            "eps_4q": 6.26,
            "eps_4q_growth_year": 21.93,
            "roe": 2.97,
            "roe_4q": 18.549999999999997,
            "gross_profit": 6421802,
            "gross_margin": 18.79,
            "gross_margin_4q_avg": 19.56,
            "net_income": 2364796,
            "net_income_4q": null,
            "revenue": 34174180,
            "revenue_4q": null,
            "common_shares": 23619970,
            "book_valuer_per_share": 33.37,
            "book_valuer_per_share_4q_avg": 34.08,
            "equity": 77401167,
            "current_ratio": 148.05,
            "debt_ratio": 57.99,
            "inventory_turnover_ratio": 1.05,
            "account_receivable_turnover_ratio": 0.98,
            "reinvestment_rate": -8.72,
            "research_to_sale_ratio": 5.46,
            "price_fair": 183.23,
            "eps_avg_yearly": 5.24,
            "eps_latest_yearly": 4.12,
            "eps_growth_yearly": 51.55
        },
        "20232": {
            "year_quarter": 20232,
            "year": 2023,
            "quarter": 2,
            "eps": 1.84,
            "eps_growth_year": 5.75,
            "eps_4q": 6.35,
            "eps_4q_growth_year": 24.41,
            "roe": 5.29,
            "roe_4q": 18.49,
            "gross_profit": 8678228,
            "gross_margin": 23.27,
            "gross_margin_4q_avg": 20.27,
            "net_income": 4209445,
            "net_income_4q": null,
            "revenue": 37293020,
            "revenue_4q": null,
            "common_shares": 23683522,
            "book_valuer_per_share": 35.14,
            "book_valuer_per_share_4q_avg": 34.59,
            "equity": 81684812,
            "current_ratio": 154.18,
            "debt_ratio": 56.31,
            "inventory_turnover_ratio": 1.18,
            "account_receivable_turnover_ratio": 1.15,
            "reinvestment_rate": -9.8,
            "research_to_sale_ratio": 5.22,
            "price_fair": 190.31,
            "eps_avg_yearly": 5.44,
            "eps_latest_yearly": 7.36,
            "eps_growth_yearly": 55.34
        },
        "20233": {
            "year_quarter": 20233,
            "year": 2023,
            "quarter": 3,
            "eps": 1.99,
            "eps_growth_year": 6.99,
            "eps_4q": 6.49,
            "eps_4q_growth_year": 15.84,
            "roe": 5.5,
            "roe_4q": 18.53,
            "gross_profit": 9431527,
            "gross_margin": 23.6,
            "gross_margin_4q_avg": 21.3,
            "net_income": 4566676,
            "net_income_4q": null,
            "revenue": 39957224,
            "revenue_4q": null,
            "common_shares": 23682458,
            "book_valuer_per_share": 36.35,
            "book_valuer_per_share_4q_avg": 35.06,
            "equity": 84510049,
            "current_ratio": 152.02,
            "debt_ratio": 57.84,
            "inventory_turnover_ratio": 1.24,
            "account_receivable_turnover_ratio": 1.13,
            "reinvestment_rate": -7.38,
            "research_to_sale_ratio": 5.1,
            "price_fair": 196,
            "eps_avg_yearly": 5.6,
            "eps_latest_yearly": 7.96,
            "eps_growth_yearly": 49.85
        },
        "20234": {
            "year_quarter": 20234,
            "year": 2023,
            "quarter": 4,
            "eps": 1.5,
            "eps_growth_year": -10.29,
            "eps_4q": 6.32,
            "eps_4q_growth_year": 2.71,
            "roe": 4.08,
            "roe_4q": 17.84,
            "gross_profit": 8136525,
            "gross_margin": 22.04,
            "gross_margin_4q_avg": 21.93,
            "net_income": 3457870,
            "net_income_4q": null,
            "revenue": 36909031,
            "revenue_4q": null,
            "common_shares": 23531300,
            "book_valuer_per_share": 36.59,
            "book_valuer_per_share_4q_avg": 35.36,
            "equity": 85067412,
            "current_ratio": 158.79,
            "debt_ratio": 54.98,
            "inventory_turnover_ratio": 1.11,
            "account_receivable_turnover_ratio": 1.07,
            "reinvestment_rate": -5.52,
            "research_to_sale_ratio": 6.17,
            "price_fair": 200.03,
            "eps_avg_yearly": 5.72,
            "eps_latest_yearly": 6,
            "eps_growth_yearly": 49.29
        }
    },
    "months": {
        "2001-06": {
            "month": "2001-06",
            "price": "19.80",
            "revenue": 1239077
        },
        "2001-07": {
            "month": "2001-07",
            "price": "15.75",
            "revenue": 1149982
        },
        "2001-08": {
            "month": "2001-08",
            "price": "15.83",
            "revenue": 1338348
        },
        "2001-09": {
            "month": "2001-09",
            "price": "12.39",
            "revenue": 1521333
        },
        "2001-10": {
            "month": "2001-10",
            "price": "12.92",
            "revenue": 1520941
        },
        "2001-11": {
            "month": "2001-11",
            "price": "16.04",
            "revenue": 3417130
        },
        "2001-12": {
            "month": "2001-12",
            "price": "20.95",
            "revenue": 3432988
        },
        "2002-01": {
            "month": "2002-01",
            "price": "30.22",
            "revenue": 3169157
        },
        "2002-02": {
            "month": "2002-02",
            "price": "31.82",
            "revenue": 3358506
        },
        "2002-03": {
            "month": "2002-03",
            "price": "35.07",
            "revenue": 3609156
        },
        "2002-04": {
            "month": "2002-04",
            "price": "39.26",
            "revenue": 3345484
        },
        "2002-05": {
            "month": "2002-05",
            "price": "36.16",
            "revenue": 3237004
        },
        "2002-06": {
            "month": "2002-06",
            "price": "31.36",
            "revenue": 3075554
        },
        "2002-07": {
            "month": "2002-07",
            "price": "30.54",
            "revenue": 3008155
        },
        "2002-08": {
            "month": "2002-08",
            "price": "33.25",
            "revenue": 3046423
        },
        "2002-09": {
            "month": "2002-09",
            "price": "30.05",
            "revenue": 3174190
        },
        "2002-10": {
            "month": "2002-10",
            "price": "26.07",
            "revenue": 3436971
        },
        "2002-11": {
            "month": "2002-11",
            "price": "46.75",
            "revenue": 8231360
        },
        "2002-12": {
            "month": "2002-12",
            "price": "42.83",
            "revenue": 8017803
        },
        "2003-01": {
            "month": "2003-01",
            "price": "43.27",
            "revenue": 7211994
        },
        "2003-02": {
            "month": "2003-02",
            "price": "41.87",
            "revenue": 6157784
        },
        "2003-03": {
            "month": "2003-03",
            "price": "40.81",
            "revenue": 6306225
        },
        "2003-04": {
            "month": "2003-04",
            "price": "36.13",
            "revenue": 7054555
        },
        "2003-05": {
            "month": "2003-05",
            "price": "32.95",
            "revenue": 6588007
        },
        "2003-06": {
            "month": "2003-06",
            "price": "38.06",
            "revenue": 6606829
        },
        "2003-07": {
            "month": "2003-07",
            "price": "40.51",
            "revenue": 6986844
        },
        "2003-08": {
            "month": "2003-08",
            "price": "38.27",
            "revenue": 8177838
        },
        "2003-09": {
            "month": "2003-09",
            "price": "38.05",
            "revenue": 9402968
        },
        "2003-10": {
            "month": "2003-10",
            "price": "36.55",
            "revenue": 10797176
        },
        "2003-11": {
            "month": "2003-11",
            "price": "37.54",
            "revenue": 11423168
        },
        "2003-12": {
            "month": "2003-12",
            "price": "36.63",
            "revenue": 12949335
        },
        "2004-01": {
            "month": "2004-01",
            "price": "38.29",
            "revenue": 10802852
        },
        "2004-02": {
            "month": "2004-02",
            "price": "39.16",
            "revenue": 10945617
        },
        "2004-03": {
            "month": "2004-03",
            "price": "37.96",
            "revenue": 11527036
        },
        "2004-04": {
            "month": "2004-04",
            "price": "37.13",
            "revenue": 12917624
        },
        "2004-05": {
            "month": "2004-05",
            "price": "34.64",
            "revenue": 11762657
        },
        "2004-06": {
            "month": "2004-06",
            "price": "35.33",
            "revenue": 12487014
        },
        "2004-07": {
            "month": "2004-07",
            "price": "33.23",
            "revenue": 14578780
        },
        "2004-08": {
            "month": "2004-08",
            "price": "33.22",
            "revenue": 12840901
        },
        "2004-09": {
            "month": "2004-09",
            "price": "32.03",
            "revenue": 13588021
        },
        "2004-10": {
            "month": "2004-10",
            "price": "31.10",
            "revenue": 14237276
        },
        "2004-11": {
            "month": "2004-11",
            "price": "31.64",
            "revenue": 13441661
        },
        "2004-12": {
            "month": "2004-12",
            "price": "32.75",
            "revenue": 16039983
        },
        "2005-01": {
            "month": "2005-01",
            "price": "33.02",
            "revenue": 10930832
        },
        "2005-02": {
            "month": "2005-02",
            "price": "33.85",
            "revenue": 10362025
        },
        "2005-03": {
            "month": "2005-03",
            "price": "33.72",
            "revenue": 12701810
        },
        "2005-04": {
            "month": "2005-04",
            "price": "33.18",
            "revenue": 11371053
        },
        "2005-05": {
            "month": "2005-05",
            "price": "33.60",
            "revenue": 11720825
        },
        "2005-06": {
            "month": "2005-06",
            "price": "35.57",
            "revenue": 15158496
        },
        "2005-07": {
            "month": "2005-07",
            "price": "37.43",
            "revenue": 12913580
        },
        "2005-08": {
            "month": "2005-08",
            "price": "36.71",
            "revenue": 14057418
        },
        "2005-09": {
            "month": "2005-09",
            "price": "36.42",
            "revenue": 16717090
        },
        "2005-10": {
            "month": "2005-10",
            "price": "36.74",
            "revenue": 16533835
        },
        "2005-11": {
            "month": "2005-11",
            "price": "40.17",
            "revenue": 15331637
        },
        "2005-12": {
            "month": "2005-12",
            "price": "44.12",
            "revenue": 14951671
        },
        "2006-01": {
            "month": "2006-01",
            "price": "44.58",
            "revenue": 13327160
        },
        "2006-02": {
            "month": "2006-02",
            "price": "42.68",
            "revenue": 12438036
        },
        "2006-03": {
            "month": "2006-03",
            "price": "43.64",
            "revenue": 12171559
        },
        "2006-04": {
            "month": "2006-04",
            "price": "47.80",
            "revenue": 12106476
        },
        "2006-05": {
            "month": "2006-05",
            "price": "53.02",
            "revenue": 10752167
        },
        "2006-06": {
            "month": "2006-06",
            "price": "47.19",
            "revenue": 10173912
        },
        "2006-07": {
            "month": "2006-07",
            "price": "45.75",
            "revenue": 10858777
        },
        "2006-08": {
            "month": "2006-08",
            "price": "43.74",
            "revenue": 11528270
        },
        "2006-09": {
            "month": "2006-09",
            "price": "42.75",
            "revenue": 12096538
        },
        "2006-10": {
            "month": "2006-10",
            "price": "40.13",
            "revenue": 12746100
        },
        "2006-11": {
            "month": "2006-11",
            "price": "42.20",
            "revenue": 12237066
        },
        "2006-12": {
            "month": "2006-12",
            "price": "42.02",
            "revenue": 12163590
        },
        "2007-01": {
            "month": "2007-01",
            "price": "45.44",
            "revenue": 11384479
        },
        "2007-02": {
            "month": "2007-02",
            "price": "46.95",
            "revenue": 10083392
        },
        "2007-03": {
            "month": "2007-03",
            "price": "43.41",
            "revenue": 13260240
        },
        "2007-04": {
            "month": "2007-04",
            "price": "42.12",
            "revenue": 12167364
        },
        "2007-05": {
            "month": "2007-05",
            "price": "39.98",
            "revenue": 12615073
        },
        "2007-06": {
            "month": "2007-06",
            "price": "41.74",
            "revenue": 13910332
        },
        "2007-07": {
            "month": "2007-07",
            "price": "46.96",
            "revenue": 15616219
        },
        "2007-08": {
            "month": "2007-08",
            "price": "49.77",
            "revenue": 15444175
        },
        "2007-09": {
            "month": "2007-09",
            "price": "48.11",
            "revenue": 15964894
        },
        "2007-10": {
            "month": "2007-10",
            "price": "52.81",
            "revenue": 16846615
        },
        "2007-11": {
            "month": "2007-11",
            "price": "57.24",
            "revenue": 16426917
        },
        "2007-12": {
            "month": "2007-12",
            "price": "54.71",
            "revenue": 15783155
        },
        "2008-01": {
            "month": "2008-01",
            "price": "49.15",
            "revenue": 14607621
        },
        "2008-02": {
            "month": "2008-02",
            "price": "41.37",
            "revenue": 11572862
        },
        "2008-03": {
            "month": "2008-03",
            "price": "37.93",
            "revenue": 10790706
        },
        "2008-04": {
            "month": "2008-04",
            "price": "36.64",
            "revenue": 11114326
        },
        "2008-05": {
            "month": "2008-05",
            "price": "35.24",
            "revenue": 11418342
        },
        "2008-06": {
            "month": "2008-06",
            "price": "33.01",
            "revenue": 12070677
        },
        "2008-07": {
            "month": "2008-07",
            "price": "27.78",
            "revenue": 13831386
        },
        "2008-08": {
            "month": "2008-08",
            "price": "28.51",
            "revenue": 12770869
        },
        "2008-09": {
            "month": "2008-09",
            "price": "27.31",
            "revenue": 8946327
        },
        "2008-10": {
            "month": "2008-10",
            "price": "22.94",
            "revenue": 8627959
        },
        "2008-11": {
            "month": "2008-11",
            "price": "22.19",
            "revenue": 7398611
        },
        "2008-12": {
            "month": "2008-12",
            "price": "22.84",
            "revenue": 1311962
        },
        "2009-01": {
            "month": "2009-01",
            "price": "20.82",
            "revenue": 5330500
        },
        "2009-02": {
            "month": "2009-02",
            "price": "20.74",
            "revenue": 4457396
        },
        "2009-03": {
            "month": "2009-03",
            "price": "23.09",
            "revenue": 6478404
        },
        "2009-04": {
            "month": "2009-04",
            "price": "25.50",
            "revenue": 6423471
        },
        "2009-05": {
            "month": "2009-05",
            "price": "27.03",
            "revenue": 5577538
        },
        "2009-06": {
            "month": "2009-06",
            "price": "28.27",
            "revenue": 7020072
        },
        "2009-07": {
            "month": "2009-07",
            "price": "31.45",
            "revenue": 6948918
        },
        "2009-08": {
            "month": "2009-08",
            "price": "35.17",
            "revenue": 7003469
        },
        "2009-09": {
            "month": "2009-09",
            "price": "41.05",
            "revenue": 8086673
        },
        "2009-10": {
            "month": "2009-10",
            "price": "43.08",
            "revenue": 7947940
        },
        "2009-11": {
            "month": "2009-11",
            "price": "44.78",
            "revenue": 7842609
        },
        "2009-12": {
            "month": "2009-12",
            "price": "44.57",
            "revenue": 8717625
        },
        "2010-01": {
            "month": "2010-01",
            "price": "45.85",
            "revenue": 8331063
        },
        "2010-02": {
            "month": "2010-02",
            "price": "42.08",
            "revenue": 7020105
        },
        "2010-03": {
            "month": "2010-03",
            "price": "42.02",
            "revenue": 8939781
        },
        "2010-04": {
            "month": "2010-04",
            "price": "41.93",
            "revenue": 8769444
        },
        "2010-05": {
            "month": "2010-05",
            "price": "37.93",
            "revenue": 8747668
        },
        "2010-06": {
            "month": "2010-06",
            "price": "36.22",
            "revenue": 9230898
        },
        "2010-07": {
            "month": "2010-07",
            "price": "38.44",
            "revenue": 8694181
        },
        "2010-08": {
            "month": "2010-08",
            "price": "39.26",
            "revenue": 8575872
        },
        "2010-09": {
            "month": "2010-09",
            "price": "38.68",
            "revenue": 9073793
        },
        "2010-10": {
            "month": "2010-10",
            "price": "39.09",
            "revenue": 8402675
        },
        "2010-11": {
            "month": "2010-11",
            "price": "40.15",
            "revenue": 8244036
        },
        "2010-12": {
            "month": "2010-12",
            "price": "40.10",
            "revenue": 8255719
        },
        "2011-01": {
            "month": "2011-01",
            "price": "40.18",
            "revenue": 8024366
        },
        "2011-02": {
            "month": "2011-02",
            "price": "36.83",
            "revenue": 6349603
        },
        "2011-03": {
            "month": "2011-03",
            "price": "36.28",
            "revenue": 8571505
        },
        "2011-04": {
            "month": "2011-04",
            "price": "36.67",
            "revenue": 8223264
        },
        "2011-05": {
            "month": "2011-05",
            "price": "36.34",
            "revenue": 8182672
        },
        "2011-06": {
            "month": "2011-06",
            "price": "36.99",
            "revenue": 8447596
        },
        "2011-07": {
            "month": "2011-07",
            "price": "37.53",
            "revenue": 9054610
        },
        "2011-08": {
            "month": "2011-08",
            "price": "30.93",
            "revenue": 8364462
        },
        "2011-09": {
            "month": "2011-09",
            "price": "29.65",
            "revenue": 21213649
        },
        "2011-10": {
            "month": "2011-10",
            "price": "28.08",
            "revenue": 20957873
        },
        "2011-11": {
            "month": "2011-11",
            "price": "30.17",
            "revenue": 20322925
        },
        "2011-12": {
            "month": "2011-12",
            "price": "32.97",
            "revenue": 19939697
        },
        "2012-01": {
            "month": "2012-01",
            "price": "36.31",
            "revenue": 16336640
        },
        "2012-02": {
            "month": "2012-02",
            "price": "37.15",
            "revenue": 17111615
        },
        "2012-03": {
            "month": "2012-03",
            "price": "37.59",
            "revenue": 19576555
        },
        "2012-04": {
            "month": "2012-04",
            "price": "34.67",
            "revenue": 18267529
        },
        "2012-05": {
            "month": "2012-05",
            "price": "35.93",
            "revenue": 18167186
        },
        "2012-06": {
            "month": "2012-06",
            "price": "36.80",
            "revenue": 18168533
        },
        "2012-07": {
            "month": "2012-07",
            "price": "37.81",
            "revenue": 17452952
        },
        "2012-08": {
            "month": "2012-08",
            "price": "36.02",
            "revenue": 18826330
        },
        "2012-09": {
            "month": "2012-09",
            "price": "36.46",
            "revenue": 19384414
        },
        "2012-10": {
            "month": "2012-10",
            "price": "37.40",
            "revenue": 17916219
        },
        "2012-11": {
            "month": "2012-11",
            "price": "37.58",
            "revenue": 17703391
        },
        "2012-12": {
            "month": "2012-12",
            "price": "39.11",
            "revenue": 17388342
        },
        "2013-01": {
            "month": "2013-01",
            "price": "39.85",
            "revenue": 16765347
        },
        "2013-02": {
            "month": "2013-02",
            "price": "43.48",
            "revenue": 13233451
        },
        "2013-03": {
            "month": "2013-03",
            "price": "47.09",
            "revenue": 16432315
        },
        "2013-04": {
            "month": "2013-04",
            "price": "50.91",
            "revenue": 16245804
        },
        "2013-05": {
            "month": "2013-05",
            "price": "49.93",
            "revenue": 16487126
        },
        "2013-06": {
            "month": "2013-06",
            "price": "49.69",
            "revenue": 17207592
        },
        "2013-07": {
            "month": "2013-07",
            "price": "51.74",
            "revenue": 17890878
        },
        "2013-08": {
            "month": "2013-08",
            "price": "48.62",
            "revenue": 18967971
        },
        "2013-09": {
            "month": "2013-09",
            "price": "51.00",
            "revenue": 20361095
        },
        "2013-10": {
            "month": "2013-10",
            "price": "50.84",
            "revenue": 19448265
        },
        "2013-11": {
            "month": "2013-11",
            "price": "48.90",
            "revenue": 19600010
        },
        "2013-12": {
            "month": "2013-12",
            "price": "46.73",
            "revenue": 20182420
        },
        "2014-01": {
            "month": "2014-01",
            "price": "46.14",
            "revenue": 17727880
        },
        "2014-02": {
            "month": "2014-02",
            "price": "44.41",
            "revenue": 15388859
        },
        "2014-03": {
            "month": "2014-03",
            "price": "43.42",
            "revenue": 18275063
        },
        "2014-04": {
            "month": "2014-04",
            "price": "46.12",
            "revenue": 18914343
        },
        "2014-05": {
            "month": "2014-05",
            "price": "47.19",
            "revenue": 19692792
        },
        "2014-06": {
            "month": "2014-06",
            "price": "48.94",
            "revenue": 20242459
        },
        "2014-07": {
            "month": "2014-07",
            "price": "53.26",
            "revenue": 20805607
        },
        "2014-08": {
            "month": "2014-08",
            "price": "48.90",
            "revenue": 19184669
        },
        "2014-09": {
            "month": "2014-09",
            "price": "47.19",
            "revenue": 20313033
        },
        "2014-10": {
            "month": "2014-10",
            "price": "42.39",
            "revenue": 19687688
        },
        "2014-11": {
            "month": "2014-11",
            "price": "39.25",
            "revenue": 19986978
        },
        "2014-12": {
            "month": "2014-12",
            "price": "36.48",
            "revenue": 20436365
        },
        "2015-01": {
            "month": "2015-01",
            "price": "38.58",
            "revenue": 18975208
        },
        "2015-02": {
            "month": "2015-02",
            "price": "38.93",
            "revenue": 14383057
        },
        "2015-03": {
            "month": "2015-03",
            "price": "41.05",
            "revenue": 18186275
        },
        "2015-04": {
            "month": "2015-04",
            "price": "39.48",
            "revenue": 17171511
        },
        "2015-05": {
            "month": "2015-05",
            "price": "38.86",
            "revenue": 16764254
        },
        "2015-06": {
            "month": "2015-06",
            "price": "36.56",
            "revenue": 17726914
        },
        "2015-07": {
            "month": "2015-07",
            "price": "35.67",
            "revenue": 17483188
        },
        "2015-08": {
            "month": "2015-08",
            "price": "31.38",
            "revenue": 17897372
        },
        "2015-09": {
            "month": "2015-09",
            "price": "31.37",
            "revenue": 20595148
        },
        "2015-10": {
            "month": "2015-10",
            "price": "33.03",
            "revenue": 19761709
        },
        "2015-11": {
            "month": "2015-11",
            "price": "33.92",
            "revenue": 18818084
        },
        "2015-12": {
            "month": "2015-12",
            "price": "32.80",
            "revenue": 19032358
        },
        "2016-01": {
            "month": "2016-01",
            "price": "31.65",
            "revenue": 17339436
        },
        "2016-02": {
            "month": "2016-02",
            "price": "37.07",
            "revenue": 14085616
        },
        "2016-03": {
            "month": "2016-03",
            "price": "37.52",
            "revenue": 18386736
        },
        "2016-04": {
            "month": "2016-04",
            "price": "39.62",
            "revenue": 17231563
        },
        "2016-05": {
            "month": "2016-05",
            "price": "39.79",
            "revenue": 17436437
        },
        "2016-06": {
            "month": "2016-06",
            "price": "43.78",
            "revenue": 19106676
        },
        "2016-07": {
            "month": "2016-07",
            "price": "48.10",
            "revenue": 19370125
        },
        "2016-08": {
            "month": "2016-08",
            "price": "48.58",
            "revenue": 21053273
        },
        "2016-09": {
            "month": "2016-09",
            "price": "47.40",
            "revenue": 22257257
        },
        "2016-10": {
            "month": "2016-10",
            "price": "45.50",
            "revenue": 20549504
        },
        "2016-11": {
            "month": "2016-11",
            "price": "46.72",
            "revenue": 21337233
        },
        "2016-12": {
            "month": "2016-12",
            "price": "49.12",
            "revenue": 21387557
        },
        "2017-01": {
            "month": "2017-01",
            "price": "48.66",
            "revenue": 16215205
        },
        "2017-02": {
            "month": "2017-02",
            "price": "51.35",
            "revenue": 16024156
        },
        "2017-03": {
            "month": "2017-03",
            "price": "52.17",
            "revenue": 19108673
        },
        "2017-04": {
            "month": "2017-04",
            "price": "52.18",
            "revenue": 16814973
        },
        "2017-05": {
            "month": "2017-05",
            "price": "50.33",
            "revenue": 16703620
        },
        "2017-06": {
            "month": "2017-06",
            "price": "50.22",
            "revenue": 19533942
        },
        "2017-07": {
            "month": "2017-07",
            "price": "50.90",
            "revenue": 17517179
        },
        "2017-08": {
            "month": "2017-08",
            "price": "45.26",
            "revenue": 18620313
        },
        "2017-09": {
            "month": "2017-09",
            "price": "43.71",
            "revenue": 19852586
        },
        "2017-10": {
            "month": "2017-10",
            "price": "44.04",
            "revenue": 17635775
        },
        "2017-11": {
            "month": "2017-11",
            "price": "38.42",
            "revenue": 18527351
        },
        "2017-12": {
            "month": "2017-12",
            "price": "38.92",
            "revenue": 18017103
        },
        "2018-01": {
            "month": "2018-01",
            "price": "40.95",
            "revenue": 16504580
        },
        "2018-02": {
            "month": "2018-02",
            "price": "40.31",
            "revenue": 13037374
        },
        "2018-03": {
            "month": "2018-03",
            "price": "41.72",
            "revenue": 18983633
        },
        "2018-04": {
            "month": "2018-04",
            "price": "40.43",
            "revenue": 16567947
        },
        "2018-05": {
            "month": "2018-05",
            "price": "38.47",
            "revenue": 18491015
        },
        "2018-06": {
            "month": "2018-06",
            "price": "38.66",
            "revenue": 19638825
        },
        "2018-07": {
            "month": "2018-07",
            "price": "37.89",
            "revenue": 15504459
        },
        "2018-08": {
            "month": "2018-08",
            "price": "37.16",
            "revenue": 18592860
        },
        "2018-09": {
            "month": "2018-09",
            "price": "37.00",
            "revenue": 19298171
        },
        "2018-10": {
            "month": "2018-10",
            "price": "35.41",
            "revenue": 17601421
        },
        "2018-11": {
            "month": "2018-11",
            "price": "38.51",
            "revenue": 16732076
        },
        "2018-12": {
            "month": "2018-12",
            "price": "40.65",
            "revenue": 16138178
        },
        "2019-01": {
            "month": "2019-01",
            "price": "43.00",
            "revenue": 15607442
        },
        "2019-02": {
            "month": "2019-02",
            "price": "46.00",
            "revenue": 10873799
        },
        "2019-03": {
            "month": "2019-03",
            "price": "44.10",
            "revenue": 14711282
        },
        "2019-04": {
            "month": "2019-04",
            "price": "44.64",
            "revenue": 13534890
        },
        "2019-05": {
            "month": "2019-05",
            "price": "43.75",
            "revenue": 14796455
        },
        "2019-06": {
            "month": "2019-06",
            "price": "45.32",
            "revenue": 16148258
        },
        "2019-07": {
            "month": "2019-07",
            "price": "45.58",
            "revenue": 15345459
        },
        "2019-08": {
            "month": "2019-08",
            "price": "47.54",
            "revenue": 16349594
        },
        "2019-09": {
            "month": "2019-09",
            "price": "48.76",
            "revenue": 16429858
        },
        "2019-10": {
            "month": "2019-10",
            "price": "49.17",
            "revenue": 14646078
        },
        "2019-11": {
            "month": "2019-11",
            "price": "50.21",
            "revenue": 15012746
        },
        "2019-12": {
            "month": "2019-12",
            "price": "49.68",
            "revenue": 14492267
        },
        "2020-01": {
            "month": "2020-01",
            "price": "48.88",
            "revenue": 11314389
        },
        "2020-02": {
            "month": "2020-02",
            "price": "46.39",
            "revenue": 8669987
        },
        "2020-03": {
            "month": "2020-03",
            "price": "41.65",
            "revenue": 12600894
        },
        "2020-04": {
            "month": "2020-04",
            "price": "43.36",
            "revenue": 13747339
        },
        "2020-05": {
            "month": "2020-05",
            "price": "47.01",
            "revenue": 13716515
        },
        "2020-06": {
            "month": "2020-06",
            "price": "50.04",
            "revenue": 14287458
        },
        "2020-07": {
            "month": "2020-07",
            "price": "46.74",
            "revenue": 13117685
        },
        "2020-08": {
            "month": "2020-08",
            "price": "47.75",
            "revenue": 13455724
        },
        "2020-09": {
            "month": "2020-09",
            "price": "46.21",
            "revenue": 14762717
        },
        "2020-10": {
            "month": "2020-10",
            "price": "45.84",
            "revenue": 14100919
        },
        "2020-11": {
            "month": "2020-11",
            "price": "47.77",
            "revenue": 13894461
        },
        "2020-12": {
            "month": "2020-12",
            "price": "49.10",
            "revenue": 13439321
        },
        "2021-01": {
            "month": "2021-01",
            "price": "53.58",
            "revenue": 14076995
        },
        "2021-02": {
            "month": "2021-02",
            "price": "58.05",
            "revenue": 10402034
        },
        "2021-03": {
            "month": "2021-03",
            "price": "60.50",
            "revenue": 13238485
        },
        "2021-04": {
            "month": "2021-04",
            "price": "63.80",
            "revenue": 13642841
        },
        "2021-05": {
            "month": "2021-05",
            "price": "63.77",
            "revenue": 13554054
        },
        "2021-06": {
            "month": "2021-06",
            "price": "64.44",
            "revenue": 13480059
        },
        "2021-07": {
            "month": "2021-07",
            "price": "58.37",
            "revenue": 13707748
        },
        "2021-08": {
            "month": "2021-08",
            "price": "60.62",
            "revenue": 13542561
        },
        "2021-09": {
            "month": "2021-09",
            "price": "61.68",
            "revenue": 14612619
        },
        "2021-10": {
            "month": "2021-10",
            "price": "62.40",
            "revenue": 14593228
        },
        "2021-11": {
            "month": "2021-11",
            "price": "61.28",
            "revenue": 14918003
        },
        "2021-12": {
            "month": "2021-12",
            "price": "62.10",
            "revenue": 15057937
        },
        "2022-01": {
            "month": "2022-01",
            "price": "63.76",
            "revenue": 14495059
        },
        "2022-02": {
            "month": "2022-02",
            "price": "67.73",
            "revenue": 11589602
        },
        "2022-03": {
            "month": "2022-03",
            "price": "68.69",
            "revenue": 15146833
        },
        "2022-04": {
            "month": "2022-04",
            "price": "67.11",
            "revenue": 13768307
        },
        "2022-05": {
            "month": "2022-05",
            "price": "63.21",
            "revenue": 14564453
        },
        "2022-06": {
            "month": "2022-06",
            "price": "60.17",
            "revenue": 14643034
        },
        "2022-07": {
            "month": "2022-07",
            "price": "59.61",
            "revenue": 14799908
        },
        "2022-08": {
            "month": "2022-08",
            "price": "66.32",
            "revenue": 15434850
        },
        "2022-09": {
            "month": "2022-09",
            "price": "66.87",
            "revenue": 15937899
        },
        "2022-10": {
            "month": "2022-10",
            "price": "64.52",
            "revenue": 14895453
        },
        "2022-11": {
            "month": "2022-11",
            "price": "66.16",
            "revenue": 14845042
        },
        "2022-12": {
            "month": "2022-12",
            "price": "64.19",
            "revenue": 13354661
        },
        "2023-01": {
            "month": "2023-01",
            "price": "65.28",
            "revenue": 10678871
        },
        "2023-02": {
            "month": "2023-02",
            "price": "69.16",
            "revenue": 10811251
        },
        "2023-03": {
            "month": "2023-03",
            "price": "72.51",
            "revenue": 12684153
        },
        "2023-04": {
            "month": "2023-04",
            "price": "73.59",
            "revenue": 12028907
        },
        "2023-05": {
            "month": "2023-05",
            "price": "79.72",
            "revenue": 12352866
        },
        "2023-06": {
            "month": "2023-06",
            "price": "99.96",
            "revenue": 12911091
        },
        "2023-07": {
            "month": "2023-07",
            "price": "133.74",
            "revenue": 12567821
        },
        "2023-08": {
            "month": "2023-08",
            "price": "143.52",
            "revenue": 13289503
        },
        "2023-09": {
            "month": "2023-09",
            "price": "125.80",
            "revenue": 14100034
        },
        "2023-10": {
            "month": "2023-10",
            "price": "112.90",
            "revenue": 12238842
        },
        "2023-11": {
            "month": "2023-11",
            "price": "109.73",
            "revenue": 12347799
        },
        "2023-12": {
            "month": "2023-12",
            "price": "113.19",
            "revenue": 12324469
        }
    }
}
