{
    "summary": {
        "stock_name": "麗正",
        "stock_id": "2302",
        "category": "半導體",
        "main_business": "各種電子整流二極體及半導體零件，一般精密電子器材製造及銷售。<br>代理國內外廠商電子產品銷售等業務。",
        "website_url": "http://www.rectron.com.tw",
        "ceo": "林怡岑",
        "pe_ratio": 23,
        "report_year_from": 2002,
        "report_year_to": 2023,
        "age": 21,
        "eps_negative_percentage": 43,
        "eps_growth_avg": {
            "last_all": -11.63,
            "last_2y": 39.84,
            "last_4y": -6.77,
            "last_8y": -2.32,
            "last_12y": -1.81,
            "last_16y": -11.63,
            "last_20y": -11.63,
            "at_2006_last_3y": -100,
            "at_2007_last_3y": -100,
            "at_2008_last_3y": -100,
            "at_2009_last_3y": -100,
            "at_2010_last_3y": 100,
            "at_2011_last_3y": 0,
            "at_2012_last_3y": 0,
            "at_2013_last_3y": 0,
            "at_2014_last_3y": 0,
            "at_2015_last_3y": 2.03,
            "at_2016_last_3y": 34.68,
            "at_2017_last_3y": 1.01,
            "at_2018_last_3y": -31.98,
            "at_2019_last_3y": -33.33,
            "at_2020_last_3y": -100,
            "at_2021_last_3y": -60.16,
            "at_2022_last_3y": -6.77,
            "at_2023_last_3y": -6.77,
            "at_2006_last_all": -100,
            "at_2007_last_all": -100,
            "at_2008_last_all": -100,
            "at_2009_last_all": -100,
            "at_2010_last_all": 0,
            "at_2011_last_all": -33.33,
            "at_2012_last_all": -33.33,
            "at_2013_last_all": -33.33,
            "at_2014_last_all": 0,
            "at_2015_last_all": -19.19,
            "at_2016_last_all": 0.68,
            "at_2017_last_all": -13.71,
            "at_2018_last_all": -13.71,
            "at_2019_last_all": -24.49,
            "at_2020_last_all": -24.49,
            "at_2021_last_all": -24.03,
            "at_2022_last_all": -11.63,
            "at_2023_last_all": -11.63
        },
        "latest_eps": 0.91,
        "latest_price": 20.5,
        "latest_roe": 8.73,
        "latest_gross_margin": 32.32,
        "latest_equity": 1723821,
        "latest_revenue": 167675,
        "latest_gross_profit": 54199,
        "latest_net_income": 10597,
        "latest_debt_ratio": 19.39,
        "latest_current_ratio": 177.72,
        "latest_account_receivable_turnover_ratio": 1.19,
        "latest_inventory_turnover_ratio": 0.86,
        "latest_reinvestment_rate": 3.01,
        "latest_research_to_sale_ratio": 1.2
    },
    "eps_dividends": {
        "1991": {
            "cash": 0,
            "stock": 1.2,
            "eps": 0
        },
        "1999": {
            "cash": 0.3,
            "stock": 3,
            "eps": 0
        },
        "2000": {
            "cash": 0.35,
            "stock": 1.55,
            "eps": 0
        },
        "2001": {
            "cash": 0,
            "stock": 0,
            "eps": -0.25
        },
        "2002": {
            "cash": 0,
            "stock": 0,
            "eps": -3.42
        },
        "2003": {
            "cash": 0,
            "stock": 0,
            "eps": -2.32
        },
        "2004": {
            "cash": 0,
            "stock": 0,
            "eps": -3.11
        },
        "2005": {
            "cash": 0,
            "stock": 0,
            "eps": 0.01
        },
        "2006": {
            "cash": 0,
            "stock": 0,
            "eps": -3.42
        },
        "2007": {
            "cash": 0,
            "stock": 0,
            "eps": -2.64
        },
        "2008": {
            "cash": 0,
            "stock": 0,
            "eps": -2.02
        },
        "2009": {
            "cash": 0,
            "stock": 0,
            "eps": 0.04
        },
        "2010": {
            "cash": 0,
            "stock": 0,
            "eps": 0.25
        },
        "2011": {
            "cash": 0.05,
            "stock": 0.17,
            "eps": -0.5
        },
        "2012": {
            "cash": 0,
            "stock": 0,
            "eps": -1.12
        },
        "2013": {
            "cash": 0,
            "stock": 0,
            "eps": 0.16
        },
        "2014": {
            "cash": 0.02,
            "stock": 0.08,
            "eps": 0.74
        },
        "2015": {
            "cash": 0.34,
            "stock": 0.31,
            "eps": 0.03
        },
        "2016": {
            "cash": 0.02,
            "stock": 0,
            "eps": 0.09
        },
        "2017": {
            "cash": 0,
            "stock": 0,
            "eps": -0.21
        },
        "2018": {
            "cash": 0,
            "stock": 0,
            "eps": 0.16
        },
        "2019": {
            "cash": 0,
            "stock": 0,
            "eps": 0
        },
        "2020": {
            "cash": 0,
            "stock": 0,
            "eps": 0.64
        },
        "2021": {
            "cash": 0.3,
            "stock": 0,
            "eps": 0.51
        },
        "2022": {
            "cash": 0.6,
            "stock": 0,
            "eps": 1.06
        },
        "2023": {
            "cash": 0.8,
            "stock": 0,
            "eps": 0.06
        }
    },
    "dividends": {
        "1991-06-11": {
            "cash": 0,
            "stock": 1.2
        },
        "1999-03-30": {
            "cash": 0.3,
            "stock": 3
        },
        "2000-06-29": {
            "cash": 0.35,
            "stock": 1.55
        },
        "2011-04-29": {
            "cash": 0.05,
            "stock": 0.17
        },
        "2014-11-25": {
            "cash": 0.02,
            "stock": 0.08
        },
        "2015-09-17": {
            "cash": 0.34,
            "stock": 0.31
        },
        "2016-10-05": {
            "cash": 0.02,
            "stock": 0
        },
        "2021-12-27": {
            "cash": 0.3,
            "stock": 0
        },
        "2022-08-15": {
            "cash": 0.6,
            "stock": 0
        },
        "2023-03-24": {
            "cash": 0.8,
            "stock": 0
        }
    },
    "prices": {
        "200101": "6.36",
        "200102": "9.75",
        "200103": "9.96",
        "200104": "10.44",
        "200105": "7.91",
        "200106": "7.51",
        "200107": "4.82",
        "200108": "5.11",
        "200109": "4.33",
        "200110": "4.05",
        "200111": "4.45",
        "200112": "5.98",
        "200201": "7.48",
        "200202": "7.34",
        "200203": "7.98",
        "200204": "11.07",
        "200205": "8.48",
        "200206": "7.96",
        "200207": "6.79",
        "200208": "6.04",
        "200209": "5.16",
        "200210": "5.31",
        "200211": "5.63",
        "200212": "6.01",
        "200301": "6.74",
        "200302": "6.48",
        "200303": "5.86",
        "200304": "5.65",
        "200305": "4.47",
        "200306": "5.83",
        "200307": "6.32",
        "200308": "5.46",
        "200309": "5.19",
        "200310": "5.32",
        "200311": "5.56",
        "200312": "5.30",
        "200401": "5.88",
        "200402": "11.36",
        "200403": "10.63",
        "200404": "10.20",
        "200405": "8.34",
        "200406": "7.24",
        "200407": "6.09",
        "200408": "5.70",
        "200409": "5.35",
        "200410": "5.08",
        "200411": "5.11",
        "200412": "4.93",
        "200501": "5.01",
        "200502": "5.25",
        "200503": "5.80",
        "200504": "4.92",
        "200505": "4.37",
        "200506": "4.77",
        "200507": "4.95",
        "200508": "4.30",
        "200509": "4.11",
        "200510": "3.55",
        "200511": "3.47",
        "200512": "4.04",
        "200601": "4.12",
        "200602": "3.72",
        "200603": "3.38",
        "200604": "3.89",
        "200605": "4.25",
        "200606": "3.99",
        "200607": "3.64",
        "200608": "3.39",
        "200609": "3.35",
        "200610": "3.65",
        "200611": "4.14",
        "200612": "6.09",
        "200701": "6.27",
        "200702": "5.72",
        "200703": "6.43",
        "200704": "6.94",
        "200705": "5.68",
        "200706": "5.93",
        "200707": "6.75",
        "200708": "6.36",
        "200709": "5.83",
        "200710": "5.51",
        "200711": "4.77",
        "200712": "4.79",
        "200801": "4.50",
        "200802": "4.26",
        "200803": "4.75",
        "200804": "4.72",
        "200805": "4.70",
        "200806": "4.43",
        "200807": "3.61",
        "200808": "3.33",
        "200809": "2.62",
        "200810": "2.80",
        "200811": "2.26",
        "200812": "2.04",
        "200901": "2.18",
        "200902": "2.20",
        "200903": "3.00",
        "200904": "3.93",
        "200905": "3.41",
        "200906": "3.01",
        "200907": "3.13",
        "200908": "3.10",
        "200909": "3.49",
        "200910": "4.95",
        "200911": "5.59",
        "200912": "6.11",
        "201001": "6.81",
        "201002": "5.91",
        "201003": "6.24",
        "201004": "7.12",
        "201005": "8.62",
        "201006": "8.65",
        "201007": "8.76",
        "201008": "8.57",
        "201009": "7.80",
        "201010": "7.46",
        "201011": "6.89",
        "201012": "7.54",
        "201101": "7.89",
        "201102": "7.35",
        "201103": "6.90",
        "201104": "6.72",
        "201105": "6.88",
        "201106": "6.81",
        "201107": "6.61",
        "201108": "5.40",
        "201109": "4.40",
        "201110": "4.58",
        "201111": "4.35",
        "201112": "3.77",
        "201201": "3.94",
        "201202": "5.11",
        "201203": "4.97",
        "201204": "4.29",
        "201205": "4.12",
        "201206": "3.83",
        "201207": "3.84",
        "201208": "4.03",
        "201209": "4.22",
        "201210": "3.96",
        "201211": "3.85",
        "201212": "4.25",
        "201301": "4.21",
        "201302": "4.09",
        "201303": "4.30",
        "201304": "4.26",
        "201305": "4.58",
        "201306": "4.43",
        "201307": "4.39",
        "201308": "4.36",
        "201309": "4.68",
        "201310": "4.75",
        "201311": "4.44",
        "201312": "4.72",
        "201401": "5.67",
        "201402": "6.24",
        "201403": "6.87",
        "201404": "7.61",
        "201405": "7.41",
        "201406": "7.49",
        "201407": "7.25",
        "201408": "6.34",
        "201409": "6.36",
        "201410": "6.17",
        "201411": "6.20",
        "201412": "7.42",
        "201501": "8.29",
        "201502": "7.53",
        "201503": "7.75",
        "201504": "8.56",
        "201505": "8.07",
        "201506": "7.44",
        "201507": "7.38",
        "201508": "6.78",
        "201509": "6.32",
        "201510": "6.53",
        "201511": "6.45",
        "201512": "6.07",
        "201601": "5.66",
        "201602": "5.77",
        "201603": "6.05",
        "201604": "6.02",
        "201605": "5.67",
        "201606": "5.79",
        "201607": "5.95",
        "201608": "6.34",
        "201609": "6.17",
        "201610": "6.59",
        "201611": "6.40",
        "201612": "6.35",
        "201701": "6.54",
        "201702": "6.76",
        "201703": "6.68",
        "201704": "6.22",
        "201705": "5.99",
        "201706": "5.73",
        "201707": "5.57",
        "201708": "5.43",
        "201709": "5.74",
        "201710": "5.75",
        "201711": "5.90",
        "201712": "6.00",
        "201801": "6.10",
        "201802": "5.98",
        "201803": "6.56",
        "201804": "6.28",
        "201805": "6.20",
        "201806": "9.83",
        "201807": "9.58",
        "201808": "8.82",
        "201809": "8.35",
        "201810": "7.00",
        "201811": "6.81",
        "201812": "7.71",
        "201901": "9.32",
        "201902": "10.71",
        "201903": "9.96",
        "201904": "9.90",
        "201905": "8.42",
        "201906": "7.78",
        "201907": "8.21",
        "201908": "7.87",
        "201909": "7.91",
        "201910": "7.83",
        "201911": "7.87",
        "201912": "7.93",
        "202001": "7.92",
        "202002": "7.10",
        "202003": "5.98",
        "202004": "7.53",
        "202005": "7.16",
        "202006": "7.36",
        "202007": "8.80",
        "202008": "9.58",
        "202009": "13.59",
        "202010": "16.55",
        "202011": "19.25",
        "202012": "22.14",
        "202101": "22.05",
        "202102": "21.35",
        "202103": "20.80",
        "202104": "22.16",
        "202105": "18.45",
        "202106": "17.91",
        "202107": "20.32",
        "202108": "18.19",
        "202109": "16.66",
        "202110": "15.88",
        "202111": "17.61",
        "202112": "16.89",
        "202201": "16.26",
        "202202": "16.00",
        "202203": "15.40",
        "202204": "15.56",
        "202205": "17.10",
        "202206": "18.07",
        "202207": "15.91",
        "202208": "17.40",
        "202209": "17.69",
        "202210": "15.10",
        "202211": "18.14",
        "202212": "17.72",
        "202301": "16.38",
        "202302": "17.38",
        "202303": "20.06",
        "202304": "21.72",
        "202305": "19.78",
        "202306": "21.15"
    },
    "quarters": {
        "20011": {
            "year_quarter": 20011,
            "year": 2001,
            "quarter": 1,
            "eps": 0.01,
            "eps_growth_year": -96.88,
            "eps_4q": -0.2,
            "eps_4q_growth_year": -114.45,
            "roe": 0.07,
            "roe_4q": 0.07,
            "gross_profit": 42163,
            "gross_margin": 20.03,
            "gross_margin_4q_avg": 20.03,
            "net_income": 3359,
            "revenue": 210540,
            "common_shares": 2770000,
            "book_valuer_per_share": 18.11,
            "book_valuer_per_share_4q_avg": 18.11,
            "equity": 5016527,
            "current_ratio": 288.84,
            "debt_ratio": 16.05,
            "inventory_turnover_ratio": 0.54,
            "account_receivable_turnover_ratio": null,
            "reinvestment_rate": null,
            "research_to_sale_ratio": null,
            "price_fair": 0,
            "eps_avg_yearly": 0,
            "eps_latest_yearly": 0,
            "eps_growth_yearly": 0
        },
        "20012": {
            "year_quarter": 20012,
            "year": 2001,
            "quarter": 2,
            "eps": -0.24,
            "eps_growth_year": null,
            "eps_4q": -0.43,
            "eps_4q_growth_year": -138.65,
            "roe": -1.31,
            "roe_4q": -1.24,
            "gross_profit": 74038,
            "gross_margin": 11.51,
            "gross_margin_4q_avg": 15.77,
            "net_income": -65774,
            "revenue": 643396,
            "common_shares": 2770000,
            "book_valuer_per_share": 18.11,
            "book_valuer_per_share_4q_avg": 18.11,
            "equity": 5016774,
            "current_ratio": 364.67,
            "debt_ratio": 11.4,
            "inventory_turnover_ratio": 2.3,
            "account_receivable_turnover_ratio": null,
            "reinvestment_rate": null,
            "research_to_sale_ratio": null,
            "price_fair": 0,
            "eps_avg_yearly": 0,
            "eps_latest_yearly": 0,
            "eps_growth_yearly": 0
        },
        "20013": {
            "year_quarter": 20013,
            "year": 2001,
            "quarter": 3,
            "eps": 0.07,
            "eps_growth_year": -68.18,
            "eps_4q": -0.59,
            "eps_4q_growth_year": -162.14,
            "roe": 0.38,
            "roe_4q": -0.8600000000000001,
            "gross_profit": 22135,
            "gross_margin": 12.15,
            "gross_margin_4q_avg": 14.56,
            "net_income": 19064,
            "revenue": 182238,
            "common_shares": 2770000,
            "book_valuer_per_share": 18.19,
            "book_valuer_per_share_4q_avg": 18.14,
            "equity": 5038465,
            "current_ratio": 259.36,
            "debt_ratio": 14.47,
            "inventory_turnover_ratio": 0.52,
            "account_receivable_turnover_ratio": null,
            "reinvestment_rate": null,
            "research_to_sale_ratio": null,
            "price_fair": 0,
            "eps_avg_yearly": 0,
            "eps_latest_yearly": 0,
            "eps_growth_yearly": 0
        },
        "20014": {
            "year_quarter": 20014,
            "year": 2001,
            "quarter": 4,
            "eps": -0.09,
            "eps_growth_year": null,
            "eps_4q": -0.25,
            "eps_4q_growth_year": -1609.5,
            "roe": -0.52,
            "roe_4q": -1.3800000000000001,
            "gross_profit": -10010,
            "gross_margin": -5.45,
            "gross_margin_4q_avg": 9.56,
            "net_income": -26052,
            "revenue": 183567,
            "common_shares": 2770000,
            "book_valuer_per_share": 18.08,
            "book_valuer_per_share_4q_avg": 18.12,
            "equity": 5013170,
            "current_ratio": 320.81,
            "debt_ratio": 25.38,
            "inventory_turnover_ratio": 0.25,
            "account_receivable_turnover_ratio": null,
            "reinvestment_rate": null,
            "research_to_sale_ratio": null,
            "price_fair": 0,
            "eps_avg_yearly": 0,
            "eps_latest_yearly": 0,
            "eps_growth_yearly": 0
        },
        "20021": {
            "year_quarter": 20021,
            "year": 2002,
            "quarter": 1,
            "eps": -0.03,
            "eps_growth_year": -400,
            "eps_4q": -0.31,
            "eps_4q_growth_year": null,
            "roe": -0.16,
            "roe_4q": -1.61,
            "gross_profit": 5688,
            "gross_margin": 3.62,
            "gross_margin_4q_avg": 5.46,
            "net_income": -7894,
            "revenue": 157295,
            "common_shares": 2770000,
            "book_valuer_per_share": 18.27,
            "book_valuer_per_share_4q_avg": 18.16,
            "equity": 5060424,
            "current_ratio": 241.79,
            "debt_ratio": 15.02,
            "inventory_turnover_ratio": 0.2,
            "account_receivable_turnover_ratio": null,
            "reinvestment_rate": null,
            "research_to_sale_ratio": null,
            "price_fair": 0,
            "eps_avg_yearly": 0,
            "eps_latest_yearly": 0,
            "eps_growth_yearly": 0
        },
        "20022": {
            "year_quarter": 20022,
            "year": 2002,
            "quarter": 2,
            "eps": -0.51,
            "eps_growth_year": null,
            "eps_4q": -0.56,
            "eps_4q_growth_year": null,
            "roe": -2.81,
            "roe_4q": -3.1100000000000003,
            "gross_profit": -8896,
            "gross_margin": -13.51,
            "gross_margin_4q_avg": -0.8,
            "net_income": -139896,
            "revenue": 65835,
            "common_shares": 2770000,
            "book_valuer_per_share": 17.68,
            "book_valuer_per_share_4q_avg": 18.06,
            "equity": 4898569,
            "current_ratio": 239.13,
            "debt_ratio": 14.85,
            "inventory_turnover_ratio": 0.22,
            "account_receivable_turnover_ratio": null,
            "reinvestment_rate": null,
            "research_to_sale_ratio": null,
            "price_fair": 0,
            "eps_avg_yearly": 0,
            "eps_latest_yearly": 0,
            "eps_growth_yearly": 0
        },
        "20023": {
            "year_quarter": 20023,
            "year": 2002,
            "quarter": 3,
            "eps": -0.11,
            "eps_growth_year": -257.14,
            "eps_4q": -0.74,
            "eps_4q_growth_year": null,
            "roe": -0.63,
            "roe_4q": -4.12,
            "gross_profit": -31412,
            "gross_margin": -15.32,
            "gross_margin_4q_avg": -7.67,
            "net_income": -30769,
            "revenue": 204978,
            "common_shares": 2770000,
            "book_valuer_per_share": 17.66,
            "book_valuer_per_share_4q_avg": 17.92,
            "equity": 4890753,
            "current_ratio": 216,
            "debt_ratio": 14.44,
            "inventory_turnover_ratio": 0.46,
            "account_receivable_turnover_ratio": null,
            "reinvestment_rate": null,
            "research_to_sale_ratio": null,
            "price_fair": 0,
            "eps_avg_yearly": 0,
            "eps_latest_yearly": 0,
            "eps_growth_yearly": 0
        },
        "20024": {
            "year_quarter": 20024,
            "year": 2002,
            "quarter": 4,
            "eps": -2.77,
            "eps_growth_year": null,
            "eps_4q": -3.41,
            "eps_4q_growth_year": null,
            "roe": -17,
            "roe_4q": -20.599999999999998,
            "gross_profit": -12981,
            "gross_margin": -5.53,
            "gross_margin_4q_avg": -7.69,
            "net_income": -766202,
            "revenue": 234906,
            "common_shares": 2770000,
            "book_valuer_per_share": 14.87,
            "book_valuer_per_share_4q_avg": 17.12,
            "equity": 4120973,
            "current_ratio": 348.09,
            "debt_ratio": 28.28,
            "inventory_turnover_ratio": 0.24,
            "account_receivable_turnover_ratio": null,
            "reinvestment_rate": null,
            "research_to_sale_ratio": null,
            "price_fair": 0,
            "eps_avg_yearly": 0,
            "eps_latest_yearly": 0,
            "eps_growth_yearly": 0
        },
        "20031": {
            "year_quarter": 20031,
            "year": 2003,
            "quarter": 1,
            "eps": 0.09,
            "eps_growth_year": null,
            "eps_4q": -3.35,
            "eps_4q_growth_year": null,
            "roe": 0.59,
            "roe_4q": -19.849999999999998,
            "gross_profit": 15011,
            "gross_margin": 8.12,
            "gross_margin_4q_avg": -6.56,
            "net_income": 24515,
            "revenue": 184929,
            "common_shares": 2770000,
            "book_valuer_per_share": 14.96,
            "book_valuer_per_share_4q_avg": 16.29,
            "equity": 4144101,
            "current_ratio": 206.86,
            "debt_ratio": 16.44,
            "inventory_turnover_ratio": 0.18,
            "account_receivable_turnover_ratio": null,
            "reinvestment_rate": null,
            "research_to_sale_ratio": null,
            "price_fair": 0,
            "eps_avg_yearly": 0,
            "eps_latest_yearly": 0,
            "eps_growth_yearly": 0
        },
        "20032": {
            "year_quarter": 20032,
            "year": 2003,
            "quarter": 2,
            "eps": 0.02,
            "eps_growth_year": null,
            "eps_4q": -2.32,
            "eps_4q_growth_year": null,
            "roe": 0.16,
            "roe_4q": -16.88,
            "gross_profit": 11276,
            "gross_margin": 6.27,
            "gross_margin_4q_avg": -1.62,
            "net_income": 6613,
            "revenue": 179834,
            "common_shares": 2770000,
            "book_valuer_per_share": 14.99,
            "book_valuer_per_share_4q_avg": 15.62,
            "equity": 4151810,
            "current_ratio": 195.71,
            "debt_ratio": 16.69,
            "inventory_turnover_ratio": 0.31,
            "account_receivable_turnover_ratio": null,
            "reinvestment_rate": null,
            "research_to_sale_ratio": null,
            "price_fair": 0.24,
            "eps_avg_yearly": 0.08,
            "eps_latest_yearly": 0.08,
            "eps_growth_yearly": -311.11
        },
        "20033": {
            "year_quarter": 20033,
            "year": 2003,
            "quarter": 3,
            "eps": -0.15,
            "eps_growth_year": null,
            "eps_4q": -2.81,
            "eps_4q_growth_year": null,
            "roe": -1.04,
            "roe_4q": -17.29,
            "gross_profit": 16256,
            "gross_margin": 9.72,
            "gross_margin_4q_avg": 4.65,
            "net_income": -42877,
            "revenue": 167191,
            "common_shares": 2770000,
            "book_valuer_per_share": 14.75,
            "book_valuer_per_share_4q_avg": 14.89,
            "equity": 4086858,
            "current_ratio": 200.31,
            "debt_ratio": 15.94,
            "inventory_turnover_ratio": 0.29,
            "account_receivable_turnover_ratio": null,
            "reinvestment_rate": null,
            "research_to_sale_ratio": null,
            "price_fair": 0.24,
            "eps_avg_yearly": 0.08,
            "eps_latest_yearly": 0.08,
            "eps_growth_yearly": -311.11
        },
        "20034": {
            "year_quarter": 20034,
            "year": 2003,
            "quarter": 4,
            "eps": -2.28,
            "eps_growth_year": null,
            "eps_4q": -2.34,
            "eps_4q_growth_year": null,
            "roe": -11.02,
            "roe_4q": -11.309999999999999,
            "gross_profit": 6293,
            "gross_margin": 3.99,
            "gross_margin_4q_avg": 7.03,
            "net_income": -426066,
            "revenue": 157714,
            "common_shares": 1869750,
            "book_valuer_per_share": 19.49,
            "book_valuer_per_share_4q_avg": 16.05,
            "equity": 3646306,
            "current_ratio": 282.93,
            "debt_ratio": 28.22,
            "inventory_turnover_ratio": 0.21,
            "account_receivable_turnover_ratio": null,
            "reinvestment_rate": null,
            "research_to_sale_ratio": null,
            "price_fair": 0.24,
            "eps_avg_yearly": 0.08,
            "eps_latest_yearly": 0.08,
            "eps_growth_yearly": -311.11
        },
        "20041": {
            "year_quarter": 20041,
            "year": 2004,
            "quarter": 1,
            "eps": 0.12,
            "eps_growth_year": 33.33,
            "eps_4q": -2.27,
            "eps_4q_growth_year": null,
            "roe": 0.64,
            "roe_4q": -11.259999999999998,
            "gross_profit": 10859,
            "gross_margin": 5.76,
            "gross_margin_4q_avg": 6.44,
            "net_income": 23190,
            "revenue": 188433,
            "common_shares": 1869750,
            "book_valuer_per_share": 19.48,
            "book_valuer_per_share_4q_avg": 17.18,
            "equity": 3642856,
            "current_ratio": 169.49,
            "debt_ratio": 20.05,
            "inventory_turnover_ratio": 0.25,
            "account_receivable_turnover_ratio": null,
            "reinvestment_rate": null,
            "research_to_sale_ratio": null,
            "price_fair": 0.24,
            "eps_avg_yearly": 0.08,
            "eps_latest_yearly": 0.08,
            "eps_growth_yearly": -311.11
        },
        "20042": {
            "year_quarter": 20042,
            "year": 2004,
            "quarter": 2,
            "eps": -0.06,
            "eps_growth_year": -400,
            "eps_4q": -2.44,
            "eps_4q_growth_year": null,
            "roe": -0.3,
            "roe_4q": -11.719999999999999,
            "gross_profit": 27606,
            "gross_margin": 14.76,
            "gross_margin_4q_avg": 8.56,
            "net_income": -11000,
            "revenue": 186991,
            "common_shares": 1869750,
            "book_valuer_per_share": 19.48,
            "book_valuer_per_share_4q_avg": 18.3,
            "equity": 3642002,
            "current_ratio": 159.35,
            "debt_ratio": 21.52,
            "inventory_turnover_ratio": 0.35,
            "account_receivable_turnover_ratio": null,
            "reinvestment_rate": null,
            "research_to_sale_ratio": null,
            "price_fair": 0.24,
            "eps_avg_yearly": 0.08,
            "eps_latest_yearly": 0.08,
            "eps_growth_yearly": -311.11
        },
        "20043": {
            "year_quarter": 20043,
            "year": 2004,
            "quarter": 3,
            "eps": -0.08,
            "eps_growth_year": null,
            "eps_4q": -2.29,
            "eps_4q_growth_year": null,
            "roe": -0.4,
            "roe_4q": -11.08,
            "gross_profit": 18435,
            "gross_margin": 11.07,
            "gross_margin_4q_avg": 8.9,
            "net_income": -14563,
            "revenue": 166587,
            "common_shares": 1869750,
            "book_valuer_per_share": 19.47,
            "book_valuer_per_share_4q_avg": 19.48,
            "equity": 3640234,
            "current_ratio": 146.6,
            "debt_ratio": 24.02,
            "inventory_turnover_ratio": 0.32,
            "account_receivable_turnover_ratio": null,
            "reinvestment_rate": null,
            "research_to_sale_ratio": null,
            "price_fair": 0.24,
            "eps_avg_yearly": 0.08,
            "eps_latest_yearly": 0.08,
            "eps_growth_yearly": -311.11
        },
        "20044": {
            "year_quarter": 20044,
            "year": 2004,
            "quarter": 4,
            "eps": -3.09,
            "eps_growth_year": null,
            "eps_4q": -3.1,
            "eps_4q_growth_year": null,
            "roe": -17.45,
            "roe_4q": -17.509999999999998,
            "gross_profit": -299203,
            "gross_margin": -151.44,
            "gross_margin_4q_avg": -29.96,
            "net_income": -576835,
            "revenue": 197569,
            "common_shares": 1869750,
            "book_valuer_per_share": 15.89,
            "book_valuer_per_share_4q_avg": 18.58,
            "equity": 2971007,
            "current_ratio": 230.56,
            "debt_ratio": 27.84,
            "inventory_turnover_ratio": 0.89,
            "account_receivable_turnover_ratio": null,
            "reinvestment_rate": null,
            "research_to_sale_ratio": null,
            "price_fair": 0.24,
            "eps_avg_yearly": 0.08,
            "eps_latest_yearly": 0.08,
            "eps_growth_yearly": -311.11
        },
        "20051": {
            "year_quarter": 20051,
            "year": 2005,
            "quarter": 1,
            "eps": -0.08,
            "eps_growth_year": -166.67,
            "eps_4q": -3.12,
            "eps_4q_growth_year": null,
            "roe": -0.54,
            "roe_4q": -18.689999999999998,
            "gross_profit": 10735,
            "gross_margin": 5.27,
            "gross_margin_4q_avg": -30.09,
            "net_income": -15828,
            "revenue": 203706,
            "common_shares": 1869750,
            "book_valuer_per_share": 15.72,
            "book_valuer_per_share_4q_avg": 17.64,
            "equity": 2939077,
            "current_ratio": 77.23,
            "debt_ratio": 21.3,
            "inventory_turnover_ratio": 0.47,
            "account_receivable_turnover_ratio": null,
            "reinvestment_rate": null,
            "research_to_sale_ratio": null,
            "price_fair": 0.24,
            "eps_avg_yearly": 0.08,
            "eps_latest_yearly": 0.08,
            "eps_growth_yearly": -311.11
        },
        "20052": {
            "year_quarter": 20052,
            "year": 2005,
            "quarter": 2,
            "eps": 0.11,
            "eps_growth_year": null,
            "eps_4q": -2.76,
            "eps_4q_growth_year": null,
            "roe": 0.77,
            "roe_4q": -17.619999999999997,
            "gross_profit": 5106,
            "gross_margin": 4.58,
            "gross_margin_4q_avg": -32.63,
            "net_income": 23255,
            "revenue": 111597,
            "common_shares": 2369750,
            "book_valuer_per_share": 12.98,
            "book_valuer_per_share_4q_avg": 16.02,
            "equity": 3076028,
            "current_ratio": 71.33,
            "debt_ratio": 19.55,
            "inventory_turnover_ratio": 0.67,
            "account_receivable_turnover_ratio": null,
            "reinvestment_rate": null,
            "research_to_sale_ratio": null,
            "price_fair": 0.24,
            "eps_avg_yearly": 0.08,
            "eps_latest_yearly": 0.08,
            "eps_growth_yearly": -311.11
        },
        "20053": {
            "year_quarter": 20053,
            "year": 2005,
            "quarter": 3,
            "eps": 0,
            "eps_growth_year": null,
            "eps_4q": -2.4,
            "eps_4q_growth_year": null,
            "roe": -0.01,
            "roe_4q": -17.23,
            "gross_profit": 16965,
            "gross_margin": 14.35,
            "gross_margin_4q_avg": -31.81,
            "net_income": -255,
            "revenue": 118214,
            "common_shares": 2369750,
            "book_valuer_per_share": 13.28,
            "book_valuer_per_share_4q_avg": 14.47,
            "equity": 3146532,
            "current_ratio": 71.38,
            "debt_ratio": 19.33,
            "inventory_turnover_ratio": 0.73,
            "account_receivable_turnover_ratio": null,
            "reinvestment_rate": null,
            "research_to_sale_ratio": null,
            "price_fair": 0.24,
            "eps_avg_yearly": 0.08,
            "eps_latest_yearly": 0.08,
            "eps_growth_yearly": -311.11
        },
        "20054": {
            "year_quarter": 20054,
            "year": 2005,
            "quarter": 4,
            "eps": -0.02,
            "eps_growth_year": null,
            "eps_4q": 0,
            "eps_4q_growth_year": null,
            "roe": -0.13,
            "roe_4q": 0.08999999999999997,
            "gross_profit": 21303,
            "gross_margin": 12.93,
            "gross_margin_4q_avg": 9.28,
            "net_income": -4083,
            "revenue": 164769,
            "common_shares": 2369750,
            "book_valuer_per_share": 13.28,
            "book_valuer_per_share_4q_avg": 13.82,
            "equity": 3318411,
            "current_ratio": 380.38,
            "debt_ratio": 20.92,
            "inventory_turnover_ratio": 0.32,
            "account_receivable_turnover_ratio": null,
            "reinvestment_rate": null,
            "research_to_sale_ratio": null,
            "price_fair": 0.24,
            "eps_avg_yearly": 0.08,
            "eps_latest_yearly": 0.08,
            "eps_growth_yearly": -311.11
        },
        "20061": {
            "year_quarter": 20061,
            "year": 2006,
            "quarter": 1,
            "eps": 0.03,
            "eps_growth_year": null,
            "eps_4q": 0.12,
            "eps_4q_growth_year": null,
            "roe": 0.21,
            "roe_4q": 0.84,
            "gross_profit": 15199,
            "gross_margin": 14.12,
            "gross_margin_4q_avg": 11.5,
            "net_income": 6643,
            "revenue": 107623,
            "common_shares": 2369750,
            "book_valuer_per_share": 13.17,
            "book_valuer_per_share_4q_avg": 13.18,
            "equity": 3121906,
            "current_ratio": 94.7,
            "debt_ratio": 18.86,
            "inventory_turnover_ratio": 0.21,
            "account_receivable_turnover_ratio": null,
            "reinvestment_rate": null,
            "research_to_sale_ratio": null,
            "price_fair": 0.24,
            "eps_avg_yearly": 0.08,
            "eps_latest_yearly": 0.08,
            "eps_growth_yearly": -311.11
        },
        "20062": {
            "year_quarter": 20062,
            "year": 2006,
            "quarter": 2,
            "eps": 0.02,
            "eps_growth_year": -81.82,
            "eps_4q": 0.03,
            "eps_4q_growth_year": null,
            "roe": 0.17,
            "roe_4q": 0.24,
            "gross_profit": 22493,
            "gross_margin": 17.81,
            "gross_margin_4q_avg": 14.8,
            "net_income": 5294,
            "revenue": 126295,
            "common_shares": 2369750,
            "book_valuer_per_share": 13.3,
            "book_valuer_per_share_4q_avg": 13.26,
            "equity": 3151529,
            "current_ratio": 105.05,
            "debt_ratio": 16.51,
            "inventory_turnover_ratio": 0.98,
            "account_receivable_turnover_ratio": null,
            "reinvestment_rate": null,
            "research_to_sale_ratio": null,
            "price_fair": 0.24,
            "eps_avg_yearly": 0.08,
            "eps_latest_yearly": 0.08,
            "eps_growth_yearly": -222.22
        },
        "20063": {
            "year_quarter": 20063,
            "year": 2006,
            "quarter": 3,
            "eps": -0.4,
            "eps_growth_year": null,
            "eps_4q": -0.37,
            "eps_4q_growth_year": null,
            "roe": -3.09,
            "roe_4q": -2.84,
            "gross_profit": -3587,
            "gross_margin": -5.42,
            "gross_margin_4q_avg": 9.86,
            "net_income": -95919,
            "revenue": 66187,
            "common_shares": 2369750,
            "book_valuer_per_share": 12.89,
            "book_valuer_per_share_4q_avg": 13.16,
            "equity": 3054677,
            "current_ratio": 128.36,
            "debt_ratio": 18.22,
            "inventory_turnover_ratio": 0.83,
            "account_receivable_turnover_ratio": null,
            "reinvestment_rate": null,
            "research_to_sale_ratio": null,
            "price_fair": 0.24,
            "eps_avg_yearly": 0.08,
            "eps_latest_yearly": 0.08,
            "eps_growth_yearly": -222.22
        },
        "20064": {
            "year_quarter": 20064,
            "year": 2006,
            "quarter": 4,
            "eps": -3.07,
            "eps_growth_year": null,
            "eps_4q": -3.4,
            "eps_4q_growth_year": -95216.66,
            "roe": -27.44,
            "roe_4q": -30.15,
            "gross_profit": 3115,
            "gross_margin": 3.78,
            "gross_margin_4q_avg": 7.57,
            "net_income": -754993,
            "revenue": 82348,
            "common_shares": 2869750,
            "book_valuer_per_share": 8.53,
            "book_valuer_per_share_4q_avg": 11.97,
            "equity": 2447184,
            "current_ratio": 190.24,
            "debt_ratio": 31.12,
            "inventory_turnover_ratio": 0.22,
            "account_receivable_turnover_ratio": null,
            "reinvestment_rate": null,
            "research_to_sale_ratio": null,
            "price_fair": 0.24,
            "eps_avg_yearly": 0.08,
            "eps_latest_yearly": 0.08,
            "eps_growth_yearly": -222.22
        },
        "20071": {
            "year_quarter": 20071,
            "year": 2007,
            "quarter": 1,
            "eps": -0.06,
            "eps_growth_year": -300,
            "eps_4q": -2.86,
            "eps_4q_growth_year": -2578.81,
            "roe": -0.75,
            "roe_4q": -31.11,
            "gross_profit": 9780,
            "gross_margin": 13.22,
            "gross_margin_4q_avg": 7.35,
            "net_income": -18112,
            "revenue": 73998,
            "common_shares": 2869750,
            "book_valuer_per_share": 8.35,
            "book_valuer_per_share_4q_avg": 10.77,
            "equity": 2396496,
            "current_ratio": 82.25,
            "debt_ratio": 22.84,
            "inventory_turnover_ratio": 0.18,
            "account_receivable_turnover_ratio": null,
            "reinvestment_rate": null,
            "research_to_sale_ratio": null,
            "price_fair": 0.24,
            "eps_avg_yearly": 0.08,
            "eps_latest_yearly": 0.08,
            "eps_growth_yearly": -222.22
        },
        "20072": {
            "year_quarter": 20072,
            "year": 2007,
            "quarter": 2,
            "eps": -0.09,
            "eps_growth_year": -550,
            "eps_4q": -3.12,
            "eps_4q_growth_year": -10978.16,
            "roe": -1.12,
            "roe_4q": -32.400000000000006,
            "gross_profit": 6870,
            "gross_margin": 9.16,
            "gross_margin_4q_avg": 5.19,
            "net_income": -27171,
            "revenue": 75006,
            "common_shares": 2869750,
            "book_valuer_per_share": 8.48,
            "book_valuer_per_share_4q_avg": 9.56,
            "equity": 2433762,
            "current_ratio": 72.41,
            "debt_ratio": 22.18,
            "inventory_turnover_ratio": 1.55,
            "account_receivable_turnover_ratio": null,
            "reinvestment_rate": null,
            "research_to_sale_ratio": null,
            "price_fair": 0.24,
            "eps_avg_yearly": 0.08,
            "eps_latest_yearly": 0.08,
            "eps_growth_yearly": -133.33
        },
        "20073": {
            "year_quarter": 20073,
            "year": 2007,
            "quarter": 3,
            "eps": -1.13,
            "eps_growth_year": null,
            "eps_4q": -5.07,
            "eps_4q_growth_year": null,
            "roe": -9.89,
            "roe_4q": -39.2,
            "gross_profit": 10886,
            "gross_margin": 13.83,
            "gross_margin_4q_avg": 10,
            "net_income": -229775,
            "revenue": 78685,
            "common_shares": 2031783,
            "book_valuer_per_share": 10.89,
            "book_valuer_per_share_4q_avg": 9.06,
            "equity": 2212007,
            "current_ratio": 65.77,
            "debt_ratio": 25.26,
            "inventory_turnover_ratio": 1.87,
            "account_receivable_turnover_ratio": null,
            "reinvestment_rate": null,
            "research_to_sale_ratio": null,
            "price_fair": 0.24,
            "eps_avg_yearly": 0.08,
            "eps_latest_yearly": 0.08,
            "eps_growth_yearly": -133.33
        },
        "20074": {
            "year_quarter": 20074,
            "year": 2007,
            "quarter": 4,
            "eps": -1.36,
            "eps_growth_year": null,
            "eps_4q": -2.71,
            "eps_4q_growth_year": null,
            "roe": -13.22,
            "roe_4q": -24.98,
            "gross_profit": -10340,
            "gross_margin": -15.84,
            "gross_margin_4q_avg": 5.09,
            "net_income": -275442,
            "revenue": 65293,
            "common_shares": 2031783,
            "book_valuer_per_share": 9.62,
            "book_valuer_per_share_4q_avg": 9.34,
            "equity": 1954300,
            "current_ratio": 205.06,
            "debt_ratio": 30.83,
            "inventory_turnover_ratio": 0.4,
            "account_receivable_turnover_ratio": null,
            "reinvestment_rate": null,
            "research_to_sale_ratio": null,
            "price_fair": 0.24,
            "eps_avg_yearly": 0.08,
            "eps_latest_yearly": 0.08,
            "eps_growth_yearly": -133.33
        },
        "20081": {
            "year_quarter": 20081,
            "year": 2008,
            "quarter": 1,
            "eps": -0.13,
            "eps_growth_year": null,
            "eps_4q": -2.75,
            "eps_4q_growth_year": null,
            "roe": -1.37,
            "roe_4q": -25.6,
            "gross_profit": 29188,
            "gross_margin": 8.6,
            "gross_margin_4q_avg": 3.94,
            "net_income": -26377,
            "revenue": 339326,
            "common_shares": 2031783,
            "book_valuer_per_share": 9.27,
            "book_valuer_per_share_4q_avg": 9.57,
            "equity": 1884359,
            "current_ratio": 186.65,
            "debt_ratio": 33.16,
            "inventory_turnover_ratio": 0.86,
            "account_receivable_turnover_ratio": null,
            "reinvestment_rate": null,
            "research_to_sale_ratio": null,
            "price_fair": 0.24,
            "eps_avg_yearly": 0.08,
            "eps_latest_yearly": 0.08,
            "eps_growth_yearly": -133.33
        },
        "20082": {
            "year_quarter": 20082,
            "year": 2008,
            "quarter": 2,
            "eps": 0.12,
            "eps_growth_year": null,
            "eps_4q": -2.55,
            "eps_4q_growth_year": null,
            "roe": 1.26,
            "roe_4q": -23.22,
            "gross_profit": 84729,
            "gross_margin": 16.2,
            "gross_margin_4q_avg": 5.7,
            "net_income": 23911,
            "revenue": 523015,
            "common_shares": 2031783,
            "book_valuer_per_share": 9.43,
            "book_valuer_per_share_4q_avg": 9.8,
            "equity": 1916771,
            "current_ratio": 194.57,
            "debt_ratio": 31.31,
            "inventory_turnover_ratio": 1.09,
            "account_receivable_turnover_ratio": null,
            "reinvestment_rate": null,
            "research_to_sale_ratio": null,
            "price_fair": 0.24,
            "eps_avg_yearly": 0.08,
            "eps_latest_yearly": 0.08,
            "eps_growth_yearly": -133.33
        },
        "20083": {
            "year_quarter": 20083,
            "year": 2008,
            "quarter": 3,
            "eps": -0.13,
            "eps_growth_year": null,
            "eps_4q": -2,
            "eps_4q_growth_year": null,
            "roe": -0.98,
            "roe_4q": -14.31,
            "gross_profit": 39278,
            "gross_margin": 7.09,
            "gross_margin_4q_avg": 4.01,
            "net_income": -18953,
            "revenue": 553855,
            "common_shares": 1481283,
            "book_valuer_per_share": 13.28,
            "book_valuer_per_share_4q_avg": 10.4,
            "equity": 1966572,
            "current_ratio": 206.47,
            "debt_ratio": 29.4,
            "inventory_turnover_ratio": 1.08,
            "account_receivable_turnover_ratio": null,
            "reinvestment_rate": null,
            "research_to_sale_ratio": null,
            "price_fair": 0.24,
            "eps_avg_yearly": 0.08,
            "eps_latest_yearly": 0.08,
            "eps_growth_yearly": -133.33
        },
        "20084": {
            "year_quarter": 20084,
            "year": 2008,
            "quarter": 4,
            "eps": -1.88,
            "eps_growth_year": null,
            "eps_4q": -2.02,
            "eps_4q_growth_year": null,
            "roe": -14.66,
            "roe_4q": -15.75,
            "gross_profit": -9520,
            "gross_margin": -5.17,
            "gross_margin_4q_avg": 6.68,
            "net_income": -278014,
            "revenue": 184084,
            "common_shares": 2081283,
            "book_valuer_per_share": 8.78,
            "book_valuer_per_share_4q_avg": 10.19,
            "equity": 1827133,
            "current_ratio": 254.85,
            "debt_ratio": 20.8,
            "inventory_turnover_ratio": 0.51,
            "account_receivable_turnover_ratio": 1.63,
            "reinvestment_rate": null,
            "research_to_sale_ratio": null,
            "price_fair": 0.24,
            "eps_avg_yearly": 0.08,
            "eps_latest_yearly": 0.08,
            "eps_growth_yearly": -133.33
        },
        "20091": {
            "year_quarter": 20091,
            "year": 2009,
            "quarter": 1,
            "eps": -0.02,
            "eps_growth_year": null,
            "eps_4q": -1.33,
            "eps_4q_growth_year": null,
            "roe": -0.18,
            "roe_4q": -14.56,
            "gross_profit": 37573,
            "gross_margin": 19.46,
            "gross_margin_4q_avg": 9.4,
            "net_income": -3294,
            "revenue": 193092,
            "common_shares": 2081283,
            "book_valuer_per_share": 8.84,
            "book_valuer_per_share_4q_avg": 10.08,
            "equity": 1839375,
            "current_ratio": 277.8,
            "debt_ratio": 19.06,
            "inventory_turnover_ratio": 0.75,
            "account_receivable_turnover_ratio": 0.94,
            "reinvestment_rate": null,
            "research_to_sale_ratio": null,
            "price_fair": 0.24,
            "eps_avg_yearly": 0.08,
            "eps_latest_yearly": 0.08,
            "eps_growth_yearly": -133.33
        },
        "20092": {
            "year_quarter": 20092,
            "year": 2009,
            "quarter": 2,
            "eps": -0.01,
            "eps_growth_year": -108.33,
            "eps_4q": -1.46,
            "eps_4q_growth_year": null,
            "roe": -0.15,
            "roe_4q": -15.97,
            "gross_profit": 37631,
            "gross_margin": 13.72,
            "gross_margin_4q_avg": 8.78,
            "net_income": -2796,
            "revenue": 274368,
            "common_shares": 2081283,
            "book_valuer_per_share": 8.74,
            "book_valuer_per_share_4q_avg": 9.91,
            "equity": 1818268,
            "current_ratio": 280.74,
            "debt_ratio": 18.18,
            "inventory_turnover_ratio": 1.36,
            "account_receivable_turnover_ratio": 1.34,
            "reinvestment_rate": null,
            "research_to_sale_ratio": null,
            "price_fair": 0.24,
            "eps_avg_yearly": 0.08,
            "eps_latest_yearly": 0.08,
            "eps_growth_yearly": -133.33
        },
        "20093": {
            "year_quarter": 20093,
            "year": 2009,
            "quarter": 3,
            "eps": 0.06,
            "eps_growth_year": null,
            "eps_4q": -1.71,
            "eps_4q_growth_year": null,
            "roe": 0.53,
            "roe_4q": -14.46,
            "gross_profit": 49231,
            "gross_margin": 34.4,
            "gross_margin_4q_avg": 15.6,
            "net_income": 9622,
            "revenue": 143103,
            "common_shares": 1573283,
            "book_valuer_per_share": 11.53,
            "book_valuer_per_share_4q_avg": 9.47,
            "equity": 1813697,
            "current_ratio": 289.95,
            "debt_ratio": 17.94,
            "inventory_turnover_ratio": 0.59,
            "account_receivable_turnover_ratio": 0.68,
            "reinvestment_rate": null,
            "research_to_sale_ratio": null,
            "price_fair": 0.24,
            "eps_avg_yearly": 0.08,
            "eps_latest_yearly": 0.08,
            "eps_growth_yearly": -133.33
        },
        "20094": {
            "year_quarter": 20094,
            "year": 2009,
            "quarter": 4,
            "eps": 0.01,
            "eps_growth_year": null,
            "eps_4q": 0.03,
            "eps_4q_growth_year": null,
            "roe": 0.08,
            "roe_4q": 0.27999999999999997,
            "gross_profit": 51699,
            "gross_margin": 12.81,
            "gross_margin_4q_avg": 20.1,
            "net_income": 1410,
            "revenue": 403696,
            "common_shares": 1573283,
            "book_valuer_per_share": 11.5,
            "book_valuer_per_share_4q_avg": 10.15,
            "equity": 1808856,
            "current_ratio": 264.14,
            "debt_ratio": 18.71,
            "inventory_turnover_ratio": 2.27,
            "account_receivable_turnover_ratio": 2.99,
            "reinvestment_rate": null,
            "research_to_sale_ratio": null,
            "price_fair": 0.18,
            "eps_avg_yearly": 0.06,
            "eps_latest_yearly": 0.04,
            "eps_growth_yearly": -233.33
        },
        "20101": {
            "year_quarter": 20101,
            "year": 2010,
            "quarter": 1,
            "eps": 0.04,
            "eps_growth_year": null,
            "eps_4q": 0.09,
            "eps_4q_growth_year": null,
            "roe": 0.34,
            "roe_4q": 0.8,
            "gross_profit": 52233,
            "gross_margin": 22.52,
            "gross_margin_4q_avg": 20.86,
            "net_income": 6181,
            "revenue": 231927,
            "common_shares": 1573283,
            "book_valuer_per_share": 11.52,
            "book_valuer_per_share_4q_avg": 10.82,
            "equity": 1813068,
            "current_ratio": 222.36,
            "debt_ratio": 18.74,
            "inventory_turnover_ratio": 1.11,
            "account_receivable_turnover_ratio": 0.9,
            "reinvestment_rate": null,
            "research_to_sale_ratio": 0.14,
            "price_fair": 3.27,
            "eps_avg_yearly": 0.09,
            "eps_latest_yearly": 0.16,
            "eps_growth_yearly": 244.44
        },
        "20102": {
            "year_quarter": 20102,
            "year": 2010,
            "quarter": 2,
            "eps": 0.12,
            "eps_growth_year": null,
            "eps_4q": 0.23,
            "eps_4q_growth_year": null,
            "roe": 1.04,
            "roe_4q": 1.9900000000000002,
            "gross_profit": 79859,
            "gross_margin": 20.19,
            "gross_margin_4q_avg": 22.48,
            "net_income": 19018,
            "revenue": 395477,
            "common_shares": 1573283,
            "book_valuer_per_share": 11.76,
            "book_valuer_per_share_4q_avg": 11.58,
            "equity": 1849452,
            "current_ratio": 244.06,
            "debt_ratio": 18.85,
            "inventory_turnover_ratio": 1.72,
            "account_receivable_turnover_ratio": 1.42,
            "reinvestment_rate": null,
            "research_to_sale_ratio": 0.05,
            "price_fair": 7.93,
            "eps_avg_yearly": 0.23,
            "eps_latest_yearly": 0.48,
            "eps_growth_yearly": 555.56
        },
        "20103": {
            "year_quarter": 20103,
            "year": 2010,
            "quarter": 3,
            "eps": 0.06,
            "eps_growth_year": 2.95,
            "eps_4q": 0.23,
            "eps_4q_growth_year": null,
            "roe": 0.53,
            "roe_4q": 1.9900000000000002,
            "gross_profit": 57943,
            "gross_margin": 35.94,
            "gross_margin_4q_avg": 22.87,
            "net_income": 9718,
            "revenue": 161240,
            "common_shares": 1573283,
            "book_valuer_per_share": 11.73,
            "book_valuer_per_share_4q_avg": 11.63,
            "equity": 1845395,
            "current_ratio": 203.11,
            "debt_ratio": 18.74,
            "inventory_turnover_ratio": 0.51,
            "account_receivable_turnover_ratio": 0.57,
            "reinvestment_rate": null,
            "research_to_sale_ratio": 0.3,
            "price_fair": 8.05,
            "eps_avg_yearly": 0.23,
            "eps_latest_yearly": 0.24,
            "eps_growth_yearly": 366.67
        },
        "20104": {
            "year_quarter": 20104,
            "year": 2010,
            "quarter": 4,
            "eps": 0.03,
            "eps_growth_year": 194.73,
            "eps_4q": 0.25,
            "eps_4q_growth_year": 700.37,
            "roe": 0.26,
            "roe_4q": 2.17,
            "gross_profit": 59899,
            "gross_margin": 16.19,
            "gross_margin_4q_avg": 23.71,
            "net_income": 4637,
            "revenue": 370010,
            "common_shares": 1573283,
            "book_valuer_per_share": 11.34,
            "book_valuer_per_share_4q_avg": 11.59,
            "equity": 1784052,
            "current_ratio": 204.71,
            "debt_ratio": 17.82,
            "inventory_turnover_ratio": 1.48,
            "account_receivable_turnover_ratio": 1.49,
            "reinvestment_rate": null,
            "research_to_sale_ratio": 0.16,
            "price_fair": 7.28,
            "eps_avg_yearly": 0.21,
            "eps_latest_yearly": 0.12,
            "eps_growth_yearly": 253.33
        },
        "20111": {
            "year_quarter": 20111,
            "year": 2011,
            "quarter": 1,
            "eps": -0.09,
            "eps_growth_year": -325,
            "eps_4q": 0.12,
            "eps_4q_growth_year": 30.55,
            "roe": -0.82,
            "roe_4q": 1.0100000000000002,
            "gross_profit": 36773,
            "gross_margin": 18.51,
            "gross_margin_4q_avg": 22.71,
            "net_income": -14551,
            "revenue": 198665,
            "common_shares": 1573283,
            "book_valuer_per_share": 11.31,
            "book_valuer_per_share_4q_avg": 11.54,
            "equity": 1778799,
            "current_ratio": 209.66,
            "debt_ratio": 17.44,
            "inventory_turnover_ratio": 0.78,
            "account_receivable_turnover_ratio": 0.87,
            "reinvestment_rate": null,
            "research_to_sale_ratio": 0.28,
            "price_fair": 7.28,
            "eps_avg_yearly": 0.21,
            "eps_latest_yearly": 0.12,
            "eps_growth_yearly": 253.33
        },
        "20112": {
            "year_quarter": 20112,
            "year": 2011,
            "quarter": 2,
            "eps": -0.05,
            "eps_growth_year": -142.44,
            "eps_4q": -0.05,
            "eps_4q_growth_year": -122.81,
            "roe": -0.46,
            "roe_4q": -0.49,
            "gross_profit": 28186,
            "gross_margin": 15.31,
            "gross_margin_4q_avg": 21.49,
            "net_income": -8209,
            "revenue": 184122,
            "common_shares": 1573283,
            "book_valuer_per_share": 11.15,
            "book_valuer_per_share_4q_avg": 11.38,
            "equity": 1754833,
            "current_ratio": 172.09,
            "debt_ratio": 18.8,
            "inventory_turnover_ratio": 0.81,
            "account_receivable_turnover_ratio": 0.77,
            "reinvestment_rate": null,
            "research_to_sale_ratio": 0.29,
            "price_fair": 7.28,
            "eps_avg_yearly": 0.21,
            "eps_latest_yearly": 0.12,
            "eps_growth_yearly": 253.33
        },
        "20113": {
            "year_quarter": 20113,
            "year": 2011,
            "quarter": 3,
            "eps": -0.14,
            "eps_growth_year": -323.32,
            "eps_4q": -0.25,
            "eps_4q_growth_year": -208.8,
            "roe": -1.24,
            "roe_4q": -2.26,
            "gross_profit": 30281,
            "gross_margin": 14.88,
            "gross_margin_4q_avg": 16.22,
            "net_income": -22071,
            "revenue": 203436,
            "common_shares": 1600029,
            "book_valuer_per_share": 11.2,
            "book_valuer_per_share_4q_avg": 11.25,
            "equity": 1791471,
            "current_ratio": 240.25,
            "debt_ratio": 17.85,
            "inventory_turnover_ratio": 0.91,
            "account_receivable_turnover_ratio": 0.79,
            "reinvestment_rate": null,
            "research_to_sale_ratio": 0.23,
            "price_fair": 7.28,
            "eps_avg_yearly": 0.21,
            "eps_latest_yearly": 0.12,
            "eps_growth_yearly": 253.33
        },
        "20114": {
            "year_quarter": 20114,
            "year": 2011,
            "quarter": 4,
            "eps": -0.22,
            "eps_growth_year": -848.6,
            "eps_4q": -0.5,
            "eps_4q_growth_year": -299.2,
            "roe": -1.99,
            "roe_4q": -4.51,
            "gross_profit": 30743,
            "gross_margin": 14.26,
            "gross_margin_4q_avg": 15.74,
            "net_income": -35302,
            "revenue": 215641,
            "common_shares": 1600029,
            "book_valuer_per_share": 10.98,
            "book_valuer_per_share_4q_avg": 11.16,
            "equity": 1757314,
            "current_ratio": 246.45,
            "debt_ratio": 17.36,
            "inventory_turnover_ratio": 0.91,
            "account_receivable_turnover_ratio": 0.95,
            "reinvestment_rate": null,
            "research_to_sale_ratio": 0.25,
            "price_fair": 7.28,
            "eps_avg_yearly": 0.21,
            "eps_latest_yearly": 0.12,
            "eps_growth_yearly": 253.33
        },
        "20121": {
            "year_quarter": 20121,
            "year": 2012,
            "quarter": 1,
            "eps": -0.13,
            "eps_growth_year": null,
            "eps_4q": -0.54,
            "eps_4q_growth_year": -549.92,
            "roe": -1.18,
            "roe_4q": -4.87,
            "gross_profit": 17470,
            "gross_margin": 12.61,
            "gross_margin_4q_avg": 14.27,
            "net_income": -20541,
            "revenue": 138491,
            "common_shares": 1600029,
            "book_valuer_per_share": 10.81,
            "book_valuer_per_share_4q_avg": 11.04,
            "equity": 1729946,
            "current_ratio": 248.63,
            "debt_ratio": 17.05,
            "inventory_turnover_ratio": 0.61,
            "account_receivable_turnover_ratio": 0.75,
            "reinvestment_rate": null,
            "research_to_sale_ratio": 0.54,
            "price_fair": 7.28,
            "eps_avg_yearly": 0.21,
            "eps_latest_yearly": 0.12,
            "eps_growth_yearly": 253.33
        },
        "20122": {
            "year_quarter": 20122,
            "year": 2012,
            "quarter": 2,
            "eps": -0.12,
            "eps_growth_year": null,
            "eps_4q": -0.61,
            "eps_4q_growth_year": null,
            "roe": -1.16,
            "roe_4q": -5.57,
            "gross_profit": 30410,
            "gross_margin": 19.71,
            "gross_margin_4q_avg": 15.37,
            "net_income": -19955,
            "revenue": 154281,
            "common_shares": 1600029,
            "book_valuer_per_share": 10.76,
            "book_valuer_per_share_4q_avg": 10.94,
            "equity": 1721418,
            "current_ratio": 209.02,
            "debt_ratio": 16.68,
            "inventory_turnover_ratio": 0.66,
            "account_receivable_turnover_ratio": 0.92,
            "reinvestment_rate": null,
            "research_to_sale_ratio": 0.3,
            "price_fair": 7.28,
            "eps_avg_yearly": 0.21,
            "eps_latest_yearly": 0.12,
            "eps_growth_yearly": 253.33
        },
        "20123": {
            "year_quarter": 20123,
            "year": 2012,
            "quarter": 3,
            "eps": -0.12,
            "eps_growth_year": null,
            "eps_4q": -0.59,
            "eps_4q_growth_year": null,
            "roe": -1.13,
            "roe_4q": -5.46,
            "gross_profit": 12421,
            "gross_margin": 6.17,
            "gross_margin_4q_avg": 13.19,
            "net_income": -19232,
            "revenue": 201374,
            "common_shares": 1600029,
            "book_valuer_per_share": 10.53,
            "book_valuer_per_share_4q_avg": 10.77,
            "equity": 1685025,
            "current_ratio": 159.08,
            "debt_ratio": 18.97,
            "inventory_turnover_ratio": 1.06,
            "account_receivable_turnover_ratio": 1.24,
            "reinvestment_rate": null,
            "research_to_sale_ratio": 0.24,
            "price_fair": 7.28,
            "eps_avg_yearly": 0.21,
            "eps_latest_yearly": 0.12,
            "eps_growth_yearly": 253.33
        },
        "20124": {
            "year_quarter": 20124,
            "year": 2012,
            "quarter": 4,
            "eps": -0.75,
            "eps_growth_year": null,
            "eps_4q": -1.13,
            "eps_4q_growth_year": null,
            "roe": -7.43,
            "roe_4q": -10.899999999999999,
            "gross_profit": 2032,
            "gross_margin": 2.29,
            "gross_margin_4q_avg": 10.2,
            "net_income": -120291,
            "revenue": 88874,
            "common_shares": 1600029,
            "book_valuer_per_share": 9.7,
            "book_valuer_per_share_4q_avg": 10.45,
            "equity": 1552804,
            "current_ratio": 112.33,
            "debt_ratio": 23.42,
            "inventory_turnover_ratio": 0.52,
            "account_receivable_turnover_ratio": 0.62,
            "reinvestment_rate": null,
            "research_to_sale_ratio": 0.47,
            "price_fair": 7.28,
            "eps_avg_yearly": 0.21,
            "eps_latest_yearly": 0.12,
            "eps_growth_yearly": 253.33
        },
        "20131": {
            "year_quarter": 20131,
            "year": 2013,
            "quarter": 1,
            "eps": -0.1,
            "eps_growth_year": null,
            "eps_4q": -1.1,
            "eps_4q_growth_year": null,
            "roe": -1.04,
            "roe_4q": -10.759999999999998,
            "gross_profit": 31237,
            "gross_margin": 22.2,
            "gross_margin_4q_avg": 12.59,
            "net_income": -16186,
            "revenue": 140715,
            "common_shares": 1600029,
            "book_valuer_per_share": 9.8,
            "book_valuer_per_share_4q_avg": 10.2,
            "equity": 1567345,
            "current_ratio": 121.78,
            "debt_ratio": 23.47,
            "inventory_turnover_ratio": 0.69,
            "account_receivable_turnover_ratio": 1.25,
            "reinvestment_rate": null,
            "research_to_sale_ratio": 0.3,
            "price_fair": 7.28,
            "eps_avg_yearly": 0.21,
            "eps_latest_yearly": 0.12,
            "eps_growth_yearly": 253.33
        },
        "20132": {
            "year_quarter": 20132,
            "year": 2013,
            "quarter": 2,
            "eps": 0.11,
            "eps_growth_year": null,
            "eps_4q": -0.86,
            "eps_4q_growth_year": null,
            "roe": 1.13,
            "roe_4q": -8.469999999999999,
            "gross_profit": 33875,
            "gross_margin": 20.68,
            "gross_margin_4q_avg": 12.84,
            "net_income": 17819,
            "revenue": 163812,
            "common_shares": 1600029,
            "book_valuer_per_share": 9.96,
            "book_valuer_per_share_4q_avg": 10,
            "equity": 1593972,
            "current_ratio": 120.9,
            "debt_ratio": 23.08,
            "inventory_turnover_ratio": 0.79,
            "account_receivable_turnover_ratio": 1.48,
            "reinvestment_rate": null,
            "research_to_sale_ratio": 0.22,
            "price_fair": 7.28,
            "eps_avg_yearly": 0.21,
            "eps_latest_yearly": 0.12,
            "eps_growth_yearly": 253.33
        },
        "20133": {
            "year_quarter": 20133,
            "year": 2013,
            "quarter": 3,
            "eps": -0.11,
            "eps_growth_year": null,
            "eps_4q": -0.85,
            "eps_4q_growth_year": null,
            "roe": -1.07,
            "roe_4q": -8.41,
            "gross_profit": 23770,
            "gross_margin": 14.01,
            "gross_margin_4q_avg": 14.8,
            "net_income": -16957,
            "revenue": 169645,
            "common_shares": 1600029,
            "book_valuer_per_share": 9.82,
            "book_valuer_per_share_4q_avg": 9.82,
            "equity": 1571293,
            "current_ratio": 107.98,
            "debt_ratio": 22.75,
            "inventory_turnover_ratio": 0.88,
            "account_receivable_turnover_ratio": 1.41,
            "reinvestment_rate": null,
            "research_to_sale_ratio": 0.22,
            "price_fair": 7.28,
            "eps_avg_yearly": 0.21,
            "eps_latest_yearly": 0.12,
            "eps_growth_yearly": 253.33
        },
        "20134": {
            "year_quarter": 20134,
            "year": 2013,
            "quarter": 4,
            "eps": 0.26,
            "eps_growth_year": null,
            "eps_4q": 0.16,
            "eps_4q_growth_year": null,
            "roe": 2.57,
            "roe_4q": 1.5899999999999999,
            "gross_profit": -450,
            "gross_margin": -0.3,
            "gross_margin_4q_avg": 14.15,
            "net_income": 41083,
            "revenue": 150424,
            "common_shares": 1600029,
            "book_valuer_per_share": 10.13,
            "book_valuer_per_share_4q_avg": 9.93,
            "equity": 1620052,
            "current_ratio": 112.29,
            "debt_ratio": 24.35,
            "inventory_turnover_ratio": 0.9,
            "account_receivable_turnover_ratio": 1.24,
            "reinvestment_rate": null,
            "research_to_sale_ratio": 0.25,
            "price_fair": 8.75,
            "eps_avg_yearly": 0.25,
            "eps_latest_yearly": 0.12,
            "eps_growth_yearly": 400
        },
        "20141": {
            "year_quarter": 20141,
            "year": 2014,
            "quarter": 1,
            "eps": -0.12,
            "eps_growth_year": null,
            "eps_4q": 0.14,
            "eps_4q_growth_year": null,
            "roe": -1.2,
            "roe_4q": 1.4299999999999997,
            "gross_profit": 28258,
            "gross_margin": 16.67,
            "gross_margin_4q_avg": 12.77,
            "net_income": -19396,
            "revenue": 169528,
            "common_shares": 1600029,
            "book_valuer_per_share": 10.07,
            "book_valuer_per_share_4q_avg": 10,
            "equity": 1610843,
            "current_ratio": 129.2,
            "debt_ratio": 22.66,
            "inventory_turnover_ratio": 0.89,
            "account_receivable_turnover_ratio": 1.47,
            "reinvestment_rate": null,
            "research_to_sale_ratio": 0.27,
            "price_fair": 9.8,
            "eps_avg_yearly": 0.28,
            "eps_latest_yearly": 0.12,
            "eps_growth_yearly": 133.33
        },
        "20142": {
            "year_quarter": 20142,
            "year": 2014,
            "quarter": 2,
            "eps": -0.04,
            "eps_growth_year": -136.36,
            "eps_4q": -0.01,
            "eps_4q_growth_year": null,
            "roe": -0.39,
            "roe_4q": -0.09000000000000008,
            "gross_profit": 36744,
            "gross_margin": 27.72,
            "gross_margin_4q_avg": 14.53,
            "net_income": -6244,
            "revenue": 132560,
            "common_shares": 1600029,
            "book_valuer_per_share": 9.92,
            "book_valuer_per_share_4q_avg": 9.99,
            "equity": 1587482,
            "current_ratio": 127.12,
            "debt_ratio": 20.66,
            "inventory_turnover_ratio": 0.67,
            "account_receivable_turnover_ratio": 1.24,
            "reinvestment_rate": null,
            "research_to_sale_ratio": 0.28,
            "price_fair": 0.54,
            "eps_avg_yearly": 0.18,
            "eps_latest_yearly": 0.12,
            "eps_growth_yearly": -200
        },
        "20143": {
            "year_quarter": 20143,
            "year": 2014,
            "quarter": 3,
            "eps": 0.06,
            "eps_growth_year": null,
            "eps_4q": 0.16,
            "eps_4q_growth_year": null,
            "roe": 0.62,
            "roe_4q": 1.5999999999999999,
            "gross_profit": 54316,
            "gross_margin": 31.11,
            "gross_margin_4q_avg": 18.8,
            "net_income": 9944,
            "revenue": 174573,
            "common_shares": 1600029,
            "book_valuer_per_share": 10.06,
            "book_valuer_per_share_4q_avg": 10.05,
            "equity": 1609485,
            "current_ratio": 138.05,
            "debt_ratio": 20.05,
            "inventory_turnover_ratio": 0.88,
            "account_receivable_turnover_ratio": 1.38,
            "reinvestment_rate": null,
            "research_to_sale_ratio": 0.23,
            "price_fair": 0.36,
            "eps_avg_yearly": 0.12,
            "eps_latest_yearly": 0.12,
            "eps_growth_yearly": -200
        },
        "20144": {
            "year_quarter": 20144,
            "year": 2014,
            "quarter": 4,
            "eps": 0.84,
            "eps_growth_year": 226.75,
            "eps_4q": 0.74,
            "eps_4q_growth_year": 360.69,
            "roe": 8,
            "roe_4q": 7.0299999999999985,
            "gross_profit": 32737,
            "gross_margin": 23.78,
            "gross_margin_4q_avg": 24.82,
            "net_income": 135330,
            "revenue": 137650,
            "common_shares": 1613029,
            "book_valuer_per_share": 10.99,
            "book_valuer_per_share_4q_avg": 10.26,
            "equity": 1773154,
            "current_ratio": 229.41,
            "debt_ratio": 17.89,
            "inventory_turnover_ratio": 0.84,
            "account_receivable_turnover_ratio": 0.47,
            "reinvestment_rate": null,
            "research_to_sale_ratio": 0.36,
            "price_fair": 117.6,
            "eps_avg_yearly": 3.36,
            "eps_latest_yearly": 3.36,
            "eps_growth_yearly": 5200
        },
        "20151": {
            "year_quarter": 20151,
            "year": 2015,
            "quarter": 1,
            "eps": -0.1,
            "eps_growth_year": null,
            "eps_4q": 0.76,
            "eps_4q_growth_year": 441.24,
            "roe": -0.91,
            "roe_4q": 7.32,
            "gross_profit": 30447,
            "gross_margin": 26.12,
            "gross_margin_4q_avg": 27.18,
            "net_income": -15993,
            "revenue": 116558,
            "common_shares": 1613029,
            "book_valuer_per_share": 10.85,
            "book_valuer_per_share_4q_avg": 10.46,
            "equity": 1750278,
            "current_ratio": 232.13,
            "debt_ratio": 17.21,
            "inventory_turnover_ratio": 0.66,
            "account_receivable_turnover_ratio": 0.29,
            "reinvestment_rate": null,
            "research_to_sale_ratio": 0.44,
            "price_fair": 117.6,
            "eps_avg_yearly": 3.36,
            "eps_latest_yearly": 3.36,
            "eps_growth_yearly": 5200
        },
        "20152": {
            "year_quarter": 20152,
            "year": 2015,
            "quarter": 2,
            "eps": 0,
            "eps_growth_year": null,
            "eps_4q": 0.78,
            "eps_4q_growth_year": null,
            "roe": 0,
            "roe_4q": 7.71,
            "gross_profit": 40862,
            "gross_margin": 31.66,
            "gross_margin_4q_avg": 28.17,
            "net_income": 48,
            "revenue": 129060,
            "common_shares": 1613029,
            "book_valuer_per_share": 10.45,
            "book_valuer_per_share_4q_avg": 10.59,
            "equity": 1686419,
            "current_ratio": 185.77,
            "debt_ratio": 21.01,
            "inventory_turnover_ratio": 0.61,
            "account_receivable_turnover_ratio": 0.34,
            "reinvestment_rate": null,
            "research_to_sale_ratio": 0.71,
            "price_fair": 117.6,
            "eps_avg_yearly": 3.36,
            "eps_latest_yearly": 3.36,
            "eps_growth_yearly": 5200
        },
        "20153": {
            "year_quarter": 20153,
            "year": 2015,
            "quarter": 3,
            "eps": 0.11,
            "eps_growth_year": 83.33,
            "eps_4q": 0.83,
            "eps_4q_growth_year": 424.95,
            "roe": 1.06,
            "roe_4q": 8.15,
            "gross_profit": 42748,
            "gross_margin": 31.58,
            "gross_margin_4q_avg": 28.29,
            "net_income": 18016,
            "revenue": 135375,
            "common_shares": 1663029,
            "book_valuer_per_share": 10.38,
            "book_valuer_per_share_4q_avg": 10.67,
            "equity": 1726892,
            "current_ratio": 227.3,
            "debt_ratio": 16.28,
            "inventory_turnover_ratio": 0.66,
            "account_receivable_turnover_ratio": 0.41,
            "reinvestment_rate": null,
            "research_to_sale_ratio": 0.77,
            "price_fair": 117.6,
            "eps_avg_yearly": 3.36,
            "eps_latest_yearly": 3.36,
            "eps_growth_yearly": 5200
        },
        "20154": {
            "year_quarter": 20154,
            "year": 2015,
            "quarter": 4,
            "eps": 0.02,
            "eps_growth_year": -97.9,
            "eps_4q": 0.03,
            "eps_4q_growth_year": -95.94,
            "roe": 0.17,
            "roe_4q": 0.31999999999999995,
            "gross_profit": 38811,
            "gross_margin": 29.69,
            "gross_margin_4q_avg": 29.76,
            "net_income": 2932,
            "revenue": 130711,
            "common_shares": 1663029,
            "book_valuer_per_share": 10.33,
            "book_valuer_per_share_4q_avg": 10.5,
            "equity": 1718660,
            "current_ratio": 188.75,
            "debt_ratio": 16.69,
            "inventory_turnover_ratio": 0.7,
            "account_receivable_turnover_ratio": 0.67,
            "reinvestment_rate": null,
            "research_to_sale_ratio": 1.1,
            "price_fair": 60.2,
            "eps_avg_yearly": 1.72,
            "eps_latest_yearly": 0.08,
            "eps_growth_yearly": 2436.36
        },
        "20161": {
            "year_quarter": 20161,
            "year": 2016,
            "quarter": 1,
            "eps": 0.05,
            "eps_growth_year": null,
            "eps_4q": 0.18,
            "eps_4q_growth_year": -76.5,
            "roe": 0.51,
            "roe_4q": 1.7400000000000002,
            "gross_profit": 34258,
            "gross_margin": 27,
            "gross_margin_4q_avg": 29.98,
            "net_income": 8812,
            "revenue": 126865,
            "common_shares": 1663029,
            "book_valuer_per_share": 10.33,
            "book_valuer_per_share_4q_avg": 10.37,
            "equity": 1718112,
            "current_ratio": 170.87,
            "debt_ratio": 15.88,
            "inventory_turnover_ratio": 0.72,
            "account_receivable_turnover_ratio": 1.1,
            "reinvestment_rate": null,
            "research_to_sale_ratio": 0.61,
            "price_fair": 42.47,
            "eps_avg_yearly": 1.21,
            "eps_latest_yearly": 0.2,
            "eps_growth_yearly": 1824.24
        },
        "20162": {
            "year_quarter": 20162,
            "year": 2016,
            "quarter": 2,
            "eps": 0.06,
            "eps_growth_year": null,
            "eps_4q": 0.24,
            "eps_4q_growth_year": -69.52,
            "roe": 0.56,
            "roe_4q": 2.3,
            "gross_profit": 44530,
            "gross_margin": 32.37,
            "gross_margin_4q_avg": 30.16,
            "net_income": 9664,
            "revenue": 137559,
            "common_shares": 1663029,
            "book_valuer_per_share": 10.24,
            "book_valuer_per_share_4q_avg": 10.32,
            "equity": 1703514,
            "current_ratio": 165.3,
            "debt_ratio": 16.37,
            "inventory_turnover_ratio": 0.77,
            "account_receivable_turnover_ratio": 1.16,
            "reinvestment_rate": -2076.33,
            "research_to_sale_ratio": 0.59,
            "price_fair": 33.95,
            "eps_avg_yearly": 0.97,
            "eps_latest_yearly": 0.24,
            "eps_growth_yearly": 1388.18
        },
        "20163": {
            "year_quarter": 20163,
            "year": 2016,
            "quarter": 3,
            "eps": -0.01,
            "eps_growth_year": -109.09,
            "eps_4q": 0.11,
            "eps_4q_growth_year": -86.12,
            "roe": -0.14,
            "roe_4q": 1.1,
            "gross_profit": 34310,
            "gross_margin": 26.56,
            "gross_margin_4q_avg": 28.91,
            "net_income": -2337,
            "revenue": 129181,
            "common_shares": 1663029,
            "book_valuer_per_share": 10.09,
            "book_valuer_per_share_4q_avg": 10.25,
            "equity": 1678196,
            "current_ratio": 162.19,
            "debt_ratio": 16.52,
            "inventory_turnover_ratio": 0.87,
            "account_receivable_turnover_ratio": 1.06,
            "reinvestment_rate": -3335.33,
            "research_to_sale_ratio": 0.7,
            "price_fair": 33.95,
            "eps_avg_yearly": 0.97,
            "eps_latest_yearly": 0.24,
            "eps_growth_yearly": 1388.18
        },
        "20164": {
            "year_quarter": 20164,
            "year": 2016,
            "quarter": 4,
            "eps": -0.01,
            "eps_growth_year": -177.25,
            "eps_4q": 0.08,
            "eps_4q_growth_year": 177.31,
            "roe": -0.13,
            "roe_4q": 0.8,
            "gross_profit": 43621,
            "gross_margin": 35.05,
            "gross_margin_4q_avg": 30.25,
            "net_income": -2265,
            "revenue": 124446,
            "common_shares": 1663029,
            "book_valuer_per_share": 10.1,
            "book_valuer_per_share_4q_avg": 10.19,
            "equity": 1678979,
            "current_ratio": 156.11,
            "debt_ratio": 20.9,
            "inventory_turnover_ratio": 0.79,
            "account_receivable_turnover_ratio": 1.06,
            "reinvestment_rate": -873.6,
            "research_to_sale_ratio": 1.06,
            "price_fair": 33.95,
            "eps_avg_yearly": 0.97,
            "eps_latest_yearly": 0.24,
            "eps_growth_yearly": 1388.18
        },
        "20171": {
            "year_quarter": 20171,
            "year": 2017,
            "quarter": 1,
            "eps": -0.1,
            "eps_growth_year": -300,
            "eps_4q": -0.07,
            "eps_4q_growth_year": -139.76,
            "roe": -1.03,
            "roe_4q": -0.7400000000000002,
            "gross_profit": 33981,
            "gross_margin": 32.74,
            "gross_margin_4q_avg": 31.68,
            "net_income": -16915,
            "revenue": 103793,
            "common_shares": 1663029,
            "book_valuer_per_share": 9.69,
            "book_valuer_per_share_4q_avg": 10.03,
            "equity": 1611984,
            "current_ratio": 151.35,
            "debt_ratio": 19.65,
            "inventory_turnover_ratio": 0.68,
            "account_receivable_turnover_ratio": 1,
            "reinvestment_rate": -315.62,
            "research_to_sale_ratio": 1.5,
            "price_fair": 33.95,
            "eps_avg_yearly": 0.97,
            "eps_latest_yearly": 0.24,
            "eps_growth_yearly": 1388.18
        },
        "20172": {
            "year_quarter": 20172,
            "year": 2017,
            "quarter": 2,
            "eps": -0.05,
            "eps_growth_year": -183.33,
            "eps_4q": -0.18,
            "eps_4q_growth_year": -174.26,
            "roe": -0.48,
            "roe_4q": -1.7800000000000002,
            "gross_profit": 35683,
            "gross_margin": 34.6,
            "gross_margin_4q_avg": 32.24,
            "net_income": -7760,
            "revenue": 103117,
            "common_shares": 1663029,
            "book_valuer_per_share": 9.69,
            "book_valuer_per_share_4q_avg": 9.89,
            "equity": 1611476,
            "current_ratio": 128.37,
            "debt_ratio": 26.83,
            "inventory_turnover_ratio": 0.68,
            "account_receivable_turnover_ratio": 1.08,
            "reinvestment_rate": -376.97,
            "research_to_sale_ratio": 1.27,
            "price_fair": 33.95,
            "eps_avg_yearly": 0.97,
            "eps_latest_yearly": 0.24,
            "eps_growth_yearly": 1388.18
        },
        "20173": {
            "year_quarter": 20173,
            "year": 2017,
            "quarter": 3,
            "eps": -0.03,
            "eps_growth_year": null,
            "eps_4q": -0.19,
            "eps_4q_growth_year": -266.8,
            "roe": -0.3,
            "roe_4q": -1.94,
            "gross_profit": 34788,
            "gross_margin": 31.37,
            "gross_margin_4q_avg": 33.44,
            "net_income": -4870,
            "revenue": 110900,
            "common_shares": 1663029,
            "book_valuer_per_share": 9.74,
            "book_valuer_per_share_4q_avg": 9.81,
            "equity": 1619072,
            "current_ratio": 124.36,
            "debt_ratio": 18,
            "inventory_turnover_ratio": 0.75,
            "account_receivable_turnover_ratio": 1.1,
            "reinvestment_rate": -329.04,
            "research_to_sale_ratio": 1.1,
            "price_fair": 33.95,
            "eps_avg_yearly": 0.97,
            "eps_latest_yearly": 0.24,
            "eps_growth_yearly": 1388.18
        },
        "20174": {
            "year_quarter": 20174,
            "year": 2017,
            "quarter": 4,
            "eps": -0.03,
            "eps_growth_year": null,
            "eps_4q": -0.2,
            "eps_4q_growth_year": -344.98,
            "roe": -0.27,
            "roe_4q": -2.08,
            "gross_profit": 41658,
            "gross_margin": 31.6,
            "gross_margin_4q_avg": 32.58,
            "net_income": -4444,
            "revenue": 131831,
            "common_shares": 1663029,
            "book_valuer_per_share": 9.76,
            "book_valuer_per_share_4q_avg": 9.72,
            "equity": 1623242,
            "current_ratio": 155.79,
            "debt_ratio": 17.8,
            "inventory_turnover_ratio": 0.84,
            "account_receivable_turnover_ratio": 1.2,
            "reinvestment_rate": 183.2,
            "research_to_sale_ratio": 1.03,
            "price_fair": 33.95,
            "eps_avg_yearly": 0.97,
            "eps_latest_yearly": 0.24,
            "eps_growth_yearly": 1388.18
        },
        "20181": {
            "year_quarter": 20181,
            "year": 2018,
            "quarter": 1,
            "eps": -0.08,
            "eps_growth_year": null,
            "eps_4q": -0.18,
            "eps_4q_growth_year": null,
            "roe": -0.8,
            "roe_4q": -1.85,
            "gross_profit": 35159,
            "gross_margin": 29.7,
            "gross_margin_4q_avg": 31.82,
            "net_income": -13000,
            "revenue": 118391,
            "common_shares": 1663029,
            "book_valuer_per_share": 9.74,
            "book_valuer_per_share_4q_avg": 9.73,
            "equity": 1620060,
            "current_ratio": 136.02,
            "debt_ratio": 19.26,
            "inventory_turnover_ratio": 0.76,
            "account_receivable_turnover_ratio": 1.08,
            "reinvestment_rate": 166.29,
            "research_to_sale_ratio": 1,
            "price_fair": 33.95,
            "eps_avg_yearly": 0.97,
            "eps_latest_yearly": 0.24,
            "eps_growth_yearly": 1388.18
        },
        "20182": {
            "year_quarter": 20182,
            "year": 2018,
            "quarter": 2,
            "eps": 0.1,
            "eps_growth_year": null,
            "eps_4q": -0.04,
            "eps_4q_growth_year": null,
            "roe": 1.01,
            "roe_4q": -0.36000000000000004,
            "gross_profit": 38481,
            "gross_margin": 27.34,
            "gross_margin_4q_avg": 30,
            "net_income": 16399,
            "revenue": 140740,
            "common_shares": 1663029,
            "book_valuer_per_share": 9.79,
            "book_valuer_per_share_4q_avg": 9.76,
            "equity": 1627323,
            "current_ratio": 137.54,
            "debt_ratio": 20.04,
            "inventory_turnover_ratio": 0.89,
            "account_receivable_turnover_ratio": 1.3,
            "reinvestment_rate": 123.31,
            "research_to_sale_ratio": 0.9,
            "price_fair": 33.95,
            "eps_avg_yearly": 0.97,
            "eps_latest_yearly": 0.24,
            "eps_growth_yearly": 1388.18
        },
        "20183": {
            "year_quarter": 20183,
            "year": 2018,
            "quarter": 3,
            "eps": 0.1,
            "eps_growth_year": null,
            "eps_4q": 0.1,
            "eps_4q_growth_year": null,
            "roe": 1.07,
            "roe_4q": 1.01,
            "gross_profit": 49674,
            "gross_margin": 38.03,
            "gross_margin_4q_avg": 31.67,
            "net_income": 17440,
            "revenue": 130604,
            "common_shares": 1663029,
            "book_valuer_per_share": 9.85,
            "book_valuer_per_share_4q_avg": 9.79,
            "equity": 1638104,
            "current_ratio": 154.53,
            "debt_ratio": 18.22,
            "inventory_turnover_ratio": 0.64,
            "account_receivable_turnover_ratio": 1.12,
            "reinvestment_rate": 64.21,
            "research_to_sale_ratio": 0.84,
            "price_fair": 29.96,
            "eps_avg_yearly": 0.86,
            "eps_latest_yearly": 0.4,
            "eps_growth_yearly": 1110.55
        },
        "20184": {
            "year_quarter": 20184,
            "year": 2018,
            "quarter": 4,
            "eps": 0.04,
            "eps_growth_year": null,
            "eps_4q": 0.17,
            "eps_4q_growth_year": null,
            "roe": 0.41,
            "roe_4q": 1.6900000000000002,
            "gross_profit": 53470,
            "gross_margin": 40.93,
            "gross_margin_4q_avg": 34,
            "net_income": 6814,
            "revenue": 130636,
            "common_shares": 1663029,
            "book_valuer_per_share": 9.95,
            "book_valuer_per_share_4q_avg": 9.83,
            "equity": 1654997,
            "current_ratio": 166.92,
            "debt_ratio": 16.86,
            "inventory_turnover_ratio": 0.58,
            "account_receivable_turnover_ratio": 1.08,
            "reinvestment_rate": 311.53,
            "research_to_sale_ratio": 0.8,
            "price_fair": 7.03,
            "eps_avg_yearly": 0.22,
            "eps_latest_yearly": 0.16,
            "eps_growth_yearly": 22.55
        },
        "20191": {
            "year_quarter": 20191,
            "year": 2019,
            "quarter": 1,
            "eps": -0.02,
            "eps_growth_year": null,
            "eps_4q": 0.22,
            "eps_4q_growth_year": null,
            "roe": -0.2,
            "roe_4q": 2.29,
            "gross_profit": 41062,
            "gross_margin": 37.03,
            "gross_margin_4q_avg": 35.83,
            "net_income": -3322,
            "revenue": 110893,
            "common_shares": 1663029,
            "book_valuer_per_share": 9.9,
            "book_valuer_per_share_4q_avg": 9.87,
            "equity": 1645675,
            "current_ratio": 171.94,
            "debt_ratio": 16.38,
            "inventory_turnover_ratio": 0.52,
            "account_receivable_turnover_ratio": 0.99,
            "reinvestment_rate": 29.66,
            "research_to_sale_ratio": 1.12,
            "price_fair": 7.03,
            "eps_avg_yearly": 0.22,
            "eps_latest_yearly": 0.16,
            "eps_growth_yearly": 22.55
        },
        "20192": {
            "year_quarter": 20192,
            "year": 2019,
            "quarter": 2,
            "eps": 0.08,
            "eps_growth_year": -20,
            "eps_4q": 0.21,
            "eps_4q_growth_year": null,
            "roe": 0.85,
            "roe_4q": 2.13,
            "gross_profit": 44062,
            "gross_margin": 32.1,
            "gross_margin_4q_avg": 37.02,
            "net_income": 14083,
            "revenue": 137274,
            "common_shares": 1663029,
            "book_valuer_per_share": 9.92,
            "book_valuer_per_share_4q_avg": 9.91,
            "equity": 1649082,
            "current_ratio": 174.72,
            "debt_ratio": 16.63,
            "inventory_turnover_ratio": 0.68,
            "account_receivable_turnover_ratio": 1.21,
            "reinvestment_rate": -23.7,
            "research_to_sale_ratio": 0.88,
            "price_fair": 7.03,
            "eps_avg_yearly": 0.22,
            "eps_latest_yearly": 0.16,
            "eps_growth_yearly": 22.55
        },
        "20193": {
            "year_quarter": 20193,
            "year": 2019,
            "quarter": 3,
            "eps": 0.02,
            "eps_growth_year": -80,
            "eps_4q": 0.12,
            "eps_4q_growth_year": 24.26,
            "roe": 0.17,
            "roe_4q": 1.23,
            "gross_profit": 35131,
            "gross_margin": 28.78,
            "gross_margin_4q_avg": 34.71,
            "net_income": 2797,
            "revenue": 122060,
            "common_shares": 1663029,
            "book_valuer_per_share": 9.81,
            "book_valuer_per_share_4q_avg": 9.9,
            "equity": 1631296,
            "current_ratio": 170.04,
            "debt_ratio": 17.45,
            "inventory_turnover_ratio": 0.66,
            "account_receivable_turnover_ratio": 1.01,
            "reinvestment_rate": -68.92,
            "research_to_sale_ratio": 4.37,
            "price_fair": 0.58,
            "eps_avg_yearly": 0.19,
            "eps_latest_yearly": 0.08,
            "eps_growth_yearly": -31.21
        },
        "20194": {
            "year_quarter": 20194,
            "year": 2019,
            "quarter": 4,
            "eps": -0.08,
            "eps_growth_year": -292.5,
            "eps_4q": 0,
            "eps_4q_growth_year": -98.41,
            "roe": -0.81,
            "roe_4q": 0.009999999999999953,
            "gross_profit": 31553,
            "gross_margin": 24.64,
            "gross_margin_4q_avg": 30.64,
            "net_income": -13117,
            "revenue": 128057,
            "common_shares": 1663029,
            "book_valuer_per_share": 9.72,
            "book_valuer_per_share_4q_avg": 9.84,
            "equity": 1616498,
            "current_ratio": 167.71,
            "debt_ratio": 17.17,
            "inventory_turnover_ratio": 0.77,
            "account_receivable_turnover_ratio": 1.13,
            "reinvestment_rate": -392.1,
            "research_to_sale_ratio": 2.2,
            "price_fair": 7.56,
            "eps_avg_yearly": 0.22,
            "eps_latest_yearly": 0.08,
            "eps_growth_yearly": 28
        },
        "20201": {
            "year_quarter": 20201,
            "year": 2020,
            "quarter": 1,
            "eps": -0.09,
            "eps_growth_year": null,
            "eps_4q": -0.07,
            "eps_4q_growth_year": -131.85,
            "roe": -0.97,
            "roe_4q": -0.7600000000000001,
            "gross_profit": 21108,
            "gross_margin": 21.34,
            "gross_margin_4q_avg": 26.72,
            "net_income": -15652,
            "revenue": 98912,
            "common_shares": 1663029,
            "book_valuer_per_share": 9.59,
            "book_valuer_per_share_4q_avg": 9.76,
            "equity": 1595119,
            "current_ratio": 160.82,
            "debt_ratio": 17.62,
            "inventory_turnover_ratio": 0.66,
            "account_receivable_turnover_ratio": 0.99,
            "reinvestment_rate": null,
            "research_to_sale_ratio": 3.26,
            "price_fair": 0.66,
            "eps_avg_yearly": 0.22,
            "eps_latest_yearly": 0.08,
            "eps_growth_yearly": -115
        },
        "20202": {
            "year_quarter": 20202,
            "year": 2020,
            "quarter": 2,
            "eps": 0.01,
            "eps_growth_year": -87.5,
            "eps_4q": -0.15,
            "eps_4q_growth_year": -169.67,
            "roe": 0.1,
            "roe_4q": -1.5100000000000002,
            "gross_profit": 42229,
            "gross_margin": 30.39,
            "gross_margin_4q_avg": 26.29,
            "net_income": 1577,
            "revenue": 138969,
            "common_shares": 1663029,
            "book_valuer_per_share": 9.58,
            "book_valuer_per_share_4q_avg": 9.68,
            "equity": 1592577,
            "current_ratio": 152.07,
            "debt_ratio": 19.14,
            "inventory_turnover_ratio": 0.81,
            "account_receivable_turnover_ratio": 1.37,
            "reinvestment_rate": null,
            "research_to_sale_ratio": 2.01,
            "price_fair": 0.64,
            "eps_avg_yearly": 0.21,
            "eps_latest_yearly": 0.08,
            "eps_growth_yearly": -180
        },
        "20203": {
            "year_quarter": 20203,
            "year": 2020,
            "quarter": 3,
            "eps": 0.21,
            "eps_growth_year": 950,
            "eps_4q": 0.05,
            "eps_4q_growth_year": -58.21,
            "roe": 2.21,
            "roe_4q": 0.53,
            "gross_profit": 85053,
            "gross_margin": 41.96,
            "gross_margin_4q_avg": 29.58,
            "net_income": 35706,
            "revenue": 202715,
            "common_shares": 1663029,
            "book_valuer_per_share": 9.87,
            "book_valuer_per_share_4q_avg": 9.69,
            "equity": 1641467,
            "current_ratio": 139.6,
            "debt_ratio": 25.42,
            "inventory_turnover_ratio": 0.96,
            "account_receivable_turnover_ratio": 1.63,
            "reinvestment_rate": -28.71,
            "research_to_sale_ratio": 1.46,
            "price_fair": 12.95,
            "eps_avg_yearly": 0.37,
            "eps_latest_yearly": 0.84,
            "eps_growth_yearly": 1865
        },
        "20204": {
            "year_quarter": 20204,
            "year": 2020,
            "quarter": 4,
            "eps": 0.51,
            "eps_growth_year": null,
            "eps_4q": 0.64,
            "eps_4q_growth_year": 23851.81,
            "roe": 4.97,
            "roe_4q": 6.31,
            "gross_profit": 146654,
            "gross_margin": 46.01,
            "gross_margin_4q_avg": 34.93,
            "net_income": 84005,
            "revenue": 318762,
            "common_shares": 1663029,
            "book_valuer_per_share": 10.46,
            "book_valuer_per_share_4q_avg": 9.88,
            "equity": 1738886,
            "current_ratio": 181.35,
            "debt_ratio": 18.99,
            "inventory_turnover_ratio": 1.38,
            "account_receivable_turnover_ratio": 2.3,
            "reinvestment_rate": 27.94,
            "research_to_sale_ratio": 1,
            "price_fair": 24.64,
            "eps_avg_yearly": 0.7,
            "eps_latest_yearly": 2.04,
            "eps_growth_yearly": 1606.29
        },
        "20211": {
            "year_quarter": 20211,
            "year": 2021,
            "quarter": 1,
            "eps": 0.03,
            "eps_growth_year": null,
            "eps_4q": 0.76,
            "eps_4q_growth_year": null,
            "roe": 0.28,
            "roe_4q": 7.56,
            "gross_profit": 45614,
            "gross_margin": 27.87,
            "gross_margin_4q_avg": 36.56,
            "net_income": 4796,
            "revenue": 163693,
            "common_shares": 1663029,
            "book_valuer_per_share": 10.19,
            "book_valuer_per_share_4q_avg": 10.03,
            "equity": 1694484,
            "current_ratio": 161.67,
            "debt_ratio": 19.03,
            "inventory_turnover_ratio": 0.88,
            "account_receivable_turnover_ratio": 1.17,
            "reinvestment_rate": 48.04,
            "research_to_sale_ratio": 1.73,
            "price_fair": 21.23,
            "eps_avg_yearly": 0.61,
            "eps_latest_yearly": 0.12,
            "eps_growth_yearly": 1275.83
        },
        "20212": {
            "year_quarter": 20212,
            "year": 2021,
            "quarter": 2,
            "eps": 0.15,
            "eps_growth_year": 1400,
            "eps_4q": 0.9,
            "eps_4q_growth_year": null,
            "roe": 1.48,
            "roe_4q": 8.94,
            "gross_profit": 68590,
            "gross_margin": 34.99,
            "gross_margin_4q_avg": 37.71,
            "net_income": 25392,
            "revenue": 196045,
            "common_shares": 1663029,
            "book_valuer_per_share": 10.44,
            "book_valuer_per_share_4q_avg": 10.24,
            "equity": 1736928,
            "current_ratio": 175.86,
            "debt_ratio": 19.05,
            "inventory_turnover_ratio": 0.88,
            "account_receivable_turnover_ratio": 1.33,
            "reinvestment_rate": 33.34,
            "research_to_sale_ratio": 1.45,
            "price_fair": 21.2,
            "eps_avg_yearly": 0.61,
            "eps_latest_yearly": 0.6,
            "eps_growth_yearly": 1322.14
        },
        "20213": {
            "year_quarter": 20213,
            "year": 2021,
            "quarter": 3,
            "eps": 0.2,
            "eps_growth_year": -4.76,
            "eps_4q": 0.88,
            "eps_4q_growth_year": 1627.89,
            "roe": 1.88,
            "roe_4q": 8.61,
            "gross_profit": 73464,
            "gross_margin": 36.11,
            "gross_margin_4q_avg": 36.25,
            "net_income": 32920,
            "revenue": 203422,
            "common_shares": 1663029,
            "book_valuer_per_share": 10.6,
            "book_valuer_per_share_4q_avg": 10.42,
            "equity": 1762884,
            "current_ratio": 182.54,
            "debt_ratio": 18.82,
            "inventory_turnover_ratio": 0.84,
            "account_receivable_turnover_ratio": 1.2,
            "reinvestment_rate": 9.07,
            "research_to_sale_ratio": 1.7,
            "price_fair": 22.05,
            "eps_avg_yearly": 0.63,
            "eps_latest_yearly": 0.8,
            "eps_growth_yearly": 1173.54
        },
        "20214": {
            "year_quarter": 20214,
            "year": 2021,
            "quarter": 4,
            "eps": 0.13,
            "eps_growth_year": -73.97,
            "eps_4q": 0.51,
            "eps_4q_growth_year": -19.56,
            "roe": 1.23,
            "roe_4q": 4.87,
            "gross_profit": 63962,
            "gross_margin": 35.01,
            "gross_margin_4q_avg": 33.5,
            "net_income": 21864,
            "revenue": 182690,
            "common_shares": 1663029,
            "book_valuer_per_share": 10.81,
            "book_valuer_per_share_4q_avg": 10.51,
            "equity": 1797946,
            "current_ratio": 207.86,
            "debt_ratio": 16.29,
            "inventory_turnover_ratio": 0.7,
            "account_receivable_turnover_ratio": 1.01,
            "reinvestment_rate": -31.66,
            "research_to_sale_ratio": 1.12,
            "price_fair": 21.62,
            "eps_avg_yearly": 0.62,
            "eps_latest_yearly": 0.52,
            "eps_growth_yearly": 1027.59
        },
        "20221": {
            "year_quarter": 20221,
            "year": 2022,
            "quarter": 1,
            "eps": 0.21,
            "eps_growth_year": 600,
            "eps_4q": 0.69,
            "eps_4q_growth_year": -8.35,
            "roe": 2,
            "roe_4q": 6.59,
            "gross_profit": 67651,
            "gross_margin": 34.43,
            "gross_margin_4q_avg": 35.14,
            "net_income": 35385,
            "revenue": 196510,
            "common_shares": 1663029,
            "book_valuer_per_share": 10.49,
            "book_valuer_per_share_4q_avg": 10.59,
            "equity": 1744543,
            "current_ratio": 170.16,
            "debt_ratio": 19.64,
            "inventory_turnover_ratio": 0.71,
            "account_receivable_turnover_ratio": 1.1,
            "reinvestment_rate": -25.9,
            "research_to_sale_ratio": 1.12,
            "price_fair": 22.4,
            "eps_avg_yearly": 0.64,
            "eps_latest_yearly": 0.84,
            "eps_growth_yearly": 949.44
        },
        "20222": {
            "year_quarter": 20222,
            "year": 2022,
            "quarter": 2,
            "eps": 0.35,
            "eps_growth_year": 133.33,
            "eps_4q": 0.89,
            "eps_4q_growth_year": -1.75,
            "roe": 3.25,
            "roe_4q": 8.36,
            "gross_profit": 95313,
            "gross_margin": 44.62,
            "gross_margin_4q_avg": 37.54,
            "net_income": 57113,
            "revenue": 213632,
            "common_shares": 1663029,
            "book_valuer_per_share": 10.62,
            "book_valuer_per_share_4q_avg": 10.63,
            "equity": 1766099,
            "current_ratio": 181.6,
            "debt_ratio": 18.89,
            "inventory_turnover_ratio": 0.63,
            "account_receivable_turnover_ratio": 1.32,
            "reinvestment_rate": -12.99,
            "research_to_sale_ratio": 1.13,
            "price_fair": 24.82,
            "eps_avg_yearly": 0.71,
            "eps_latest_yearly": 1.4,
            "eps_growth_yearly": 887.37
        },
        "20223": {
            "year_quarter": 20223,
            "year": 2022,
            "quarter": 3,
            "eps": 0.33,
            "eps_growth_year": 65,
            "eps_4q": 1.02,
            "eps_4q_growth_year": 15.43,
            "roe": 3.09,
            "roe_4q": 9.57,
            "gross_profit": 90640,
            "gross_margin": 37.12,
            "gross_margin_4q_avg": 37.8,
            "net_income": 55452,
            "revenue": 244166,
            "common_shares": 1663029,
            "book_valuer_per_share": 10.98,
            "book_valuer_per_share_4q_avg": 10.73,
            "equity": 1825405,
            "current_ratio": 263.97,
            "debt_ratio": 13.35,
            "inventory_turnover_ratio": 0.88,
            "account_receivable_turnover_ratio": 1.44,
            "reinvestment_rate": 9.18,
            "research_to_sale_ratio": 1.41,
            "price_fair": 27.75,
            "eps_avg_yearly": 0.79,
            "eps_latest_yearly": 1.32,
            "eps_growth_yearly": 885.3
        },
        "20224": {
            "year_quarter": 20224,
            "year": 2022,
            "quarter": 4,
            "eps": 0.17,
            "eps_growth_year": 28.75,
            "eps_4q": 1.06,
            "eps_4q_growth_year": 107.24,
            "roe": 1.53,
            "roe_4q": 9.870000000000001,
            "gross_profit": 90245,
            "gross_margin": 40.41,
            "gross_margin_4q_avg": 39.15,
            "net_income": 28150,
            "revenue": 223325,
            "common_shares": 1663029,
            "book_valuer_per_share": 11.12,
            "book_valuer_per_share_4q_avg": 10.8,
            "equity": 1849040,
            "current_ratio": 264.52,
            "debt_ratio": 14.16,
            "inventory_turnover_ratio": 0.89,
            "account_receivable_turnover_ratio": 1.28,
            "reinvestment_rate": 3.56,
            "research_to_sale_ratio": 1.12,
            "price_fair": 29.4,
            "eps_avg_yearly": 0.84,
            "eps_latest_yearly": 0.68,
            "eps_growth_yearly": 889.48
        },
        "20231": {
            "year_quarter": 20231,
            "year": 2023,
            "quarter": 1,
            "eps": 0.06,
            "eps_growth_year": -71.43,
            "eps_4q": 0.91,
            "eps_4q_growth_year": 30.94,
            "roe": 0.59,
            "roe_4q": 8.46,
            "gross_profit": 54199,
            "gross_margin": 32.32,
            "gross_margin_4q_avg": 38.62,
            "net_income": 10597,
            "revenue": 167675,
            "common_shares": 1663029,
            "book_valuer_per_share": 10.37,
            "book_valuer_per_share_4q_avg": 10.77,
            "equity": 1723821,
            "current_ratio": 177.72,
            "debt_ratio": 19.39,
            "inventory_turnover_ratio": 0.86,
            "account_receivable_turnover_ratio": 1.19,
            "reinvestment_rate": 3.01,
            "research_to_sale_ratio": 1.2,
            "price_fair": 27.65,
            "eps_avg_yearly": 0.79,
            "eps_latest_yearly": 0.24,
            "eps_growth_yearly": 793.79
        }
    },
    "months": {
        "2001-06": {
            "month": "2001-06",
            "price": "7.51",
            "revenue": 134171
        },
        "2001-07": {
            "month": "2001-07",
            "price": "4.82",
            "revenue": 71908
        },
        "2001-08": {
            "month": "2001-08",
            "price": "5.11",
            "revenue": 449482
        },
        "2001-09": {
            "month": "2001-09",
            "price": "4.33",
            "revenue": 49629
        },
        "2001-10": {
            "month": "2001-10",
            "price": "4.05",
            "revenue": 67121
        },
        "2001-11": {
            "month": "2001-11",
            "price": "4.45",
            "revenue": 68027
        },
        "2001-12": {
            "month": "2001-12",
            "price": "5.98",
            "revenue": 48890
        },
        "2002-01": {
            "month": "2002-01",
            "price": "7.48",
            "revenue": 42998
        },
        "2002-02": {
            "month": "2002-02",
            "price": "7.34",
            "revenue": 56906
        },
        "2002-03": {
            "month": "2002-03",
            "price": "7.98",
            "revenue": 57375
        },
        "2002-04": {
            "month": "2002-04",
            "price": "11.07",
            "revenue": 70677
        },
        "2002-05": {
            "month": "2002-05",
            "price": "8.48",
            "revenue": 52847
        },
        "2002-06": {
            "month": "2002-06",
            "price": "7.96",
            "revenue": -57689
        },
        "2002-07": {
            "month": "2002-07",
            "price": "6.79",
            "revenue": 80589
        },
        "2002-08": {
            "month": "2002-08",
            "price": "6.04",
            "revenue": 68788
        },
        "2002-09": {
            "month": "2002-09",
            "price": "5.16",
            "revenue": 55600
        },
        "2002-10": {
            "month": "2002-10",
            "price": "5.31",
            "revenue": 62662
        },
        "2002-11": {
            "month": "2002-11",
            "price": "5.63",
            "revenue": 62330
        },
        "2002-12": {
            "month": "2002-12",
            "price": "6.01",
            "revenue": 59266
        },
        "2003-01": {
            "month": "2003-01",
            "price": "6.74",
            "revenue": 49414
        },
        "2003-02": {
            "month": "2003-02",
            "price": "6.48",
            "revenue": 48191
        },
        "2003-03": {
            "month": "2003-03",
            "price": "5.86",
            "revenue": 87323
        },
        "2003-04": {
            "month": "2003-04",
            "price": "5.65",
            "revenue": 53350
        },
        "2003-05": {
            "month": "2003-05",
            "price": "4.47",
            "revenue": 67612
        },
        "2003-06": {
            "month": "2003-06",
            "price": "5.83",
            "revenue": 58872
        },
        "2003-07": {
            "month": "2003-07",
            "price": "6.32",
            "revenue": 50625
        },
        "2003-08": {
            "month": "2003-08",
            "price": "5.46",
            "revenue": 52287
        },
        "2003-09": {
            "month": "2003-09",
            "price": "5.19",
            "revenue": 64279
        },
        "2003-10": {
            "month": "2003-10",
            "price": "5.32",
            "revenue": 49428
        },
        "2003-11": {
            "month": "2003-11",
            "price": "5.56",
            "revenue": 51225
        },
        "2003-12": {
            "month": "2003-12",
            "price": "5.30",
            "revenue": 56918
        },
        "2004-01": {
            "month": "2004-01",
            "price": "5.88",
            "revenue": 66191
        },
        "2004-02": {
            "month": "2004-02",
            "price": "11.36",
            "revenue": 66771
        },
        "2004-03": {
            "month": "2004-03",
            "price": "10.63",
            "revenue": 55471
        },
        "2004-04": {
            "month": "2004-04",
            "price": "10.20",
            "revenue": 59016
        },
        "2004-05": {
            "month": "2004-05",
            "price": "8.34",
            "revenue": 65666
        },
        "2004-06": {
            "month": "2004-06",
            "price": "7.24",
            "revenue": 62309
        },
        "2004-07": {
            "month": "2004-07",
            "price": "6.09",
            "revenue": 54560
        },
        "2004-08": {
            "month": "2004-08",
            "price": "5.70",
            "revenue": 56756
        },
        "2004-09": {
            "month": "2004-09",
            "price": "5.35",
            "revenue": 55273
        },
        "2004-10": {
            "month": "2004-10",
            "price": "5.08",
            "revenue": 64818
        },
        "2004-11": {
            "month": "2004-11",
            "price": "5.11",
            "revenue": 45156
        },
        "2004-12": {
            "month": "2004-12",
            "price": "4.93",
            "revenue": 79364
        },
        "2005-01": {
            "month": "2005-01",
            "price": "5.01",
            "revenue": 76474
        },
        "2005-02": {
            "month": "2005-02",
            "price": "5.25",
            "revenue": 83344
        },
        "2005-03": {
            "month": "2005-03",
            "price": "5.80",
            "revenue": 43888
        },
        "2005-04": {
            "month": "2005-04",
            "price": "4.92",
            "revenue": 32123
        },
        "2005-05": {
            "month": "2005-05",
            "price": "4.37",
            "revenue": 39026
        },
        "2005-06": {
            "month": "2005-06",
            "price": "4.77",
            "revenue": 40448
        },
        "2005-07": {
            "month": "2005-07",
            "price": "4.95",
            "revenue": 46047
        },
        "2005-08": {
            "month": "2005-08",
            "price": "4.30",
            "revenue": 32392
        },
        "2005-09": {
            "month": "2005-09",
            "price": "4.11",
            "revenue": 39775
        },
        "2005-10": {
            "month": "2005-10",
            "price": "3.55",
            "revenue": 48221
        },
        "2005-11": {
            "month": "2005-11",
            "price": "3.47",
            "revenue": 40402
        },
        "2005-12": {
            "month": "2005-12",
            "price": "4.04",
            "revenue": 76630
        },
        "2006-01": {
            "month": "2006-01",
            "price": "4.12",
            "revenue": 44617
        },
        "2006-02": {
            "month": "2006-02",
            "price": "3.72",
            "revenue": 33007
        },
        "2006-03": {
            "month": "2006-03",
            "price": "3.38",
            "revenue": 29999
        },
        "2006-04": {
            "month": "2006-04",
            "price": "3.89",
            "revenue": 37880
        },
        "2006-05": {
            "month": "2006-05",
            "price": "4.25",
            "revenue": 49208
        },
        "2006-06": {
            "month": "2006-06",
            "price": "3.99",
            "revenue": 39206
        },
        "2006-07": {
            "month": "2006-07",
            "price": "3.64",
            "revenue": 30006
        },
        "2006-08": {
            "month": "2006-08",
            "price": "3.39",
            "revenue": 23328
        },
        "2006-09": {
            "month": "2006-09",
            "price": "3.35",
            "revenue": 12854
        },
        "2006-10": {
            "month": "2006-10",
            "price": "3.65",
            "revenue": 30973
        },
        "2006-11": {
            "month": "2006-11",
            "price": "4.14",
            "revenue": 26555
        },
        "2006-12": {
            "month": "2006-12",
            "price": "6.09",
            "revenue": 25202
        },
        "2007-01": {
            "month": "2007-01",
            "price": "6.27",
            "revenue": 24137
        },
        "2007-02": {
            "month": "2007-02",
            "price": "5.72",
            "revenue": 20640
        },
        "2007-03": {
            "month": "2007-03",
            "price": "6.43",
            "revenue": 29191
        },
        "2007-04": {
            "month": "2007-04",
            "price": "6.94",
            "revenue": 25783
        },
        "2007-05": {
            "month": "2007-05",
            "price": "5.68",
            "revenue": 22024
        },
        "2007-06": {
            "month": "2007-06",
            "price": "5.93",
            "revenue": 27228
        },
        "2007-07": {
            "month": "2007-07",
            "price": "6.75",
            "revenue": 26493
        },
        "2007-08": {
            "month": "2007-08",
            "price": "6.36",
            "revenue": 24358
        },
        "2007-09": {
            "month": "2007-09",
            "price": "5.83",
            "revenue": 27835
        },
        "2007-10": {
            "month": "2007-10",
            "price": "5.51",
            "revenue": 22147
        },
        "2007-11": {
            "month": "2007-11",
            "price": "4.77",
            "revenue": 22817
        },
        "2007-12": {
            "month": "2007-12",
            "price": "4.79",
            "revenue": 20329
        },
        "2008-01": {
            "month": "2008-01",
            "price": "4.50",
            "revenue": 21029
        },
        "2008-02": {
            "month": "2008-02",
            "price": "4.26",
            "revenue": 13941
        },
        "2008-03": {
            "month": "2008-03",
            "price": "4.75",
            "revenue": 29935
        },
        "2008-04": {
            "month": "2008-04",
            "price": "4.72",
            "revenue": 75076
        },
        "2008-05": {
            "month": "2008-05",
            "price": "4.70",
            "revenue": 52590
        },
        "2008-06": {
            "month": "2008-06",
            "price": "4.43",
            "revenue": 38045
        },
        "2008-07": {
            "month": "2008-07",
            "price": "3.61",
            "revenue": 31110
        },
        "2008-08": {
            "month": "2008-08",
            "price": "3.33",
            "revenue": 36579
        },
        "2008-09": {
            "month": "2008-09",
            "price": "2.62",
            "revenue": 41425
        },
        "2008-10": {
            "month": "2008-10",
            "price": "2.80",
            "revenue": 13313
        },
        "2008-11": {
            "month": "2008-11",
            "price": "2.26",
            "revenue": 27790
        },
        "2008-12": {
            "month": "2008-12",
            "price": "2.04",
            "revenue": 17663
        },
        "2009-01": {
            "month": "2009-01",
            "price": "2.18",
            "revenue": 10432
        },
        "2009-02": {
            "month": "2009-02",
            "price": "2.20",
            "revenue": 17916
        },
        "2009-03": {
            "month": "2009-03",
            "price": "3.00",
            "revenue": 23337
        },
        "2009-04": {
            "month": "2009-04",
            "price": "3.93",
            "revenue": 25129
        },
        "2009-05": {
            "month": "2009-05",
            "price": "3.41",
            "revenue": 23055
        },
        "2009-06": {
            "month": "2009-06",
            "price": "3.01",
            "revenue": 28550
        },
        "2009-07": {
            "month": "2009-07",
            "price": "3.13",
            "revenue": 26118
        },
        "2009-08": {
            "month": "2009-08",
            "price": "3.10",
            "revenue": 37416
        },
        "2009-09": {
            "month": "2009-09",
            "price": "3.49",
            "revenue": 24042
        },
        "2009-10": {
            "month": "2009-10",
            "price": "4.95",
            "revenue": 16706
        },
        "2009-11": {
            "month": "2009-11",
            "price": "5.59",
            "revenue": 26043
        },
        "2009-12": {
            "month": "2009-12",
            "price": "6.11",
            "revenue": 25743
        },
        "2010-01": {
            "month": "2010-01",
            "price": "6.81",
            "revenue": 26693
        },
        "2010-02": {
            "month": "2010-02",
            "price": "5.91",
            "revenue": 21178
        },
        "2010-03": {
            "month": "2010-03",
            "price": "6.24",
            "revenue": 27567
        },
        "2010-04": {
            "month": "2010-04",
            "price": "7.12",
            "revenue": 31077
        },
        "2010-05": {
            "month": "2010-05",
            "price": "8.62",
            "revenue": 31935
        },
        "2010-06": {
            "month": "2010-06",
            "price": "8.65",
            "revenue": 33421
        },
        "2010-07": {
            "month": "2010-07",
            "price": "8.76",
            "revenue": 27487
        },
        "2010-08": {
            "month": "2010-08",
            "price": "8.57",
            "revenue": 26629
        },
        "2010-09": {
            "month": "2010-09",
            "price": "7.80",
            "revenue": 32638
        },
        "2010-10": {
            "month": "2010-10",
            "price": "7.46",
            "revenue": 20606
        },
        "2010-11": {
            "month": "2010-11",
            "price": "6.89",
            "revenue": 35506
        },
        "2010-12": {
            "month": "2010-12",
            "price": "7.54",
            "revenue": 31768
        },
        "2011-01": {
            "month": "2011-01",
            "price": "7.89",
            "revenue": 24074
        },
        "2011-02": {
            "month": "2011-02",
            "price": "7.35",
            "revenue": 27351
        },
        "2011-03": {
            "month": "2011-03",
            "price": "6.90",
            "revenue": 28463
        },
        "2011-04": {
            "month": "2011-04",
            "price": "6.72",
            "revenue": 37671
        },
        "2011-05": {
            "month": "2011-05",
            "price": "6.88",
            "revenue": 26869
        },
        "2011-06": {
            "month": "2011-06",
            "price": "6.81",
            "revenue": 25286
        },
        "2011-07": {
            "month": "2011-07",
            "price": "6.61",
            "revenue": 28271
        },
        "2011-08": {
            "month": "2011-08",
            "price": "5.40",
            "revenue": 35293
        },
        "2011-09": {
            "month": "2011-09",
            "price": "4.40",
            "revenue": 30086
        },
        "2011-10": {
            "month": "2011-10",
            "price": "4.58",
            "revenue": 22621
        },
        "2011-11": {
            "month": "2011-11",
            "price": "4.35",
            "revenue": 26667
        },
        "2011-12": {
            "month": "2011-12",
            "price": "3.77",
            "revenue": 25921
        },
        "2012-01": {
            "month": "2012-01",
            "price": "3.94",
            "revenue": 22958
        },
        "2012-02": {
            "month": "2012-02",
            "price": "5.11",
            "revenue": 29605
        },
        "2012-03": {
            "month": "2012-03",
            "price": "4.97",
            "revenue": 27295
        },
        "2012-04": {
            "month": "2012-04",
            "price": "4.29",
            "revenue": 27244
        },
        "2012-05": {
            "month": "2012-05",
            "price": "4.12",
            "revenue": 34988
        },
        "2012-06": {
            "month": "2012-06",
            "price": "3.83",
            "revenue": 28240
        },
        "2012-07": {
            "month": "2012-07",
            "price": "3.84",
            "revenue": 33273
        },
        "2012-08": {
            "month": "2012-08",
            "price": "4.03",
            "revenue": 32574
        },
        "2012-09": {
            "month": "2012-09",
            "price": "4.22",
            "revenue": 25931
        },
        "2012-10": {
            "month": "2012-10",
            "price": "3.96",
            "revenue": 19252
        },
        "2012-11": {
            "month": "2012-11",
            "price": "3.85",
            "revenue": 23530
        },
        "2012-12": {
            "month": "2012-12",
            "price": "4.25",
            "revenue": 19156
        },
        "2013-01": {
            "month": "2013-01",
            "price": "4.21",
            "revenue": 32323
        },
        "2013-02": {
            "month": "2013-02",
            "price": "4.09",
            "revenue": 38937
        },
        "2013-03": {
            "month": "2013-03",
            "price": "4.30",
            "revenue": 63530
        },
        "2013-04": {
            "month": "2013-04",
            "price": "4.26",
            "revenue": 56392
        },
        "2013-05": {
            "month": "2013-05",
            "price": "4.58",
            "revenue": 63172
        },
        "2013-06": {
            "month": "2013-06",
            "price": "4.43",
            "revenue": 53532
        },
        "2013-07": {
            "month": "2013-07",
            "price": "4.39",
            "revenue": 52372
        },
        "2013-08": {
            "month": "2013-08",
            "price": "4.36",
            "revenue": 49822
        },
        "2013-09": {
            "month": "2013-09",
            "price": "4.68",
            "revenue": 55125
        },
        "2013-10": {
            "month": "2013-10",
            "price": "4.75",
            "revenue": 49190
        },
        "2013-11": {
            "month": "2013-11",
            "price": "4.44",
            "revenue": 52853
        },
        "2013-12": {
            "month": "2013-12",
            "price": "4.72",
            "revenue": 60293
        },
        "2014-01": {
            "month": "2014-01",
            "price": "5.67",
            "revenue": 40014
        },
        "2014-02": {
            "month": "2014-02",
            "price": "6.24",
            "revenue": 72535
        },
        "2014-03": {
            "month": "2014-03",
            "price": "6.87",
            "revenue": 50752
        },
        "2014-04": {
            "month": "2014-04",
            "price": "7.61",
            "revenue": 49643
        },
        "2014-05": {
            "month": "2014-05",
            "price": "7.41",
            "revenue": 43306
        },
        "2014-06": {
            "month": "2014-06",
            "price": "7.49",
            "revenue": 47140
        },
        "2014-07": {
            "month": "2014-07",
            "price": "7.25",
            "revenue": 42152
        },
        "2014-08": {
            "month": "2014-08",
            "price": "6.34",
            "revenue": 59277
        },
        "2014-09": {
            "month": "2014-09",
            "price": "6.36",
            "revenue": 73320
        },
        "2014-10": {
            "month": "2014-10",
            "price": "6.17",
            "revenue": 40926
        },
        "2014-11": {
            "month": "2014-11",
            "price": "6.20",
            "revenue": 48381
        },
        "2014-12": {
            "month": "2014-12",
            "price": "7.42",
            "revenue": 47746
        },
        "2015-01": {
            "month": "2015-01",
            "price": "8.29",
            "revenue": 47572
        },
        "2015-02": {
            "month": "2015-02",
            "price": "7.53",
            "revenue": 29225
        },
        "2015-03": {
            "month": "2015-03",
            "price": "7.75",
            "revenue": 41772
        },
        "2015-04": {
            "month": "2015-04",
            "price": "8.56",
            "revenue": 41962
        },
        "2015-05": {
            "month": "2015-05",
            "price": "8.07",
            "revenue": 42484
        },
        "2015-06": {
            "month": "2015-06",
            "price": "7.44",
            "revenue": 40686
        },
        "2015-07": {
            "month": "2015-07",
            "price": "7.38",
            "revenue": 39380
        },
        "2015-08": {
            "month": "2015-08",
            "price": "6.78",
            "revenue": 41724
        },
        "2015-09": {
            "month": "2015-09",
            "price": "6.32",
            "revenue": 52113
        },
        "2015-10": {
            "month": "2015-10",
            "price": "6.53",
            "revenue": 41017
        },
        "2015-11": {
            "month": "2015-11",
            "price": "6.45",
            "revenue": 46832
        },
        "2015-12": {
            "month": "2015-12",
            "price": "6.07",
            "revenue": 44051
        },
        "2016-01": {
            "month": "2016-01",
            "price": "5.66",
            "revenue": 45380
        },
        "2016-02": {
            "month": "2016-02",
            "price": "5.77",
            "revenue": 34753
        },
        "2016-03": {
            "month": "2016-03",
            "price": "6.05",
            "revenue": 48536
        },
        "2016-04": {
            "month": "2016-04",
            "price": "6.02",
            "revenue": 52055
        },
        "2016-05": {
            "month": "2016-05",
            "price": "5.67",
            "revenue": 52206
        },
        "2016-06": {
            "month": "2016-06",
            "price": "5.79",
            "revenue": 38555
        },
        "2016-07": {
            "month": "2016-07",
            "price": "5.95",
            "revenue": 43049
        },
        "2016-08": {
            "month": "2016-08",
            "price": "6.34",
            "revenue": 44332
        },
        "2016-09": {
            "month": "2016-09",
            "price": "6.17",
            "revenue": 43268
        },
        "2016-10": {
            "month": "2016-10",
            "price": "6.59",
            "revenue": 37746
        },
        "2016-11": {
            "month": "2016-11",
            "price": "6.40",
            "revenue": 47433
        },
        "2016-12": {
            "month": "2016-12",
            "price": "6.35",
            "revenue": 45075
        },
        "2017-01": {
            "month": "2017-01",
            "price": "6.54",
            "revenue": 40162
        },
        "2017-02": {
            "month": "2017-02",
            "price": "6.76",
            "revenue": 31873
        },
        "2017-03": {
            "month": "2017-03",
            "price": "6.68",
            "revenue": 34207
        },
        "2017-04": {
            "month": "2017-04",
            "price": "6.22",
            "revenue": 28703
        },
        "2017-05": {
            "month": "2017-05",
            "price": "5.99",
            "revenue": 30726
        },
        "2017-06": {
            "month": "2017-06",
            "price": "5.73",
            "revenue": 41672
        },
        "2017-07": {
            "month": "2017-07",
            "price": "5.57",
            "revenue": 33484
        },
        "2017-08": {
            "month": "2017-08",
            "price": "5.43",
            "revenue": 44664
        },
        "2017-09": {
            "month": "2017-09",
            "price": "5.74",
            "revenue": 37221
        },
        "2017-10": {
            "month": "2017-10",
            "price": "5.75",
            "revenue": 32399
        },
        "2017-11": {
            "month": "2017-11",
            "price": "5.90",
            "revenue": 45485
        },
        "2017-12": {
            "month": "2017-12",
            "price": "6.00",
            "revenue": 47426
        },
        "2018-01": {
            "month": "2018-01",
            "price": "6.10",
            "revenue": 50053
        },
        "2018-02": {
            "month": "2018-02",
            "price": "5.98",
            "revenue": 24742
        },
        "2018-03": {
            "month": "2018-03",
            "price": "6.56",
            "revenue": 40087
        },
        "2018-04": {
            "month": "2018-04",
            "price": "6.28",
            "revenue": 42020
        },
        "2018-05": {
            "month": "2018-05",
            "price": "6.20",
            "revenue": 49358
        },
        "2018-06": {
            "month": "2018-06",
            "price": "9.83",
            "revenue": 41642
        },
        "2018-07": {
            "month": "2018-07",
            "price": "9.58",
            "revenue": 44739
        },
        "2018-08": {
            "month": "2018-08",
            "price": "8.82",
            "revenue": 49184
        },
        "2018-09": {
            "month": "2018-09",
            "price": "8.35",
            "revenue": 44710
        },
        "2018-10": {
            "month": "2018-10",
            "price": "7.00",
            "revenue": 43453
        },
        "2018-11": {
            "month": "2018-11",
            "price": "6.81",
            "revenue": 46379
        },
        "2018-12": {
            "month": "2018-12",
            "price": "7.71",
            "revenue": 47178
        },
        "2019-01": {
            "month": "2019-01",
            "price": "9.32",
            "revenue": 46445
        },
        "2019-02": {
            "month": "2019-02",
            "price": "10.71",
            "revenue": 26156
        },
        "2019-03": {
            "month": "2019-03",
            "price": "9.96",
            "revenue": 38268
        },
        "2019-04": {
            "month": "2019-04",
            "price": "9.90",
            "revenue": 40408
        },
        "2019-05": {
            "month": "2019-05",
            "price": "8.42",
            "revenue": 47276
        },
        "2019-06": {
            "month": "2019-06",
            "price": "7.78",
            "revenue": 48618
        },
        "2019-07": {
            "month": "2019-07",
            "price": "8.21",
            "revenue": 48162
        },
        "2019-08": {
            "month": "2019-08",
            "price": "7.87",
            "revenue": 40657
        },
        "2019-09": {
            "month": "2019-09",
            "price": "7.91",
            "revenue": 36381
        },
        "2019-10": {
            "month": "2019-10",
            "price": "7.83",
            "revenue": 38761
        },
        "2019-11": {
            "month": "2019-11",
            "price": "7.87",
            "revenue": 45026
        },
        "2019-12": {
            "month": "2019-12",
            "price": "7.93",
            "revenue": 42975
        },
        "2020-01": {
            "month": "2020-01",
            "price": "7.92",
            "revenue": 37024
        },
        "2020-02": {
            "month": "2020-02",
            "price": "7.10",
            "revenue": 27416
        },
        "2020-03": {
            "month": "2020-03",
            "price": "5.98",
            "revenue": 34011
        },
        "2020-04": {
            "month": "2020-04",
            "price": "7.53",
            "revenue": 45539
        },
        "2020-05": {
            "month": "2020-05",
            "price": "7.16",
            "revenue": 36696
        },
        "2020-06": {
            "month": "2020-06",
            "price": "7.36",
            "revenue": 52635
        },
        "2020-07": {
            "month": "2020-07",
            "price": "8.80",
            "revenue": 54383
        },
        "2020-08": {
            "month": "2020-08",
            "price": "9.58",
            "revenue": 66481
        },
        "2020-09": {
            "month": "2020-09",
            "price": "13.59",
            "revenue": 85069
        },
        "2020-10": {
            "month": "2020-10",
            "price": "16.55",
            "revenue": 92633
        },
        "2020-11": {
            "month": "2020-11",
            "price": "19.25",
            "revenue": 139434
        },
        "2020-12": {
            "month": "2020-12",
            "price": "22.14",
            "revenue": 90108
        },
        "2021-01": {
            "month": "2021-01",
            "price": "22.05",
            "revenue": 62357
        },
        "2021-02": {
            "month": "2021-02",
            "price": "21.35",
            "revenue": 42784
        },
        "2021-03": {
            "month": "2021-03",
            "price": "20.80",
            "revenue": 59434
        },
        "2021-04": {
            "month": "2021-04",
            "price": "22.16",
            "revenue": 65856
        },
        "2021-05": {
            "month": "2021-05",
            "price": "18.45",
            "revenue": 65627
        },
        "2021-06": {
            "month": "2021-06",
            "price": "17.91",
            "revenue": 58945
        },
        "2021-07": {
            "month": "2021-07",
            "price": "20.32",
            "revenue": 75433
        },
        "2021-08": {
            "month": "2021-08",
            "price": "18.19",
            "revenue": 61814
        },
        "2021-09": {
            "month": "2021-09",
            "price": "16.66",
            "revenue": 69406
        },
        "2021-10": {
            "month": "2021-10",
            "price": "15.88",
            "revenue": 60136
        },
        "2021-11": {
            "month": "2021-11",
            "price": "17.61",
            "revenue": 57374
        },
        "2021-12": {
            "month": "2021-12",
            "price": "16.89",
            "revenue": 66115
        },
        "2022-01": {
            "month": "2022-01",
            "price": "16.26",
            "revenue": 85341
        },
        "2022-02": {
            "month": "2022-02",
            "price": "16.00",
            "revenue": 42442
        },
        "2022-03": {
            "month": "2022-03",
            "price": "15.40",
            "revenue": 68638
        },
        "2022-04": {
            "month": "2022-04",
            "price": "15.56",
            "revenue": 73724
        },
        "2022-05": {
            "month": "2022-05",
            "price": "17.10",
            "revenue": 65387
        },
        "2022-06": {
            "month": "2022-06",
            "price": "18.07",
            "revenue": 74530
        },
        "2022-07": {
            "month": "2022-07",
            "price": "15.91",
            "revenue": 81749
        },
        "2022-08": {
            "month": "2022-08",
            "price": "17.40",
            "revenue": 81810
        },
        "2022-09": {
            "month": "2022-09",
            "price": "17.69",
            "revenue": 80543
        },
        "2022-10": {
            "month": "2022-10",
            "price": "15.10",
            "revenue": 85579
        },
        "2022-11": {
            "month": "2022-11",
            "price": "18.14",
            "revenue": 83652
        },
        "2022-12": {
            "month": "2022-12",
            "price": "17.72",
            "revenue": 54578
        },
        "2023-01": {
            "month": "2023-01",
            "price": "16.38",
            "revenue": 48862
        },
        "2023-02": {
            "month": "2023-02",
            "price": "17.38",
            "revenue": 55707
        },
        "2023-03": {
            "month": "2023-03",
            "price": "20.06",
            "revenue": 63037
        },
        "2023-04": {
            "month": "2023-04",
            "price": "21.72",
            "revenue": 78439
        },
        "2023-05": {
            "month": "2023-05",
            "price": "19.78",
            "revenue": 72186
        }
    }
}
