{
    "summary": {
        "stock_name": "聯電",
        "stock_id": "2303",
        "category": "半導體",
        "main_business": "積體電路<br>各種半導體相關零組件",
        "website_url": "http://www.umc.com",
        "ceo": "簡山傑、王石",
        "pe_ratio": 7,
        "report_year_from": 2001,
        "report_year_to": 2023,
        "age": 22,
        "eps_negative_percentage": 9,
        "eps_growth_avg": {
            "last_all": 19.69,
            "last_2y": 81.82,
            "last_4y": 52.4,
            "last_8y": 27.63,
            "last_12y": 25.23,
            "last_16y": 17.74,
            "last_20y": 19.69,
            "at_2006_last_3y": 47.57,
            "at_2007_last_3y": 18.94,
            "at_2008_last_3y": -31.06,
            "at_2009_last_3y": -14.71,
            "at_2010_last_3y": -14.71,
            "at_2011_last_3y": -18.67,
            "at_2012_last_3y": 6.33,
            "at_2013_last_3y": 19.82,
            "at_2014_last_3y": -6.41,
            "at_2015_last_3y": 10.72,
            "at_2016_last_3y": 7.71,
            "at_2017_last_3y": -3.33,
            "at_2018_last_3y": -8.74,
            "at_2019_last_3y": -1.08,
            "at_2020_last_3y": 33.17,
            "at_2021_last_3y": 51.62,
            "at_2022_last_3y": 72.14,
            "at_2023_last_3y": 72.14,
            "at_2006_last_all": 47.57,
            "at_2007_last_all": 29.23,
            "at_2008_last_all": 7.69,
            "at_2009_last_all": 7.69,
            "at_2010_last_all": 20.88,
            "at_2011_last_all": 11.26,
            "at_2012_last_all": 7.24,
            "at_2013_last_all": 12.54,
            "at_2014_last_all": 10.95,
            "at_2015_last_all": 11.08,
            "at_2016_last_all": 7.38,
            "at_2017_last_all": 8.01,
            "at_2018_last_all": 5.7,
            "at_2019_last_all": 8.04,
            "at_2020_last_all": 13.45,
            "at_2021_last_all": 17.7,
            "at_2022_last_all": 19.69,
            "at_2023_last_all": 19.69
        },
        "latest_eps": 6.23,
        "latest_price": 46.2,
        "latest_roe": 25.81,
        "latest_gross_margin": 35.97,
        "latest_equity": 326888045,
        "latest_revenue": 56296408,
        "latest_gross_profit": 20252152,
        "latest_net_income": 15896673,
        "latest_debt_ratio": 40.91,
        "latest_current_ratio": 167.18,
        "latest_account_receivable_turnover_ratio": 1.95,
        "latest_inventory_turnover_ratio": 1.07,
        "latest_reinvestment_rate": 34.87,
        "latest_research_to_sale_ratio": 5.89
    },
    "eps_dividends": {
        "1992": {
            "cash": 0,
            "stock": 2.1,
            "eps": 0
        },
        "1993": {
            "cash": 1,
            "stock": 1.5,
            "eps": 0
        },
        "1994": {
            "cash": 0.6,
            "stock": 2.5,
            "eps": 0
        },
        "1995": {
            "cash": 0.5,
            "stock": 5,
            "eps": 0
        },
        "1996": {
            "cash": 0,
            "stock": 9.3,
            "eps": 0
        },
        "1997": {
            "cash": 0,
            "stock": 3,
            "eps": 0
        },
        "1998": {
            "cash": 0,
            "stock": 2.9,
            "eps": 0
        },
        "1999": {
            "cash": 0,
            "stock": 1.5,
            "eps": 0
        },
        "2000": {
            "cash": 0,
            "stock": 2,
            "eps": 0
        },
        "2001": {
            "cash": 0,
            "stock": 1.5,
            "eps": -0.17
        },
        "2002": {
            "cash": 0,
            "stock": 1.5,
            "eps": 0.54
        },
        "2003": {
            "cash": 0,
            "stock": 0.4,
            "eps": 0.92
        },
        "2004": {
            "cash": 0,
            "stock": 0.8,
            "eps": 2.01
        },
        "2005": {
            "cash": 0.1,
            "stock": 1,
            "eps": 0.4
        },
        "2006": {
            "cash": 0.4,
            "stock": 0.1,
            "eps": 1.79
        },
        "2007": {
            "cash": 0.7,
            "stock": 0,
            "eps": 1
        },
        "2008": {
            "cash": 0.75,
            "stock": 0.45,
            "eps": -1.69
        },
        "2009": {
            "cash": 0,
            "stock": 0,
            "eps": 0.31
        },
        "2010": {
            "cash": 0.5,
            "stock": 0,
            "eps": 1.91
        },
        "2011": {
            "cash": 1.61,
            "stock": 0,
            "eps": 0.84
        },
        "2012": {
            "cash": 0,
            "stock": 0,
            "eps": 0.63
        },
        "2013": {
            "cash": 0.4,
            "stock": 0,
            "eps": 1.01
        },
        "2014": {
            "cash": 0.5,
            "stock": 0,
            "eps": 0.96
        },
        "2015": {
            "cash": 0.55,
            "stock": 0,
            "eps": 1.08
        },
        "2016": {
            "cash": 0.55,
            "stock": 0,
            "eps": 0.68
        },
        "2017": {
            "cash": 0.5,
            "stock": 0,
            "eps": 0.79
        },
        "2018": {
            "cash": 0.7,
            "stock": 0,
            "eps": 0.58
        },
        "2019": {
            "cash": 0.58,
            "stock": 0,
            "eps": 0.83
        },
        "2020": {
            "cash": 0.75,
            "stock": 0,
            "eps": 2.39
        },
        "2021": {
            "cash": 1.6,
            "stock": 0,
            "eps": 4.54
        },
        "2022": {
            "cash": 3,
            "stock": 0,
            "eps": 7.06
        },
        "2023": {
            "cash": 3.6,
            "stock": 0,
            "eps": 2.58
        }
    },
    "dividends": {
        "1992-05-07": {
            "cash": 0,
            "stock": 2.1
        },
        "1993-05-20": {
            "cash": 1,
            "stock": 1.5
        },
        "1994-04-22": {
            "cash": 0.6,
            "stock": 2.5
        },
        "1995-06-21": {
            "cash": 0.5,
            "stock": 5
        },
        "1996-04-11": {
            "cash": 0,
            "stock": 9.3
        },
        "1997-06-24": {
            "cash": 0,
            "stock": 3
        },
        "1998-05-05": {
            "cash": 0,
            "stock": 2.9
        },
        "1999-05-13": {
            "cash": 0,
            "stock": 1.5
        },
        "2000-04-07": {
            "cash": 0,
            "stock": 2
        },
        "2001-05-30": {
            "cash": 0,
            "stock": 1.5
        },
        "2002-06-03": {
            "cash": 0,
            "stock": 1.5
        },
        "2003-03-25": {
            "cash": 0,
            "stock": 0.4
        },
        "2004-03-12": {
            "cash": 0,
            "stock": 0.8
        },
        "2005-03-17": {
            "cash": 0.1,
            "stock": 1
        },
        "2006-03-17": {
            "cash": 0.4,
            "stock": 0.1
        },
        "2007-03-15": {
            "cash": 0.7,
            "stock": 0
        },
        "2008-03-17": {
            "cash": 0.75,
            "stock": 0.45
        },
        "2010-03-17": {
            "cash": 0.5,
            "stock": 0
        },
        "2011-01-01": {
            "cash": 0.5,
            "stock": 0
        },
        "2011-03-16": {
            "cash": 1.11,
            "stock": 0
        },
        "2013-03-13": {
            "cash": 0.4,
            "stock": 0
        },
        "2014-06-11": {
            "cash": 0.5,
            "stock": 0
        },
        "2015-08-13": {
            "cash": 0.55,
            "stock": 0
        },
        "2016-08-11": {
            "cash": 0.55,
            "stock": 0
        },
        "2017-08-10": {
            "cash": 0.5,
            "stock": 0
        },
        "2018-07-31": {
            "cash": 0.7,
            "stock": 0
        },
        "2019-08-06": {
            "cash": 0.58,
            "stock": 0
        },
        "2020-08-05": {
            "cash": 0.75,
            "stock": 0
        },
        "2021-08-13": {
            "cash": 1.6,
            "stock": 0
        },
        "2022-07-14": {
            "cash": 3,
            "stock": 0
        },
        "2023-07-19": {
            "cash": 3.6,
            "stock": 0
        }
    },
    "prices": {
        "200101": "53.56",
        "200102": "56.13",
        "200103": "53.25",
        "200104": "50.74",
        "200105": "52.18",
        "200106": "50.38",
        "200107": "39.65",
        "200108": "38.43",
        "200109": "33.85",
        "200110": "28.41",
        "200111": "36.25",
        "200112": "47.86",
        "200201": "47.66",
        "200202": "43.97",
        "200203": "51.46",
        "200204": "54.17",
        "200205": "48.39",
        "200206": "41.99",
        "200207": "38.44",
        "200208": "29.55",
        "200209": "25.84",
        "200210": "23.44",
        "200211": "26.18",
        "200212": "23.87",
        "200301": "22.30",
        "200302": "19.88",
        "200303": "20.27",
        "200304": "20.38",
        "200305": "20.40",
        "200306": "23.39",
        "200307": "25.17",
        "200308": "24.67",
        "200309": "29.02",
        "200310": "30.64",
        "200311": "30.62",
        "200312": "29.32",
        "200401": "31.16",
        "200402": "30.47",
        "200403": "31.32",
        "200404": "31.93",
        "200405": "27.84",
        "200406": "24.83",
        "200407": "22.48",
        "200408": "22.40",
        "200409": "21.52",
        "200410": "20.36",
        "200411": "20.65",
        "200412": "20.08",
        "200501": "19.54",
        "200502": "20.49",
        "200503": "19.49",
        "200504": "18.47",
        "200505": "20.04",
        "200506": "23.19",
        "200507": "23.76",
        "200508": "21.37",
        "200509": "20.40",
        "200510": "19.73",
        "200511": "18.31",
        "200512": "18.98",
        "200601": "18.31",
        "200602": "18.48",
        "200603": "19.30",
        "200604": "21.43",
        "200605": "20.95",
        "200606": "19.00",
        "200607": "18.48",
        "200608": "18.30",
        "200609": "18.28",
        "200610": "18.43",
        "200611": "19.13",
        "200612": "19.94",
        "200701": "20.20",
        "200702": "20.35",
        "200703": "19.26",
        "200704": "19.18",
        "200705": "19.45",
        "200706": "19.91",
        "200707": "19.90",
        "200708": "18.08",
        "200709": "18.54",
        "200710": "21.31",
        "200711": "19.58",
        "200712": "19.49",
        "200801": "18.22",
        "200802": "17.98",
        "200803": "18.09",
        "200804": "18.76",
        "200805": "18.99",
        "200806": "17.34",
        "200807": "15.34",
        "200808": "13.33",
        "200809": "11.38",
        "200810": "9.43",
        "200811": "8.01",
        "200812": "7.29",
        "200901": "7.67",
        "200902": "7.93",
        "200903": "9.77",
        "200904": "11.71",
        "200905": "13.58",
        "200906": "11.77",
        "200907": "12.39",
        "200908": "13.59",
        "200909": "15.44",
        "200910": "16.10",
        "200911": "16.07",
        "200912": "16.24",
        "201001": "17.60",
        "201002": "16.02",
        "201003": "16.50",
        "201004": "16.60",
        "201005": "14.71",
        "201006": "14.52",
        "201007": "14.53",
        "201008": "13.88",
        "201009": "13.58",
        "201010": "13.76",
        "201011": "14.88",
        "201012": "16.26",
        "201101": "16.96",
        "201102": "16.24",
        "201103": "15.03",
        "201104": "15.19",
        "201105": "14.80",
        "201106": "14.53",
        "201107": "13.83",
        "201108": "11.29",
        "201109": "11.23",
        "201110": "12.21",
        "201111": "12.73",
        "201112": "12.52",
        "201201": "13.63",
        "201202": "15.14",
        "201203": "15.01",
        "201204": "14.47",
        "201205": "13.93",
        "201206": "12.26",
        "201207": "12.52",
        "201208": "12.36",
        "201209": "12.08",
        "201210": "11.45",
        "201211": "10.67",
        "201212": "11.58",
        "201301": "11.69",
        "201302": "11.29",
        "201303": "11.17",
        "201304": "11.18",
        "201305": "12.91",
        "201306": "13.41",
        "201307": "13.90",
        "201308": "12.38",
        "201309": "12.38",
        "201310": "12.73",
        "201311": "12.16",
        "201312": "12.20",
        "201401": "12.66",
        "201402": "12.20",
        "201403": "12.75",
        "201404": "12.99",
        "201405": "13.35",
        "201406": "14.62",
        "201407": "15.40",
        "201408": "13.34",
        "201409": "13.00",
        "201410": "12.60",
        "201411": "13.60",
        "201412": "14.25",
        "201501": "15.24",
        "201502": "15.70",
        "201503": "15.64",
        "201504": "14.86",
        "201505": "13.94",
        "201506": "13.25",
        "201507": "12.04",
        "201508": "10.93",
        "201509": "11.20",
        "201510": "11.81",
        "201511": "12.13",
        "201512": "12.06",
        "201601": "11.56",
        "201602": "13.18",
        "201603": "13.25",
        "201604": "12.67",
        "201605": "11.62",
        "201606": "12.32",
        "201607": "12.43",
        "201608": "11.75",
        "201609": "11.63",
        "201610": "11.62",
        "201611": "11.45",
        "201612": "11.31",
        "201701": "11.58",
        "201702": "11.68",
        "201703": "12.24",
        "201704": "12.06",
        "201705": "12.24",
        "201706": "12.72",
        "201707": "14.50",
        "201708": "14.22",
        "201709": "15.77",
        "201710": "15.67",
        "201711": "15.68",
        "201712": "14.72",
        "201801": "14.37",
        "201802": "14.15",
        "201803": "15.00",
        "201804": "15.51",
        "201805": "16.19",
        "201806": "17.34",
        "201807": "17.62",
        "201808": "17.53",
        "201809": "15.99",
        "201810": "13.55",
        "201811": "11.16",
        "201812": "11.32",
        "201901": "11.34",
        "201902": "11.37",
        "201903": "11.63",
        "201904": "12.25",
        "201905": "13.04",
        "201906": "13.51",
        "201907": "14.00",
        "201908": "13.21",
        "201909": "13.58",
        "201910": "13.84",
        "201911": "14.60",
        "201912": "16.41",
        "202001": "15.97",
        "202002": "16.07",
        "202003": "14.42",
        "202004": "14.93",
        "202005": "15.30",
        "202006": "15.90",
        "202007": "18.07",
        "202008": "23.54",
        "202009": "24.55",
        "202010": "31.52",
        "202011": "33.44",
        "202012": "46.48",
        "202101": "50.66",
        "202102": "54.65",
        "202103": "48.52",
        "202104": "54.76",
        "202105": "49.94",
        "202106": "52.48",
        "202107": "53.31",
        "202108": "59.57",
        "202109": "66.16",
        "202110": "59.53",
        "202111": "62.23",
        "202112": "64.50",
        "202201": "62.53",
        "202202": "53.99",
        "202203": "52.87",
        "202204": "47.97",
        "202205": "49.42",
        "202206": "47.47",
        "202207": "39.35",
        "202208": "41.30",
        "202209": "39.05",
        "202210": "38.10",
        "202211": "43.47",
        "202212": "43.12",
        "202301": "44.60",
        "202302": "50.04",
        "202303": "52.22",
        "202304": "50.85",
        "202305": "49.71",
        "202306": "51.84",
        "202307": "47.31",
        "202308": "45.01",
        "202309": "46.48"
    },
    "quarters": {
        "20011": {
            "year_quarter": 20011,
            "year": 2001,
            "quarter": 1,
            "eps": 0.57,
            "eps_growth_year": -30.49,
            "eps_4q": 4.39,
            "eps_4q_growth_year": 134.29,
            "roe": 2.72,
            "roe_4q": 2.72,
            "gross_profit": 9405434,
            "gross_margin": 39.87,
            "gross_margin_4q_avg": 39.87,
            "net_income": 6473736,
            "revenue": 23592698,
            "common_shares": 114714519,
            "book_valuer_per_share": 21.45,
            "book_valuer_per_share_4q_avg": 21.45,
            "equity": 246111044,
            "current_ratio": 206.94,
            "debt_ratio": 22.01,
            "inventory_turnover_ratio": 1.33,
            "account_receivable_turnover_ratio": null,
            "reinvestment_rate": null,
            "research_to_sale_ratio": null,
            "price_fair": 0,
            "eps_avg_yearly": 0,
            "eps_latest_yearly": 0,
            "eps_growth_yearly": 0
        },
        "20012": {
            "year_quarter": 20012,
            "year": 2001,
            "quarter": 2,
            "eps": -0.16,
            "eps_growth_year": -114.41,
            "eps_4q": 3.13,
            "eps_4q_growth_year": 25.24,
            "roe": -0.76,
            "roe_4q": 1.9600000000000002,
            "gross_profit": 2165837,
            "gross_margin": 14.44,
            "gross_margin_4q_avg": 27.16,
            "net_income": -1853129,
            "revenue": 15003541,
            "common_shares": 114714519,
            "book_valuer_per_share": 21.11,
            "book_valuer_per_share_4q_avg": 21.28,
            "equity": 242211226,
            "current_ratio": 246.11,
            "debt_ratio": 24.63,
            "inventory_turnover_ratio": 1.38,
            "account_receivable_turnover_ratio": null,
            "reinvestment_rate": null,
            "research_to_sale_ratio": null,
            "price_fair": 0,
            "eps_avg_yearly": 0,
            "eps_latest_yearly": 0,
            "eps_growth_yearly": 0
        },
        "20013": {
            "year_quarter": 20013,
            "year": 2001,
            "quarter": 3,
            "eps": -0.3,
            "eps_growth_year": -122.73,
            "eps_4q": 1.3,
            "eps_4q_growth_year": -63.93,
            "roe": -1.7,
            "roe_4q": 0.26000000000000023,
            "gross_profit": -2667318,
            "gross_margin": -22.31,
            "gross_margin_4q_avg": 10.67,
            "net_income": -4024295,
            "revenue": 11955034,
            "common_shares": 133356954,
            "book_valuer_per_share": 17.36,
            "book_valuer_per_share_4q_avg": 19.97,
            "equity": 231530922,
            "current_ratio": 223.63,
            "debt_ratio": 24.34,
            "inventory_turnover_ratio": 2.07,
            "account_receivable_turnover_ratio": null,
            "reinvestment_rate": null,
            "research_to_sale_ratio": null,
            "price_fair": 0,
            "eps_avg_yearly": 0,
            "eps_latest_yearly": 0,
            "eps_growth_yearly": 0
        },
        "20014": {
            "year_quarter": 20014,
            "year": 2001,
            "quarter": 4,
            "eps": -0.28,
            "eps_growth_year": -118.67,
            "eps_4q": -0.22,
            "eps_4q_growth_year": -104.91,
            "roe": -1.63,
            "roe_4q": -1.3699999999999997,
            "gross_profit": -280256,
            "gross_margin": -2.01,
            "gross_margin_4q_avg": 7.5,
            "net_income": -3753614,
            "revenue": 13942134,
            "common_shares": 133356954,
            "book_valuer_per_share": 16,
            "book_valuer_per_share_4q_avg": 18.98,
            "equity": 228916721,
            "current_ratio": 291.93,
            "debt_ratio": 28.62,
            "inventory_turnover_ratio": 2.4,
            "account_receivable_turnover_ratio": null,
            "reinvestment_rate": null,
            "research_to_sale_ratio": null,
            "price_fair": 0,
            "eps_avg_yearly": 0,
            "eps_latest_yearly": 0,
            "eps_growth_yearly": 0
        },
        "20021": {
            "year_quarter": 20021,
            "year": 2002,
            "quarter": 1,
            "eps": 0.02,
            "eps_growth_year": -96.49,
            "eps_4q": -0.87,
            "eps_4q_growth_year": -119.88,
            "roe": 0.1,
            "roe_4q": -3.9899999999999993,
            "gross_profit": 640603,
            "gross_margin": 5.27,
            "gross_margin_4q_avg": -1.15,
            "net_income": 215982,
            "revenue": 12158840,
            "common_shares": 133356954,
            "book_valuer_per_share": 15.88,
            "book_valuer_per_share_4q_avg": 17.59,
            "equity": 211743610,
            "current_ratio": 308.17,
            "debt_ratio": 27.9,
            "inventory_turnover_ratio": 1.88,
            "account_receivable_turnover_ratio": null,
            "reinvestment_rate": null,
            "research_to_sale_ratio": null,
            "price_fair": 0,
            "eps_avg_yearly": 0,
            "eps_latest_yearly": 0,
            "eps_growth_yearly": 0
        },
        "20022": {
            "year_quarter": 20022,
            "year": 2002,
            "quarter": 2,
            "eps": 0.35,
            "eps_growth_year": null,
            "eps_4q": -0.25,
            "eps_4q_growth_year": -107.84,
            "roe": 2.08,
            "roe_4q": -1.1499999999999997,
            "gross_profit": 4254295,
            "gross_margin": 22.9,
            "gross_margin_4q_avg": 0.96,
            "net_income": 4445773,
            "revenue": 18580488,
            "common_shares": 133356954,
            "book_valuer_per_share": 16.19,
            "book_valuer_per_share_4q_avg": 16.36,
            "equity": 215954730,
            "current_ratio": 320.33,
            "debt_ratio": 29.37,
            "inventory_turnover_ratio": 2.05,
            "account_receivable_turnover_ratio": null,
            "reinvestment_rate": null,
            "research_to_sale_ratio": null,
            "price_fair": 49,
            "eps_avg_yearly": 1.4,
            "eps_latest_yearly": 1.4,
            "eps_growth_yearly": 6600
        },
        "20023": {
            "year_quarter": 20023,
            "year": 2002,
            "quarter": 3,
            "eps": 0.1,
            "eps_growth_year": null,
            "eps_4q": 0.16,
            "eps_4q_growth_year": -87.38,
            "roe": 0.66,
            "roe_4q": 1.2100000000000004,
            "gross_profit": 3749247,
            "gross_margin": 19.58,
            "gross_margin_4q_avg": 11.44,
            "net_income": 1424307,
            "revenue": 19152593,
            "common_shares": 154748456,
            "book_valuer_per_share": 13.99,
            "book_valuer_per_share_4q_avg": 15.52,
            "equity": 216557530,
            "current_ratio": 353.95,
            "debt_ratio": 27.94,
            "inventory_turnover_ratio": 2.04,
            "account_receivable_turnover_ratio": null,
            "reinvestment_rate": null,
            "research_to_sale_ratio": null,
            "price_fair": 31.5,
            "eps_avg_yearly": 0.9,
            "eps_latest_yearly": 0.4,
            "eps_growth_yearly": 3157.14
        },
        "20024": {
            "year_quarter": 20024,
            "year": 2002,
            "quarter": 4,
            "eps": 0.07,
            "eps_growth_year": null,
            "eps_4q": 0.5,
            "eps_4q_growth_year": null,
            "roe": 0.44,
            "roe_4q": 3.2800000000000002,
            "gross_profit": 2548144,
            "gross_margin": 14.53,
            "gross_margin_4q_avg": 15.57,
            "net_income": 985970,
            "revenue": 17533824,
            "common_shares": 154748456,
            "book_valuer_per_share": 14.05,
            "book_valuer_per_share_4q_avg": 15.03,
            "equity": 233448371,
            "current_ratio": 380.56,
            "debt_ratio": 28.62,
            "inventory_turnover_ratio": 1.86,
            "account_receivable_turnover_ratio": null,
            "reinvestment_rate": 217.28,
            "research_to_sale_ratio": null,
            "price_fair": 24.27,
            "eps_avg_yearly": 0.69,
            "eps_latest_yearly": 0.28,
            "eps_growth_yearly": 2064.76
        },
        "20031": {
            "year_quarter": 20031,
            "year": 2003,
            "quarter": 1,
            "eps": 0.03,
            "eps_growth_year": 50,
            "eps_4q": 0.54,
            "eps_4q_growth_year": null,
            "roe": 0.18,
            "roe_4q": 3.3600000000000003,
            "gross_profit": 2741179,
            "gross_margin": 15.32,
            "gross_margin_4q_avg": 18.08,
            "net_income": 402687,
            "revenue": 17898636,
            "common_shares": 154748456,
            "book_valuer_per_share": 13.95,
            "book_valuer_per_share_4q_avg": 14.55,
            "equity": 215941858,
            "current_ratio": 285.31,
            "debt_ratio": 26.23,
            "inventory_turnover_ratio": 1.83,
            "account_receivable_turnover_ratio": null,
            "reinvestment_rate": 174.51,
            "research_to_sale_ratio": null,
            "price_fair": 19.25,
            "eps_avg_yearly": 0.55,
            "eps_latest_yearly": 0.12,
            "eps_growth_yearly": 1491.43
        },
        "20032": {
            "year_quarter": 20032,
            "year": 2003,
            "quarter": 2,
            "eps": 0.18,
            "eps_growth_year": -48.57,
            "eps_4q": 0.37,
            "eps_4q_growth_year": null,
            "roe": 1.24,
            "roe_4q": 2.52,
            "gross_profit": 5039609,
            "gross_margin": 23.22,
            "gross_margin_4q_avg": 18.16,
            "net_income": 2687517,
            "revenue": 21705516,
            "common_shares": 154748456,
            "book_valuer_per_share": 13.96,
            "book_valuer_per_share_4q_avg": 13.99,
            "equity": 215978467,
            "current_ratio": 331.38,
            "debt_ratio": 28.53,
            "inventory_turnover_ratio": 2.13,
            "account_receivable_turnover_ratio": null,
            "reinvestment_rate": 160.4,
            "research_to_sale_ratio": null,
            "price_fair": 20.44,
            "eps_avg_yearly": 0.58,
            "eps_latest_yearly": 0.72,
            "eps_growth_yearly": 1593.14
        },
        "20033": {
            "year_quarter": 20033,
            "year": 2003,
            "quarter": 3,
            "eps": 0.27,
            "eps_growth_year": 170,
            "eps_4q": 0.53,
            "eps_4q_growth_year": 224.77,
            "roe": 1.92,
            "roe_4q": 3.7800000000000002,
            "gross_profit": 5038709,
            "gross_margin": 23.39,
            "gross_margin_4q_avg": 19.12,
            "net_income": 4203161,
            "revenue": 21538722,
            "common_shares": 161407435,
            "book_valuer_per_share": 13.68,
            "book_valuer_per_share_4q_avg": 13.91,
            "equity": 220741746,
            "current_ratio": 375.78,
            "debt_ratio": 28.83,
            "inventory_turnover_ratio": 2.23,
            "account_receivable_turnover_ratio": null,
            "reinvestment_rate": 141.54,
            "research_to_sale_ratio": null,
            "price_fair": 23.33,
            "eps_avg_yearly": 0.67,
            "eps_latest_yearly": 1.08,
            "eps_growth_yearly": 1360.95
        },
        "20034": {
            "year_quarter": 20034,
            "year": 2003,
            "quarter": 4,
            "eps": 0.44,
            "eps_growth_year": 528.57,
            "eps_4q": 0.92,
            "eps_4q_growth_year": 82.65,
            "roe": 2.87,
            "roe_4q": 6.21,
            "gross_profit": 6660916,
            "gross_margin": 28.08,
            "gross_margin_4q_avg": 22.5,
            "net_income": 6726892,
            "revenue": 23719196,
            "common_shares": 161407435,
            "book_valuer_per_share": 14.39,
            "book_valuer_per_share_4q_avg": 14,
            "equity": 247311070,
            "current_ratio": 349.62,
            "debt_ratio": 30.24,
            "inventory_turnover_ratio": 2.17,
            "account_receivable_turnover_ratio": null,
            "reinvestment_rate": 154.02,
            "research_to_sale_ratio": null,
            "price_fair": 28.8,
            "eps_avg_yearly": 0.82,
            "eps_latest_yearly": 1.76,
            "eps_growth_yearly": 1202.51
        },
        "20041": {
            "year_quarter": 20041,
            "year": 2004,
            "quarter": 1,
            "eps": 0.45,
            "eps_growth_year": 1400,
            "eps_4q": 1.34,
            "eps_4q_growth_year": 147.58,
            "roe": 2.84,
            "roe_4q": 8.87,
            "gross_profit": 7649697,
            "gross_margin": 30.21,
            "gross_margin_4q_avg": 26.23,
            "net_income": 6894436,
            "revenue": 25325527,
            "common_shares": 161407435,
            "book_valuer_per_share": 14.8,
            "book_valuer_per_share_4q_avg": 14.21,
            "equity": 238888869,
            "current_ratio": 457.96,
            "debt_ratio": 24.48,
            "inventory_turnover_ratio": 2.11,
            "account_receivable_turnover_ratio": null,
            "reinvestment_rate": 3.7,
            "research_to_sale_ratio": null,
            "price_fair": 33.08,
            "eps_avg_yearly": 0.95,
            "eps_latest_yearly": 1.8,
            "eps_growth_yearly": 1053.33
        },
        "20042": {
            "year_quarter": 20042,
            "year": 2004,
            "quarter": 2,
            "eps": 0.83,
            "eps_growth_year": 361.11,
            "eps_4q": 1.99,
            "eps_4q_growth_year": 441.47,
            "roe": 5.24,
            "roe_4q": 12.87,
            "gross_profit": 10058432,
            "gross_margin": 34.47,
            "gross_margin_4q_avg": 29.04,
            "net_income": 12701347,
            "revenue": 29177244,
            "common_shares": 161407435,
            "book_valuer_per_share": 15.25,
            "book_valuer_per_share_4q_avg": 14.53,
            "equity": 246128831,
            "current_ratio": 380.41,
            "debt_ratio": 22.26,
            "inventory_turnover_ratio": 2.25,
            "account_receivable_turnover_ratio": null,
            "reinvestment_rate": -6.32,
            "research_to_sale_ratio": null,
            "price_fair": 42.31,
            "eps_avg_yearly": 1.21,
            "eps_latest_yearly": 3.32,
            "eps_growth_yearly": 973.83
        },
        "20043": {
            "year_quarter": 20043,
            "year": 2004,
            "quarter": 3,
            "eps": 0.65,
            "eps_growth_year": 140.74,
            "eps_4q": 2.22,
            "eps_4q_growth_year": 316.98,
            "roe": 4.26,
            "roe_4q": 15.21,
            "gross_profit": 11745298,
            "gross_margin": 33.97,
            "gross_margin_4q_avg": 31.68,
            "net_income": 10913992,
            "revenue": 34580295,
            "common_shares": 177478439,
            "book_valuer_per_share": 15.01,
            "book_valuer_per_share_4q_avg": 14.86,
            "equity": 266405039,
            "current_ratio": 374.23,
            "debt_ratio": 21.34,
            "inventory_turnover_ratio": 2.59,
            "account_receivable_turnover_ratio": null,
            "reinvestment_rate": -3.56,
            "research_to_sale_ratio": null,
            "price_fair": 47.18,
            "eps_avg_yearly": 1.35,
            "eps_latest_yearly": 2.6,
            "eps_growth_yearly": 867.77
        },
        "20044": {
            "year_quarter": 20044,
            "year": 2004,
            "quarter": 4,
            "eps": 0.08,
            "eps_growth_year": -81.82,
            "eps_4q": 1.91,
            "eps_4q_growth_year": 108.3,
            "roe": 0.49,
            "roe_4q": 12.83,
            "gross_profit": 6415232,
            "gross_margin": 22.73,
            "gross_margin_4q_avg": 30.35,
            "net_income": 1333606,
            "revenue": 28228774,
            "common_shares": 177919819,
            "book_valuer_per_share": 14.97,
            "book_valuer_per_share_4q_avg": 15.01,
            "equity": 275102753,
            "current_ratio": 363.23,
            "debt_ratio": 26.89,
            "inventory_turnover_ratio": 2.29,
            "account_receivable_turnover_ratio": null,
            "reinvestment_rate": 57.47,
            "research_to_sale_ratio": null,
            "price_fair": 43.91,
            "eps_avg_yearly": 1.25,
            "eps_latest_yearly": 0.32,
            "eps_growth_yearly": 756.99
        },
        "20051": {
            "year_quarter": 20051,
            "year": 2005,
            "quarter": 1,
            "eps": 0.09,
            "eps_growth_year": -80,
            "eps_4q": 1.57,
            "eps_4q_growth_year": 17.16,
            "roe": 0.56,
            "roe_4q": 10.55,
            "gross_profit": 2968980,
            "gross_margin": 14.64,
            "gross_margin_4q_avg": 26.45,
            "net_income": 1518680,
            "revenue": 20285719,
            "common_shares": 178285454,
            "book_valuer_per_share": 14.97,
            "book_valuer_per_share_4q_avg": 15.05,
            "equity": 266889387,
            "current_ratio": 589.21,
            "debt_ratio": 17.47,
            "inventory_turnover_ratio": 2.05,
            "account_receivable_turnover_ratio": null,
            "reinvestment_rate": -75.05,
            "research_to_sale_ratio": null,
            "price_fair": 41.3,
            "eps_avg_yearly": 1.18,
            "eps_latest_yearly": 0.36,
            "eps_growth_yearly": 698.08
        },
        "20052": {
            "year_quarter": 20052,
            "year": 2005,
            "quarter": 2,
            "eps": 0.02,
            "eps_growth_year": -97.59,
            "eps_4q": 0.94,
            "eps_4q_growth_year": -52.84,
            "roe": 0.11,
            "roe_4q": 5.42,
            "gross_profit": 213991,
            "gross_margin": 1.1,
            "gross_margin_4q_avg": 18.11,
            "net_income": 299020,
            "revenue": 19442907,
            "common_shares": 177794314,
            "book_valuer_per_share": 14.51,
            "book_valuer_per_share_4q_avg": 14.87,
            "equity": 258059612,
            "current_ratio": 423.94,
            "debt_ratio": 17.28,
            "inventory_turnover_ratio": 2.6,
            "account_receivable_turnover_ratio": null,
            "reinvestment_rate": -7.68,
            "research_to_sale_ratio": null,
            "price_fair": 38.34,
            "eps_avg_yearly": 1.1,
            "eps_latest_yearly": 0.08,
            "eps_growth_yearly": 620.45
        },
        "20053": {
            "year_quarter": 20053,
            "year": 2005,
            "quarter": 3,
            "eps": 0.12,
            "eps_growth_year": -81.54,
            "eps_4q": 0.29,
            "eps_4q_growth_year": -86.71,
            "roe": 0.84,
            "roe_4q": 2,
            "gross_profit": 2993073,
            "gross_margin": 12.69,
            "gross_margin_4q_avg": 12.79,
            "net_income": 2165051,
            "revenue": 23578797,
            "common_shares": 197658588,
            "book_valuer_per_share": 13.17,
            "book_valuer_per_share_4q_avg": 14.41,
            "equity": 260252035,
            "current_ratio": 469.94,
            "debt_ratio": 17.2,
            "inventory_turnover_ratio": 2.38,
            "account_receivable_turnover_ratio": null,
            "reinvestment_rate": -11.59,
            "research_to_sale_ratio": null,
            "price_fair": 36.8,
            "eps_avg_yearly": 1.05,
            "eps_latest_yearly": 0.48,
            "eps_growth_yearly": 718.99
        },
        "20054": {
            "year_quarter": 20054,
            "year": 2005,
            "quarter": 4,
            "eps": 0.17,
            "eps_growth_year": 112.5,
            "eps_4q": 0.39,
            "eps_4q_growth_year": -79.46,
            "roe": 1.16,
            "roe_4q": 2.67,
            "gross_profit": 4985242,
            "gross_margin": 18.15,
            "gross_margin_4q_avg": 11.65,
            "net_income": 3043941,
            "revenue": 27468016,
            "common_shares": 197947033,
            "book_valuer_per_share": 13.05,
            "book_valuer_per_share_4q_avg": 13.93,
            "equity": 264620238,
            "current_ratio": 391.94,
            "debt_ratio": 23.75,
            "inventory_turnover_ratio": 2.24,
            "account_receivable_turnover_ratio": null,
            "reinvestment_rate": -16.69,
            "research_to_sale_ratio": null,
            "price_fair": 35.93,
            "eps_avg_yearly": 1.03,
            "eps_latest_yearly": 0.68,
            "eps_growth_yearly": 682.16
        },
        "20061": {
            "year_quarter": 20061,
            "year": 2006,
            "quarter": 1,
            "eps": 0.67,
            "eps_growth_year": 644.44,
            "eps_4q": 0.97,
            "eps_4q_growth_year": -38.14,
            "roe": 4.41,
            "roe_4q": 6.5200000000000005,
            "gross_profit": 3211915,
            "gross_margin": 13.17,
            "gross_margin_4q_avg": 11.28,
            "net_income": 12286260,
            "revenue": 24384166,
            "common_shares": 198452341,
            "book_valuer_per_share": 14.73,
            "book_valuer_per_share_4q_avg": 13.87,
            "equity": 292333320,
            "current_ratio": 427.51,
            "debt_ratio": 19.06,
            "inventory_turnover_ratio": 2.08,
            "account_receivable_turnover_ratio": null,
            "reinvestment_rate": -8.21,
            "research_to_sale_ratio": null,
            "price_fair": 39.55,
            "eps_avg_yearly": 1.13,
            "eps_latest_yearly": 2.68,
            "eps_growth_yearly": 713.06
        },
        "20062": {
            "year_quarter": 20062,
            "year": 2006,
            "quarter": 2,
            "eps": 0.33,
            "eps_growth_year": 1550,
            "eps_4q": 1.28,
            "eps_4q_growth_year": 36.49,
            "roe": 2.15,
            "roe_4q": 8.56,
            "gross_profit": 5185372,
            "gross_margin": 20.14,
            "gross_margin_4q_avg": 16.04,
            "net_income": 6051528,
            "revenue": 25750800,
            "common_shares": 188452341,
            "book_valuer_per_share": 14.38,
            "book_valuer_per_share_4q_avg": 13.83,
            "equity": 270959674,
            "current_ratio": 323.46,
            "debt_ratio": 20.73,
            "inventory_turnover_ratio": 2.06,
            "account_receivable_turnover_ratio": null,
            "reinvestment_rate": -17.19,
            "research_to_sale_ratio": null,
            "price_fair": 39.38,
            "eps_avg_yearly": 1.13,
            "eps_latest_yearly": 1.32,
            "eps_growth_yearly": 287.87
        },
        "20063": {
            "year_quarter": 20063,
            "year": 2006,
            "quarter": 3,
            "eps": 0.47,
            "eps_growth_year": 291.67,
            "eps_4q": 1.64,
            "eps_4q_growth_year": 456.42,
            "roe": 3.13,
            "roe_4q": 10.85,
            "gross_profit": 6794169,
            "gross_margin": 24.39,
            "gross_margin_4q_avg": 18.96,
            "net_income": 8592441,
            "revenue": 27851860,
            "common_shares": 190853097,
            "book_valuer_per_share": 14.57,
            "book_valuer_per_share_4q_avg": 14.18,
            "equity": 278058059,
            "current_ratio": 351.98,
            "debt_ratio": 19.79,
            "inventory_turnover_ratio": 1.99,
            "account_receivable_turnover_ratio": null,
            "reinvestment_rate": -14.72,
            "research_to_sale_ratio": null,
            "price_fair": 42.61,
            "eps_avg_yearly": 1.22,
            "eps_latest_yearly": 1.88,
            "eps_growth_yearly": 316.34
        },
        "20064": {
            "year_quarter": 20064,
            "year": 2006,
            "quarter": 4,
            "eps": 0.32,
            "eps_growth_year": 88.24,
            "eps_4q": 1.83,
            "eps_4q_growth_year": 367.54,
            "roe": 1.98,
            "roe_4q": 11.67,
            "gross_profit": 5487755,
            "gross_margin": 21.02,
            "gross_margin_4q_avg": 19.68,
            "net_income": 5689084,
            "revenue": 26111785,
            "common_shares": 191311927,
            "book_valuer_per_share": 15.22,
            "book_valuer_per_share_4q_avg": 14.73,
            "equity": 297402889,
            "current_ratio": 366.56,
            "debt_ratio": 19.11,
            "inventory_turnover_ratio": 1.9,
            "account_receivable_turnover_ratio": null,
            "reinvestment_rate": -17.83,
            "research_to_sale_ratio": null,
            "price_fair": 44.8,
            "eps_avg_yearly": 1.28,
            "eps_latest_yearly": 1.28,
            "eps_growth_yearly": 315.86
        },
        "20071": {
            "year_quarter": 20071,
            "year": 2007,
            "quarter": 1,
            "eps": 0.08,
            "eps_growth_year": -88.06,
            "eps_4q": 1.2,
            "eps_4q_growth_year": 23.16,
            "roe": 0.49,
            "roe_4q": 7.75,
            "gross_profit": 3656294,
            "gross_margin": 15.88,
            "gross_margin_4q_avg": 20.36,
            "net_income": 1458690,
            "revenue": 23025231,
            "common_shares": 191442517,
            "book_valuer_per_share": 15.35,
            "book_valuer_per_share_4q_avg": 14.88,
            "equity": 293832402,
            "current_ratio": 276.09,
            "debt_ratio": 17.75,
            "inventory_turnover_ratio": 1.86,
            "account_receivable_turnover_ratio": null,
            "reinvestment_rate": 9.81,
            "research_to_sale_ratio": null,
            "price_fair": 45.24,
            "eps_avg_yearly": 1.29,
            "eps_latest_yearly": 0.32,
            "eps_growth_yearly": 311.39
        },
        "20072": {
            "year_quarter": 20072,
            "year": 2007,
            "quarter": 2,
            "eps": 0.28,
            "eps_growth_year": -15.15,
            "eps_4q": 1.18,
            "eps_4q_growth_year": -8.3,
            "roe": 1.68,
            "roe_4q": 7.28,
            "gross_profit": 4967851,
            "gross_margin": 19.79,
            "gross_margin_4q_avg": 20.27,
            "net_income": 4910978,
            "revenue": 25096733,
            "common_shares": 191442517,
            "book_valuer_per_share": 15.12,
            "book_valuer_per_share_4q_avg": 15.07,
            "equity": 289545278,
            "current_ratio": 207.83,
            "debt_ratio": 18.56,
            "inventory_turnover_ratio": 1.93,
            "account_receivable_turnover_ratio": null,
            "reinvestment_rate": 12.81,
            "research_to_sale_ratio": null,
            "price_fair": 46.11,
            "eps_avg_yearly": 1.32,
            "eps_latest_yearly": 1.12,
            "eps_growth_yearly": 248.89
        },
        "20073": {
            "year_quarter": 20073,
            "year": 2007,
            "quarter": 3,
            "eps": 0.55,
            "eps_growth_year": 17.02,
            "eps_4q": 1.27,
            "eps_4q_growth_year": -22.64,
            "roe": 3.44,
            "roe_4q": 7.59,
            "gross_profit": 8233199,
            "gross_margin": 26.53,
            "gross_margin_4q_avg": 20.81,
            "net_income": 9233042,
            "revenue": 31028514,
            "common_shares": 132128269,
            "book_valuer_per_share": 18.67,
            "book_valuer_per_share_4q_avg": 16.09,
            "equity": 246649043,
            "current_ratio": 120.79,
            "debt_ratio": 29.87,
            "inventory_turnover_ratio": 2.09,
            "account_receivable_turnover_ratio": null,
            "reinvestment_rate": 13.16,
            "research_to_sale_ratio": null,
            "price_fair": 48.56,
            "eps_avg_yearly": 1.39,
            "eps_latest_yearly": 2.2,
            "eps_growth_yearly": 260.5
        },
        "20074": {
            "year_quarter": 20074,
            "year": 2007,
            "quarter": 4,
            "eps": 0.09,
            "eps_growth_year": -71.88,
            "eps_4q": 1.12,
            "eps_4q_growth_year": -38.78,
            "roe": 0.56,
            "roe_4q": 6.17,
            "gross_profit": 5628173,
            "gross_margin": 20.38,
            "gross_margin_4q_avg": 20.65,
            "net_income": 1359052,
            "revenue": 27620573,
            "common_shares": 132144949,
            "book_valuer_per_share": 17.89,
            "book_valuer_per_share_4q_avg": 16.76,
            "equity": 242997699,
            "current_ratio": 179.47,
            "debt_ratio": 18.88,
            "inventory_turnover_ratio": 1.93,
            "account_receivable_turnover_ratio": null,
            "reinvestment_rate": -13.95,
            "research_to_sale_ratio": null,
            "price_fair": 45.5,
            "eps_avg_yearly": 1.3,
            "eps_latest_yearly": 0.36,
            "eps_growth_yearly": 223.85
        },
        "20081": {
            "year_quarter": 20081,
            "year": 2008,
            "quarter": 1,
            "eps": 0.02,
            "eps_growth_year": -75,
            "eps_4q": 3.37,
            "eps_4q_growth_year": 181.68,
            "roe": 0.04,
            "roe_4q": 5.72,
            "gross_profit": 3829281,
            "gross_margin": 15.23,
            "gross_margin_4q_avg": 20.48,
            "net_income": 93324,
            "revenue": 25140158,
            "common_shares": 132144949,
            "book_valuer_per_share": 16.96,
            "book_valuer_per_share_4q_avg": 17.16,
            "equity": 230945756,
            "current_ratio": 252.4,
            "debt_ratio": 14.8,
            "inventory_turnover_ratio": 1.82,
            "account_receivable_turnover_ratio": null,
            "reinvestment_rate": 15.92,
            "research_to_sale_ratio": null,
            "price_fair": 41.74,
            "eps_avg_yearly": 1.19,
            "eps_latest_yearly": 0.08,
            "eps_growth_yearly": 203.84
        },
        "20082": {
            "year_quarter": 20082,
            "year": 2008,
            "quarter": 2,
            "eps": 0.19,
            "eps_growth_year": -32.14,
            "eps_4q": 1.1,
            "eps_4q_growth_year": -6.26,
            "roe": 1.02,
            "roe_4q": 5.0600000000000005,
            "gross_profit": 5968889,
            "gross_margin": 22.47,
            "gross_margin_4q_avg": 21.15,
            "net_income": 2271556,
            "revenue": 26567236,
            "common_shares": 132144949,
            "book_valuer_per_share": 15.64,
            "book_valuer_per_share_4q_avg": 17.29,
            "equity": 212986888,
            "current_ratio": 262.62,
            "debt_ratio": 15.21,
            "inventory_turnover_ratio": 1.7,
            "account_receivable_turnover_ratio": null,
            "reinvestment_rate": 2.41,
            "research_to_sale_ratio": null,
            "price_fair": 36.14,
            "eps_avg_yearly": 1.03,
            "eps_latest_yearly": 0.76,
            "eps_growth_yearly": 395.23
        },
        "20083": {
            "year_quarter": 20083,
            "year": 2008,
            "quarter": 3,
            "eps": -0.11,
            "eps_growth_year": -120,
            "eps_4q": 0.19,
            "eps_4q_growth_year": -85.16,
            "roe": -0.74,
            "roe_4q": 0.8800000000000001,
            "gross_profit": 4280290,
            "gross_margin": 17.05,
            "gross_margin_4q_avg": 18.78,
            "net_income": -1546007,
            "revenue": 25098495,
            "common_shares": 135434871,
            "book_valuer_per_share": 14.67,
            "book_valuer_per_share_4q_avg": 16.29,
            "equity": 205137251,
            "current_ratio": 417.78,
            "debt_ratio": 11.82,
            "inventory_turnover_ratio": 1.67,
            "account_receivable_turnover_ratio": null,
            "reinvestment_rate": -36.85,
            "research_to_sale_ratio": null,
            "price_fair": 32.48,
            "eps_avg_yearly": 0.93,
            "eps_latest_yearly": 0.76,
            "eps_growth_yearly": 427.36
        },
        "20084": {
            "year_quarter": 20084,
            "year": 2008,
            "quarter": 4,
            "eps": -1.79,
            "eps_growth_year": -2088.89,
            "eps_4q": -1.65,
            "eps_4q_growth_year": -246.98,
            "roe": -12,
            "roe_4q": -11.680000000000001,
            "gross_profit": -1390964,
            "gross_margin": -6.95,
            "gross_margin_4q_avg": 11.95,
            "net_income": -23801965,
            "revenue": 20007657,
            "common_shares": 129877713,
            "book_valuer_per_share": 14.22,
            "book_valuer_per_share_4q_avg": 15.37,
            "equity": 191658294,
            "current_ratio": 528.55,
            "debt_ratio": 11.43,
            "inventory_turnover_ratio": 2.11,
            "account_receivable_turnover_ratio": 4.68,
            "reinvestment_rate": -248.67,
            "research_to_sale_ratio": null,
            "price_fair": 34,
            "eps_avg_yearly": 0.97,
            "eps_latest_yearly": 0.76,
            "eps_growth_yearly": 482.94
        },
        "20091": {
            "year_quarter": 20091,
            "year": 2009,
            "quarter": 1,
            "eps": -0.64,
            "eps_growth_year": -3300,
            "eps_4q": -2.36,
            "eps_4q_growth_year": -170.18,
            "roe": -4.46,
            "roe_4q": -16.18,
            "gross_profit": -4940161,
            "gross_margin": -44.17,
            "gross_margin_4q_avg": -2.9,
            "net_income": -8514411,
            "revenue": 11184283,
            "common_shares": 129877713,
            "book_valuer_per_share": 14.13,
            "book_valuer_per_share_4q_avg": 14.67,
            "equity": 189746050,
            "current_ratio": 538.5,
            "debt_ratio": 11.12,
            "inventory_turnover_ratio": 2.09,
            "account_receivable_turnover_ratio": 1.42,
            "reinvestment_rate": -114.33,
            "research_to_sale_ratio": null,
            "price_fair": 35.65,
            "eps_avg_yearly": 1.02,
            "eps_latest_yearly": 0.76,
            "eps_growth_yearly": 516.24
        },
        "20092": {
            "year_quarter": 20092,
            "year": 2009,
            "quarter": 2,
            "eps": 0.12,
            "eps_growth_year": -36.84,
            "eps_4q": -16.5,
            "eps_4q_growth_year": -1594.81,
            "roe": -0.12,
            "roe_4q": -17.319999999999997,
            "gross_profit": 5243420,
            "gross_margin": 22.91,
            "gross_margin_4q_avg": -2.79,
            "net_income": -229378,
            "revenue": 22889708,
            "common_shares": 129877713,
            "book_valuer_per_share": 14.65,
            "book_valuer_per_share_4q_avg": 14.42,
            "equity": 194747074,
            "current_ratio": 364.06,
            "debt_ratio": 11.46,
            "inventory_turnover_ratio": 2.18,
            "account_receivable_turnover_ratio": 2.09,
            "reinvestment_rate": -296.51,
            "research_to_sale_ratio": null,
            "price_fair": 38.38,
            "eps_avg_yearly": 1.1,
            "eps_latest_yearly": 0.76,
            "eps_growth_yearly": 585.19
        },
        "20093": {
            "year_quarter": 20093,
            "year": 2009,
            "quarter": 3,
            "eps": 0.48,
            "eps_growth_year": null,
            "eps_4q": -1.9,
            "eps_4q_growth_year": -1111.91,
            "roe": 3,
            "roe_4q": -13.58,
            "gross_profit": 7785507,
            "gross_margin": 27.46,
            "gross_margin_4q_avg": -0.19,
            "net_income": 6057613,
            "revenue": 28348312,
            "common_shares": 129877713,
            "book_valuer_per_share": 15.74,
            "book_valuer_per_share_4q_avg": 14.69,
            "equity": 209032069,
            "current_ratio": 361.88,
            "debt_ratio": 12.04,
            "inventory_turnover_ratio": 2.32,
            "account_receivable_turnover_ratio": 1.79,
            "reinvestment_rate": -228.04,
            "research_to_sale_ratio": null,
            "price_fair": 42.58,
            "eps_avg_yearly": 1.22,
            "eps_latest_yearly": 1.92,
            "eps_growth_yearly": 518.52
        },
        "20094": {
            "year_quarter": 20094,
            "year": 2009,
            "quarter": 4,
            "eps": 0.35,
            "eps_growth_year": null,
            "eps_4q": 0.3,
            "eps_4q_growth_year": null,
            "roe": 2.06,
            "roe_4q": 0.4800000000000004,
            "gross_profit": 7316223,
            "gross_margin": 25.26,
            "gross_margin_4q_avg": 7.87,
            "net_income": 4357066,
            "revenue": 28967462,
            "common_shares": 129877713,
            "book_valuer_per_share": 16.75,
            "book_valuer_per_share_4q_avg": 15.32,
            "equity": 214096256,
            "current_ratio": 290.42,
            "debt_ratio": 15.59,
            "inventory_turnover_ratio": 2.41,
            "account_receivable_turnover_ratio": 3.39,
            "reinvestment_rate": -48.02,
            "research_to_sale_ratio": null,
            "price_fair": 44.68,
            "eps_avg_yearly": 1.28,
            "eps_latest_yearly": 1.4,
            "eps_growth_yearly": 495.6
        },
        "20101": {
            "year_quarter": 20101,
            "year": 2010,
            "quarter": 1,
            "eps": 0.28,
            "eps_growth_year": null,
            "eps_4q": 1.25,
            "eps_4q_growth_year": null,
            "roe": 1.64,
            "roe_4q": 6.58,
            "gross_profit": 6569493,
            "gross_margin": 24.03,
            "gross_margin_4q_avg": 24.92,
            "net_income": 3465502,
            "revenue": 27337792,
            "common_shares": 129879123,
            "book_valuer_per_share": 16.69,
            "book_valuer_per_share_4q_avg": 15.96,
            "equity": 208888964,
            "current_ratio": 280.48,
            "debt_ratio": 16.07,
            "inventory_turnover_ratio": 2.19,
            "account_receivable_turnover_ratio": 1.56,
            "reinvestment_rate": -3.46,
            "research_to_sale_ratio": 7.35,
            "price_fair": 40.13,
            "eps_avg_yearly": 1.15,
            "eps_latest_yearly": 1.12,
            "eps_growth_yearly": 390.9
        },
        "20102": {
            "year_quarter": 20102,
            "year": 2010,
            "quarter": 2,
            "eps": 0.42,
            "eps_growth_year": 252.91,
            "eps_4q": 1.55,
            "eps_4q_growth_year": null,
            "roe": 2.53,
            "roe_4q": 9.23,
            "gross_profit": 8974987,
            "gross_margin": 29.31,
            "gross_margin_4q_avg": 26.52,
            "net_income": 5259601,
            "revenue": 30618287,
            "common_shares": 129879123,
            "book_valuer_per_share": 16.52,
            "book_valuer_per_share_4q_avg": 16.43,
            "equity": 206124941,
            "current_ratio": 247.18,
            "debt_ratio": 17.9,
            "inventory_turnover_ratio": 2.1,
            "account_receivable_turnover_ratio": 1.61,
            "reinvestment_rate": 38.04,
            "research_to_sale_ratio": 7.04,
            "price_fair": 41.18,
            "eps_avg_yearly": 1.18,
            "eps_latest_yearly": 1.68,
            "eps_growth_yearly": 424.48
        },
        "20103": {
            "year_quarter": 20103,
            "year": 2010,
            "quarter": 3,
            "eps": 0.7,
            "eps_growth_year": 45.93,
            "eps_4q": 1.76,
            "eps_4q_growth_year": null,
            "roe": 4.11,
            "roe_4q": 10.340000000000002,
            "gross_profit": 10988533,
            "gross_margin": 32.27,
            "gross_margin_4q_avg": 27.72,
            "net_income": 8691342,
            "revenue": 34049715,
            "common_shares": 129879123,
            "book_valuer_per_share": 17.35,
            "book_valuer_per_share_4q_avg": 16.83,
            "equity": 216830116,
            "current_ratio": 209.83,
            "debt_ratio": 18.64,
            "inventory_turnover_ratio": 2.07,
            "account_receivable_turnover_ratio": 1.7,
            "reinvestment_rate": 120.39,
            "research_to_sale_ratio": 6.58,
            "price_fair": 43.87,
            "eps_avg_yearly": 1.25,
            "eps_latest_yearly": 2.8,
            "eps_growth_yearly": 432.56
        },
        "20104": {
            "year_quarter": 20104,
            "year": 2010,
            "quarter": 4,
            "eps": 0.51,
            "eps_growth_year": 46.67,
            "eps_4q": 1.91,
            "eps_4q_growth_year": 528.53,
            "roe": 2.91,
            "roe_4q": 11.190000000000001,
            "gross_profit": 10340531,
            "gross_margin": 30.03,
            "gross_margin_4q_avg": 28.91,
            "net_income": 6429511,
            "revenue": 34435750,
            "common_shares": 129879123,
            "book_valuer_per_share": 17.53,
            "book_valuer_per_share_4q_avg": 17.02,
            "equity": 225136029,
            "current_ratio": 206.34,
            "debt_ratio": 19.85,
            "inventory_turnover_ratio": 1.97,
            "account_receivable_turnover_ratio": 1.76,
            "reinvestment_rate": 129.25,
            "research_to_sale_ratio": 6.78,
            "price_fair": 46.08,
            "eps_avg_yearly": 1.32,
            "eps_latest_yearly": 2.04,
            "eps_growth_yearly": 434.15
        },
        "20111": {
            "year_quarter": 20111,
            "year": 2011,
            "quarter": 1,
            "eps": 0.36,
            "eps_growth_year": 28.57,
            "eps_4q": 1.99,
            "eps_4q_growth_year": 59.66,
            "roe": 1.96,
            "roe_4q": 11.51,
            "gross_profit": 7674163,
            "gross_margin": 24.62,
            "gross_margin_4q_avg": 29.06,
            "net_income": 4412810,
            "revenue": 31165676,
            "common_shares": 129879123,
            "book_valuer_per_share": 17.58,
            "book_valuer_per_share_4q_avg": 17.25,
            "equity": 225613025,
            "current_ratio": 197.14,
            "debt_ratio": 20.32,
            "inventory_turnover_ratio": 1.73,
            "account_receivable_turnover_ratio": 1.67,
            "reinvestment_rate": 151.51,
            "research_to_sale_ratio": 7.39,
            "price_fair": 49.35,
            "eps_avg_yearly": 1.41,
            "eps_latest_yearly": 1.44,
            "eps_growth_yearly": 449.35
        },
        "20112": {
            "year_quarter": 20112,
            "year": 2011,
            "quarter": 2,
            "eps": 0.25,
            "eps_growth_year": -40.19,
            "eps_4q": 1.81,
            "eps_4q_growth_year": 17.16,
            "roe": 1.32,
            "roe_4q": 10.3,
            "gross_profit": 6402578,
            "gross_margin": 20.21,
            "gross_margin_4q_avg": 26.78,
            "net_income": 2894038,
            "revenue": 31679065,
            "common_shares": 129879123,
            "book_valuer_per_share": 16.54,
            "book_valuer_per_share_4q_avg": 17.25,
            "equity": 213981795,
            "current_ratio": 175.23,
            "debt_ratio": 27.7,
            "inventory_turnover_ratio": 1.81,
            "account_receivable_turnover_ratio": 1.7,
            "reinvestment_rate": 192.87,
            "research_to_sale_ratio": 7.35,
            "price_fair": 49,
            "eps_avg_yearly": 1.4,
            "eps_latest_yearly": 1,
            "eps_growth_yearly": 355.83
        },
        "20113": {
            "year_quarter": 20113,
            "year": 2011,
            "quarter": 3,
            "eps": 0.15,
            "eps_growth_year": -77.87,
            "eps_4q": 1.27,
            "eps_4q_growth_year": -27.52,
            "roe": 0.46,
            "roe_4q": 6.65,
            "gross_profit": 4372726,
            "gross_margin": 15.73,
            "gross_margin_4q_avg": 22.65,
            "net_income": 977347,
            "revenue": 27799999,
            "common_shares": 130820476,
            "book_valuer_per_share": 16.58,
            "book_valuer_per_share_4q_avg": 17.06,
            "equity": 213679339,
            "current_ratio": 220.79,
            "debt_ratio": 23.28,
            "inventory_turnover_ratio": 1.63,
            "account_receivable_turnover_ratio": 1.56,
            "reinvestment_rate": 296.52,
            "research_to_sale_ratio": 8.54,
            "price_fair": 44.33,
            "eps_avg_yearly": 1.27,
            "eps_latest_yearly": 0.6,
            "eps_growth_yearly": 310.35
        },
        "20114": {
            "year_quarter": 20114,
            "year": 2011,
            "quarter": 4,
            "eps": 0.08,
            "eps_growth_year": -84.86,
            "eps_4q": 0.84,
            "eps_4q_growth_year": -55.95,
            "roe": 0.09,
            "roe_4q": 3.83,
            "gross_profit": 2836514,
            "gross_margin": 10.89,
            "gross_margin_4q_avg": 17.86,
            "net_income": 182721,
            "revenue": 26057983,
            "common_shares": 130843416,
            "book_valuer_per_share": 16.47,
            "book_valuer_per_share_4q_avg": 16.79,
            "equity": 212124963,
            "current_ratio": 195.91,
            "debt_ratio": 24.2,
            "inventory_turnover_ratio": 1.68,
            "account_receivable_turnover_ratio": 1.66,
            "reinvestment_rate": 328.81,
            "research_to_sale_ratio": 9.16,
            "price_fair": 44.22,
            "eps_avg_yearly": 1.26,
            "eps_latest_yearly": 0.32,
            "eps_growth_yearly": 322.68
        },
        "20121": {
            "year_quarter": 20121,
            "year": 2012,
            "quarter": 1,
            "eps": 0.11,
            "eps_growth_year": -69.44,
            "eps_4q": 0.59,
            "eps_4q_growth_year": -70.29,
            "roe": 0.52,
            "roe_4q": 2.39,
            "gross_profit": 4055813,
            "gross_margin": 15.44,
            "gross_margin_4q_avg": 15.57,
            "net_income": 1107838,
            "revenue": 26269434,
            "common_shares": 129264072,
            "book_valuer_per_share": 16.67,
            "book_valuer_per_share_4q_avg": 16.57,
            "equity": 214551524,
            "current_ratio": 198.6,
            "debt_ratio": 24.22,
            "inventory_turnover_ratio": 1.76,
            "account_receivable_turnover_ratio": 1.78,
            "reinvestment_rate": 385.72,
            "research_to_sale_ratio": 8.75,
            "price_fair": 45.27,
            "eps_avg_yearly": 1.29,
            "eps_latest_yearly": 0.44,
            "eps_growth_yearly": 361.1
        },
        "20122": {
            "year_quarter": 20122,
            "year": 2012,
            "quarter": 2,
            "eps": 0.24,
            "eps_growth_year": -6.48,
            "eps_4q": 0.58,
            "eps_4q_growth_year": -68.24,
            "roe": 1.26,
            "roe_4q": 2.33,
            "gross_profit": 6362084,
            "gross_margin": 20.94,
            "gross_margin_4q_avg": 15.75,
            "net_income": 2679350,
            "revenue": 30377330,
            "common_shares": 129378662,
            "book_valuer_per_share": 16.32,
            "book_valuer_per_share_4q_avg": 16.51,
            "equity": 209763968,
            "current_ratio": 169.3,
            "debt_ratio": 29.93,
            "inventory_turnover_ratio": 1.83,
            "account_receivable_turnover_ratio": 1.81,
            "reinvestment_rate": 466.93,
            "research_to_sale_ratio": 8.41,
            "price_fair": 45.85,
            "eps_avg_yearly": 1.31,
            "eps_latest_yearly": 0.96,
            "eps_growth_yearly": 117.16
        },
        "20123": {
            "year_quarter": 20123,
            "year": 2012,
            "quarter": 3,
            "eps": 0.19,
            "eps_growth_year": 23.4,
            "eps_4q": 0.61,
            "eps_4q_growth_year": -52,
            "roe": 0.64,
            "roe_4q": 2.51,
            "gross_profit": 5756338,
            "gross_margin": 19.08,
            "gross_margin_4q_avg": 16.59,
            "net_income": 1342579,
            "revenue": 30173646,
            "common_shares": 129378662,
            "book_valuer_per_share": 16.3,
            "book_valuer_per_share_4q_avg": 16.44,
            "equity": 208805969,
            "current_ratio": 184.33,
            "debt_ratio": 28.08,
            "inventory_turnover_ratio": 1.8,
            "account_receivable_turnover_ratio": 1.65,
            "reinvestment_rate": 395.4,
            "research_to_sale_ratio": 7.75,
            "price_fair": 44.37,
            "eps_avg_yearly": 1.27,
            "eps_latest_yearly": 0.76,
            "eps_growth_yearly": 101.74
        },
        "20124": {
            "year_quarter": 20124,
            "year": 2012,
            "quarter": 4,
            "eps": 0.09,
            "eps_growth_year": 9.72,
            "eps_4q": 0.62,
            "eps_4q_growth_year": -26.45,
            "roe": 0.36,
            "roe_4q": 2.78,
            "gross_profit": 3237350,
            "gross_margin": 11.22,
            "gross_margin_4q_avg": 16.67,
            "net_income": 744154,
            "revenue": 28854353,
            "common_shares": 129518055,
            "book_valuer_per_share": 16.02,
            "book_valuer_per_share_4q_avg": 16.33,
            "equity": 205020945,
            "current_ratio": 202.12,
            "debt_ratio": 27.03,
            "inventory_turnover_ratio": 1.93,
            "account_receivable_turnover_ratio": 1.69,
            "reinvestment_rate": 184.82,
            "research_to_sale_ratio": 8.99,
            "price_fair": 42.1,
            "eps_avg_yearly": 1.2,
            "eps_latest_yearly": 0.36,
            "eps_growth_yearly": 79.44
        },
        "20131": {
            "year_quarter": 20131,
            "year": 2013,
            "quarter": 1,
            "eps": 0.52,
            "eps_growth_year": 372.73,
            "eps_4q": 1.04,
            "eps_4q_growth_year": 75.83,
            "roe": 3.06,
            "roe_4q": 5.319999999999999,
            "gross_profit": 4491507,
            "gross_margin": 16.17,
            "gross_margin_4q_avg": 16.85,
            "net_income": 6413694,
            "revenue": 27781416,
            "common_shares": 129532805,
            "book_valuer_per_share": 16.67,
            "book_valuer_per_share_4q_avg": 16.33,
            "equity": 214416107,
            "current_ratio": 246.1,
            "debt_ratio": 28.63,
            "inventory_turnover_ratio": 1.71,
            "account_receivable_turnover_ratio": 1.65,
            "reinvestment_rate": 157.27,
            "research_to_sale_ratio": 8.62,
            "price_fair": 44.15,
            "eps_avg_yearly": 1.26,
            "eps_latest_yearly": 2.08,
            "eps_growth_yearly": 201.55
        },
        "20132": {
            "year_quarter": 20132,
            "year": 2013,
            "quarter": 2,
            "eps": 0.15,
            "eps_growth_year": -36.67,
            "eps_4q": 0.96,
            "eps_4q_growth_year": 66.33,
            "roe": 0.82,
            "roe_4q": 4.88,
            "gross_profit": 6177310,
            "gross_margin": 19.36,
            "gross_margin_4q_avg": 16.46,
            "net_income": 1738173,
            "revenue": 31904704,
            "common_shares": 126541173,
            "book_valuer_per_share": 16.5,
            "book_valuer_per_share_4q_avg": 16.37,
            "equity": 209903981,
            "current_ratio": 161.24,
            "debt_ratio": 30.75,
            "inventory_turnover_ratio": 1.8,
            "account_receivable_turnover_ratio": 1.73,
            "reinvestment_rate": 175.08,
            "research_to_sale_ratio": 10.19,
            "price_fair": 42.7,
            "eps_avg_yearly": 1.22,
            "eps_latest_yearly": 0.6,
            "eps_growth_yearly": 171.16
        },
        "20133": {
            "year_quarter": 20133,
            "year": 2013,
            "quarter": 3,
            "eps": 0.28,
            "eps_growth_year": 46.4,
            "eps_4q": 1.04,
            "eps_4q_growth_year": 69.98,
            "roe": 1.6,
            "roe_4q": 5.840000000000001,
            "gross_profit": 7336900,
            "gross_margin": 21.96,
            "gross_margin_4q_avg": 17.18,
            "net_income": 3365561,
            "revenue": 33406772,
            "common_shares": 126541173,
            "book_valuer_per_share": 16.59,
            "book_valuer_per_share_4q_avg": 16.45,
            "equity": 211396846,
            "current_ratio": 170.09,
            "debt_ratio": 29.48,
            "inventory_turnover_ratio": 1.83,
            "account_receivable_turnover_ratio": 1.76,
            "reinvestment_rate": 189.21,
            "research_to_sale_ratio": 9.76,
            "price_fair": 40.95,
            "eps_avg_yearly": 1.17,
            "eps_latest_yearly": 1.12,
            "eps_growth_yearly": 117.83
        },
        "20134": {
            "year_quarter": 20134,
            "year": 2013,
            "quarter": 4,
            "eps": 0.06,
            "eps_growth_year": -29.58,
            "eps_4q": 1.01,
            "eps_4q_growth_year": 63.56,
            "roe": 0.28,
            "roe_4q": 5.76,
            "gross_profit": 5557258,
            "gross_margin": 18.09,
            "gross_margin_4q_avg": 18.9,
            "net_income": 587532,
            "revenue": 30718744,
            "common_shares": 126920817,
            "book_valuer_per_share": 16.68,
            "book_valuer_per_share_4q_avg": 16.61,
            "equity": 212441176,
            "current_ratio": 184.21,
            "debt_ratio": 28.21,
            "inventory_turnover_ratio": 1.79,
            "account_receivable_turnover_ratio": 1.73,
            "reinvestment_rate": 90.97,
            "research_to_sale_ratio": 11.67,
            "price_fair": 38.41,
            "eps_avg_yearly": 1.1,
            "eps_latest_yearly": 0.24,
            "eps_growth_yearly": 104.96
        },
        "20141": {
            "year_quarter": 20141,
            "year": 2014,
            "quarter": 1,
            "eps": 0.09,
            "eps_growth_year": -82.69,
            "eps_4q": 0.58,
            "eps_4q_growth_year": -44.4,
            "roe": 0.52,
            "roe_4q": 3.22,
            "gross_profit": 5901378,
            "gross_margin": 18.62,
            "gross_margin_4q_avg": 19.51,
            "net_income": 1110807,
            "revenue": 31693585,
            "common_shares": 126978232,
            "book_valuer_per_share": 17.09,
            "book_valuer_per_share_4q_avg": 16.72,
            "equity": 217775311,
            "current_ratio": 196.51,
            "debt_ratio": 27.8,
            "inventory_turnover_ratio": 1.82,
            "account_receivable_turnover_ratio": 1.78,
            "reinvestment_rate": 95.88,
            "research_to_sale_ratio": 10.52,
            "price_fair": 36.75,
            "eps_avg_yearly": 1.05,
            "eps_latest_yearly": 0.36,
            "eps_growth_yearly": 122.46
        },
        "20142": {
            "year_quarter": 20142,
            "year": 2014,
            "quarter": 2,
            "eps": 0.28,
            "eps_growth_year": 86.67,
            "eps_4q": 0.71,
            "eps_4q_growth_year": -25.62,
            "roe": 1.54,
            "roe_4q": 3.94,
            "gross_profit": 8207099,
            "gross_margin": 22.88,
            "gross_margin_4q_avg": 20.39,
            "net_income": 3325726,
            "revenue": 35869351,
            "common_shares": 127063143,
            "book_valuer_per_share": 16.89,
            "book_valuer_per_share_4q_avg": 16.81,
            "equity": 215112741,
            "current_ratio": 198.02,
            "debt_ratio": 29.19,
            "inventory_turnover_ratio": 1.96,
            "account_receivable_turnover_ratio": 1.77,
            "reinvestment_rate": 93.96,
            "research_to_sale_ratio": 9.27,
            "price_fair": 35.53,
            "eps_avg_yearly": 1.02,
            "eps_latest_yearly": 1.12,
            "eps_growth_yearly": 162.73
        },
        "20143": {
            "year_quarter": 20143,
            "year": 2014,
            "quarter": 3,
            "eps": 0.23,
            "eps_growth_year": -17.86,
            "eps_4q": 0.67,
            "eps_4q_growth_year": -35.91,
            "roe": 1.2,
            "roe_4q": 3.54,
            "gross_profit": 7558516,
            "gross_margin": 21.46,
            "gross_margin_4q_avg": 20.26,
            "net_income": 2579339,
            "revenue": 35213850,
            "common_shares": 127063143,
            "book_valuer_per_share": 16.99,
            "book_valuer_per_share_4q_avg": 16.91,
            "equity": 216392467,
            "current_ratio": 202.01,
            "debt_ratio": 28.07,
            "inventory_turnover_ratio": 1.96,
            "account_receivable_turnover_ratio": 1.62,
            "reinvestment_rate": 68.93,
            "research_to_sale_ratio": 9.85,
            "price_fair": 31.41,
            "eps_avg_yearly": 0.9,
            "eps_latest_yearly": 0.92,
            "eps_growth_yearly": 141.6
        },
        "20144": {
            "year_quarter": 20144,
            "year": 2014,
            "quarter": 4,
            "eps": 0.36,
            "eps_growth_year": 506.92,
            "eps_4q": 0.97,
            "eps_4q_growth_year": -4.19,
            "roe": 2.02,
            "roe_4q": 5.279999999999999,
            "gross_profit": 10185685,
            "gross_margin": 27.35,
            "gross_margin_4q_avg": 22.58,
            "net_income": 4463717,
            "revenue": 37235290,
            "common_shares": 127252078,
            "book_valuer_per_share": 17.66,
            "book_valuer_per_share_4q_avg": 17.16,
            "equity": 225008851,
            "current_ratio": 201.35,
            "debt_ratio": 28.17,
            "inventory_turnover_ratio": 1.83,
            "account_receivable_turnover_ratio": 1.68,
            "reinvestment_rate": 56.08,
            "research_to_sale_ratio": 9.49,
            "price_fair": 30.1,
            "eps_avg_yearly": 0.86,
            "eps_latest_yearly": 1.44,
            "eps_growth_yearly": 162.52
        },
        "20151": {
            "year_quarter": 20151,
            "year": 2015,
            "quarter": 1,
            "eps": 0.32,
            "eps_growth_year": 255.56,
            "eps_4q": 1.19,
            "eps_4q_growth_year": 106.14,
            "roe": 1.72,
            "roe_4q": 6.48,
            "gross_profit": 9155109,
            "gross_margin": 24.32,
            "gross_margin_4q_avg": 24,
            "net_income": 3912472,
            "revenue": 37649644,
            "common_shares": 127477628,
            "book_valuer_per_share": 17.98,
            "book_valuer_per_share_4q_avg": 17.38,
            "equity": 229262232,
            "current_ratio": 227.33,
            "debt_ratio": 28.59,
            "inventory_turnover_ratio": 1.85,
            "account_receivable_turnover_ratio": 1.75,
            "reinvestment_rate": 52.76,
            "research_to_sale_ratio": 7.75,
            "price_fair": 29.75,
            "eps_avg_yearly": 0.85,
            "eps_latest_yearly": 1.28,
            "eps_growth_yearly": 167.09
        },
        "20152": {
            "year_quarter": 20152,
            "year": 2015,
            "quarter": 2,
            "eps": 0.37,
            "eps_growth_year": 32.14,
            "eps_4q": 1.27,
            "eps_4q_growth_year": 79.01,
            "roe": 2,
            "roe_4q": 6.94,
            "gross_profit": 8723482,
            "gross_margin": 22.95,
            "gross_margin_4q_avg": 24.02,
            "net_income": 4545040,
            "revenue": 38011554,
            "common_shares": 127514409,
            "book_valuer_per_share": 17.5,
            "book_valuer_per_share_4q_avg": 17.53,
            "equity": 224382487,
            "current_ratio": 251.17,
            "debt_ratio": 32.26,
            "inventory_turnover_ratio": 1.85,
            "account_receivable_turnover_ratio": 1.81,
            "reinvestment_rate": 48.18,
            "research_to_sale_ratio": 7.93,
            "price_fair": 30.8,
            "eps_avg_yearly": 0.88,
            "eps_latest_yearly": 1.48,
            "eps_growth_yearly": 178.64
        },
        "20153": {
            "year_quarter": 20153,
            "year": 2015,
            "quarter": 3,
            "eps": 0.14,
            "eps_growth_year": -39.13,
            "eps_4q": 1.2,
            "eps_4q_growth_year": 79.8,
            "roe": 0.58,
            "roe_4q": 6.32,
            "gross_profit": 6910603,
            "gross_margin": 19.57,
            "gross_margin_4q_avg": 23.55,
            "net_income": 1307045,
            "revenue": 35319841,
            "common_shares": 127581329,
            "book_valuer_per_share": 17.89,
            "book_valuer_per_share_4q_avg": 17.76,
            "equity": 223998142,
            "current_ratio": 213.7,
            "debt_ratio": 31.96,
            "inventory_turnover_ratio": 1.74,
            "account_receivable_turnover_ratio": 1.71,
            "reinvestment_rate": 85.81,
            "research_to_sale_ratio": 8.89,
            "price_fair": 30.71,
            "eps_avg_yearly": 0.88,
            "eps_latest_yearly": 0.56,
            "eps_growth_yearly": 173.1
        },
        "20154": {
            "year_quarter": 20154,
            "year": 2015,
            "quarter": 4,
            "eps": 0.25,
            "eps_growth_year": -30.13,
            "eps_4q": 1.08,
            "eps_4q_growth_year": 11.76,
            "roe": 1.36,
            "roe_4q": 5.66,
            "gross_profit": 6979333,
            "gross_margin": 20.62,
            "gross_margin_4q_avg": 21.87,
            "net_income": 3071094,
            "revenue": 33849382,
            "common_shares": 127581329,
            "book_valuer_per_share": 18.28,
            "book_valuer_per_share_4q_avg": 17.91,
            "equity": 228817403,
            "current_ratio": 196.53,
            "debt_ratio": 32.18,
            "inventory_turnover_ratio": 1.57,
            "account_receivable_turnover_ratio": 1.73,
            "reinvestment_rate": 84.12,
            "research_to_sale_ratio": 9.17,
            "price_fair": 32.2,
            "eps_avg_yearly": 0.92,
            "eps_latest_yearly": 1,
            "eps_growth_yearly": 204.41
        },
        "20161": {
            "year_quarter": 20161,
            "year": 2016,
            "quarter": 1,
            "eps": 0.02,
            "eps_growth_year": -93.75,
            "eps_4q": 0.78,
            "eps_4q_growth_year": -34.54,
            "roe": 0.03,
            "roe_4q": 3.97,
            "gross_profit": 5033993,
            "gross_margin": 14.63,
            "gross_margin_4q_avg": 19.44,
            "net_income": 79180,
            "revenue": 34404079,
            "common_shares": 127581329,
            "book_valuer_per_share": 18.25,
            "book_valuer_per_share_4q_avg": 17.98,
            "equity": 228444337,
            "current_ratio": 244.82,
            "debt_ratio": 33.77,
            "inventory_turnover_ratio": 1.75,
            "account_receivable_turnover_ratio": 1.77,
            "reinvestment_rate": 75.81,
            "research_to_sale_ratio": 8.97,
            "price_fair": 31.41,
            "eps_avg_yearly": 0.9,
            "eps_latest_yearly": 0.08,
            "eps_growth_yearly": 172.03
        },
        "20162": {
            "year_quarter": 20162,
            "year": 2016,
            "quarter": 2,
            "eps": 0.21,
            "eps_growth_year": -43.24,
            "eps_4q": 0.63,
            "eps_4q_growth_year": -50.73,
            "roe": 0.7,
            "roe_4q": 2.67,
            "gross_profit": 8284942,
            "gross_margin": 22.39,
            "gross_margin_4q_avg": 19.3,
            "net_income": 1578852,
            "revenue": 36996517,
            "common_shares": 126243187,
            "book_valuer_per_share": 17.83,
            "book_valuer_per_share_4q_avg": 18.06,
            "equity": 219526503,
            "current_ratio": 129.42,
            "debt_ratio": 40.29,
            "inventory_turnover_ratio": 1.72,
            "account_receivable_turnover_ratio": 1.67,
            "reinvestment_rate": 102.47,
            "research_to_sale_ratio": 8.72,
            "price_fair": 31.15,
            "eps_avg_yearly": 0.89,
            "eps_latest_yearly": 0.84,
            "eps_growth_yearly": 379.99
        },
        "20163": {
            "year_quarter": 20163,
            "year": 2016,
            "quarter": 3,
            "eps": 0.24,
            "eps_growth_year": 71.43,
            "eps_4q": 0.73,
            "eps_4q_growth_year": -38.91,
            "roe": 0.8,
            "roe_4q": 2.89,
            "gross_profit": 8301437,
            "gross_margin": 21.75,
            "gross_margin_4q_avg": 19.85,
            "net_income": 1756199,
            "revenue": 38163589,
            "common_shares": 126243187,
            "book_valuer_per_share": 17.81,
            "book_valuer_per_share_4q_avg": 18.04,
            "equity": 218998882,
            "current_ratio": 128.2,
            "debt_ratio": 41.59,
            "inventory_turnover_ratio": 1.72,
            "account_receivable_turnover_ratio": 1.63,
            "reinvestment_rate": 121.21,
            "research_to_sale_ratio": 8.9,
            "price_fair": 31.59,
            "eps_avg_yearly": 0.9,
            "eps_latest_yearly": 0.96,
            "eps_growth_yearly": 388.77
        },
        "20164": {
            "year_quarter": 20164,
            "year": 2016,
            "quarter": 4,
            "eps": 0.21,
            "eps_growth_year": -18.04,
            "eps_4q": 0.68,
            "eps_4q_growth_year": -37.15,
            "roe": 0.21,
            "roe_4q": 1.74,
            "gross_profit": 8759058,
            "gross_margin": 22.87,
            "gross_margin_4q_avg": 20.41,
            "net_income": 448844,
            "revenue": 38305939,
            "common_shares": 126243187,
            "book_valuer_per_share": 17.74,
            "book_valuer_per_share_4q_avg": 17.91,
            "equity": 218741624,
            "current_ratio": 153.48,
            "debt_ratio": 43.43,
            "inventory_turnover_ratio": 1.73,
            "account_receivable_turnover_ratio": 1.69,
            "reinvestment_rate": 141.72,
            "research_to_sale_ratio": 9.98,
            "price_fair": 32.64,
            "eps_avg_yearly": 0.93,
            "eps_latest_yearly": 0.84,
            "eps_growth_yearly": 398.8
        },
        "20171": {
            "year_quarter": 20171,
            "year": 2017,
            "quarter": 1,
            "eps": 0.19,
            "eps_growth_year": 850,
            "eps_4q": 0.85,
            "eps_4q_growth_year": 9.13,
            "roe": 0.69,
            "roe_4q": 2.4,
            "gross_profit": 7428450,
            "gross_margin": 19.85,
            "gross_margin_4q_avg": 21.72,
            "net_income": 1497025,
            "revenue": 37417950,
            "common_shares": 126243187,
            "book_valuer_per_share": 17.67,
            "book_valuer_per_share_4q_avg": 17.76,
            "equity": 216681183,
            "current_ratio": 166.8,
            "debt_ratio": 42.89,
            "inventory_turnover_ratio": 1.8,
            "account_receivable_turnover_ratio": 1.7,
            "reinvestment_rate": 129.48,
            "research_to_sale_ratio": 10.67,
            "price_fair": 29.75,
            "eps_avg_yearly": 0.85,
            "eps_latest_yearly": 0.76,
            "eps_growth_yearly": 276.98
        },
        "20172": {
            "year_quarter": 20172,
            "year": 2017,
            "quarter": 2,
            "eps": 0.17,
            "eps_growth_year": -19.05,
            "eps_4q": 0.81,
            "eps_4q_growth_year": 29.32,
            "roe": 0.69,
            "roe_4q": 2.3899999999999997,
            "gross_profit": 6739390,
            "gross_margin": 17.95,
            "gross_margin_4q_avg": 20.61,
            "net_income": 1477631,
            "revenue": 37537881,
            "common_shares": 126243187,
            "book_valuer_per_share": 17.39,
            "book_valuer_per_share_4q_avg": 17.65,
            "equity": 213195901,
            "current_ratio": 136.92,
            "debt_ratio": 44.74,
            "inventory_turnover_ratio": 1.89,
            "account_receivable_turnover_ratio": 1.74,
            "reinvestment_rate": 120.1,
            "research_to_sale_ratio": 8.65,
            "price_fair": 29.93,
            "eps_avg_yearly": 0.86,
            "eps_latest_yearly": 0.68,
            "eps_growth_yearly": 292.13
        },
        "20173": {
            "year_quarter": 20173,
            "year": 2017,
            "quarter": 3,
            "eps": 0.28,
            "eps_growth_year": 16.67,
            "eps_4q": 0.85,
            "eps_4q_growth_year": 16.56,
            "roe": 1.15,
            "roe_4q": 2.7399999999999998,
            "gross_profit": 6592258,
            "gross_margin": 17.49,
            "gross_margin_4q_avg": 19.54,
            "net_income": 2463918,
            "revenue": 37698201,
            "common_shares": 126243187,
            "book_valuer_per_share": 17.48,
            "book_valuer_per_share_4q_avg": 17.57,
            "equity": 214437187,
            "current_ratio": 151.43,
            "debt_ratio": 44.18,
            "inventory_turnover_ratio": 1.86,
            "account_receivable_turnover_ratio": 1.68,
            "reinvestment_rate": 103.36,
            "research_to_sale_ratio": 8.87,
            "price_fair": 29.93,
            "eps_avg_yearly": 0.86,
            "eps_latest_yearly": 1.12,
            "eps_growth_yearly": 286.64
        },
        "20174": {
            "year_quarter": 20174,
            "year": 2017,
            "quarter": 4,
            "eps": 0.15,
            "eps_growth_year": -30.49,
            "eps_4q": 0.79,
            "eps_4q_growth_year": 15.79,
            "roe": 0.56,
            "roe_4q": 3.09,
            "gross_profit": 6297660,
            "gross_margin": 17.19,
            "gross_margin_4q_avg": 18.12,
            "net_income": 1192691,
            "revenue": 36630674,
            "common_shares": 126243187,
            "book_valuer_per_share": 17.45,
            "book_valuer_per_share_4q_avg": 17.5,
            "equity": 214037584,
            "current_ratio": 158.03,
            "debt_ratio": 45.69,
            "inventory_turnover_ratio": 1.72,
            "account_receivable_turnover_ratio": 1.68,
            "reinvestment_rate": 103.98,
            "research_to_sale_ratio": 8.43,
            "price_fair": 30.71,
            "eps_avg_yearly": 0.88,
            "eps_latest_yearly": 0.6,
            "eps_growth_yearly": 294.68
        },
        "20181": {
            "year_quarter": 20181,
            "year": 2018,
            "quarter": 1,
            "eps": 0.28,
            "eps_growth_year": 47.37,
            "eps_4q": 0.88,
            "eps_4q_growth_year": 3.71,
            "roe": 1.41,
            "roe_4q": 3.81,
            "gross_profit": 4641999,
            "gross_margin": 12.38,
            "gross_margin_4q_avg": 16.25,
            "net_income": 3029584,
            "revenue": 37497137,
            "common_shares": 126243187,
            "book_valuer_per_share": 17.75,
            "book_valuer_per_share_4q_avg": 17.52,
            "equity": 216212396,
            "current_ratio": 187.99,
            "debt_ratio": 43.92,
            "inventory_turnover_ratio": 1.86,
            "account_receivable_turnover_ratio": 1.63,
            "reinvestment_rate": 62.91,
            "research_to_sale_ratio": 7.8,
            "price_fair": 32.38,
            "eps_avg_yearly": 0.93,
            "eps_latest_yearly": 1.12,
            "eps_growth_yearly": 303.84
        },
        "20182": {
            "year_quarter": 20182,
            "year": 2018,
            "quarter": 2,
            "eps": 0.3,
            "eps_growth_year": 76.47,
            "eps_4q": 1.02,
            "eps_4q_growth_year": 26.24,
            "roe": 1.13,
            "roe_4q": 4.25,
            "gross_profit": 6675175,
            "gross_margin": 17.18,
            "gross_margin_4q_avg": 16.06,
            "net_income": 2416750,
            "revenue": 38851577,
            "common_shares": 126243187,
            "book_valuer_per_share": 17.5,
            "book_valuer_per_share_4q_avg": 17.55,
            "equity": 210782455,
            "current_ratio": 231.67,
            "debt_ratio": 44.66,
            "inventory_turnover_ratio": 1.85,
            "account_receivable_turnover_ratio": 1.49,
            "reinvestment_rate": 48.79,
            "research_to_sale_ratio": 7.79,
            "price_fair": 32.55,
            "eps_avg_yearly": 0.93,
            "eps_latest_yearly": 1.2,
            "eps_growth_yearly": 252.85
        },
        "20183": {
            "year_quarter": 20183,
            "year": 2018,
            "quarter": 3,
            "eps": 0.14,
            "eps_growth_year": -50,
            "eps_4q": 0.86,
            "eps_4q_growth_year": 1.39,
            "roe": 0.09,
            "roe_4q": 3.19,
            "gross_profit": 6921627,
            "gross_margin": 17.57,
            "gross_margin_4q_avg": 16.08,
            "net_income": 196858,
            "revenue": 39386656,
            "common_shares": 124243187,
            "book_valuer_per_share": 17.37,
            "book_valuer_per_share_4q_avg": 17.52,
            "equity": 212557966,
            "current_ratio": 272.49,
            "debt_ratio": 42.96,
            "inventory_turnover_ratio": 1.84,
            "account_receivable_turnover_ratio": 1.5,
            "reinvestment_rate": 14.7,
            "research_to_sale_ratio": 8.45,
            "price_fair": 31.76,
            "eps_avg_yearly": 0.91,
            "eps_latest_yearly": 0.56,
            "eps_growth_yearly": 243.98
        },
        "20184": {
            "year_quarter": 20184,
            "year": 2018,
            "quarter": 4,
            "eps": -0.14,
            "eps_growth_year": -198.62,
            "eps_4q": 0.59,
            "eps_4q_growth_year": -24.82,
            "roe": -1.43,
            "roe_4q": 1.2,
            "gross_profit": 4601226,
            "gross_margin": 12.95,
            "gross_margin_4q_avg": 15.02,
            "net_income": -3000140,
            "revenue": 35517201,
            "common_shares": 124243187,
            "book_valuer_per_share": 17.28,
            "book_valuer_per_share_4q_avg": 17.48,
            "equity": 206536491,
            "current_ratio": 282.96,
            "debt_ratio": 43.35,
            "inventory_turnover_ratio": 1.73,
            "account_receivable_turnover_ratio": 1.44,
            "reinvestment_rate": -24.44,
            "research_to_sale_ratio": 10.54,
            "price_fair": 30.52,
            "eps_avg_yearly": 0.87,
            "eps_latest_yearly": 0.56,
            "eps_growth_yearly": 245.18
        },
        "20191": {
            "year_quarter": 20191,
            "year": 2019,
            "quarter": 1,
            "eps": 0.1,
            "eps_growth_year": -64.29,
            "eps_4q": 0.41,
            "eps_4q_growth_year": -53.64,
            "roe": 0.04,
            "roe_4q": -0.16999999999999993,
            "gross_profit": 2262080,
            "gross_margin": 6.94,
            "gross_margin_4q_avg": 13.66,
            "net_income": 92607,
            "revenue": 32582959,
            "common_shares": 121243187,
            "book_valuer_per_share": 17.58,
            "book_valuer_per_share_4q_avg": 17.43,
            "equity": 209814212,
            "current_ratio": 278.84,
            "debt_ratio": 43.92,
            "inventory_turnover_ratio": 1.64,
            "account_receivable_turnover_ratio": 1.39,
            "reinvestment_rate": -41.42,
            "research_to_sale_ratio": 8.61,
            "price_fair": 29.5,
            "eps_avg_yearly": 0.84,
            "eps_latest_yearly": 0.56,
            "eps_growth_yearly": 265.86
        },
        "20192": {
            "year_quarter": 20192,
            "year": 2019,
            "quarter": 2,
            "eps": 0.15,
            "eps_growth_year": -50,
            "eps_4q": 0.25,
            "eps_4q_growth_year": -75.36,
            "roe": 0.46,
            "roe_4q": -0.84,
            "gross_profit": 5652030,
            "gross_margin": 15.69,
            "gross_margin_4q_avg": 13.29,
            "net_income": 942384,
            "revenue": 36031184,
            "common_shares": 117243187,
            "book_valuer_per_share": 17.22,
            "book_valuer_per_share_4q_avg": 17.36,
            "equity": 202094640,
            "current_ratio": 195.33,
            "debt_ratio": 45.37,
            "inventory_turnover_ratio": 1.58,
            "account_receivable_turnover_ratio": 1.52,
            "reinvestment_rate": -74.72,
            "research_to_sale_ratio": 7.74,
            "price_fair": 27.3,
            "eps_avg_yearly": 0.78,
            "eps_latest_yearly": 0.6,
            "eps_growth_yearly": 275.69
        },
        "20193": {
            "year_quarter": 20193,
            "year": 2019,
            "quarter": 3,
            "eps": 0.25,
            "eps_growth_year": 78.57,
            "eps_4q": 0.36,
            "eps_4q_growth_year": -58.85,
            "roe": 0.95,
            "roe_4q": 0.020000000000000018,
            "gross_profit": 6432520,
            "gross_margin": 17.04,
            "gross_margin_4q_avg": 13.16,
            "net_income": 1938409,
            "revenue": 37738440,
            "common_shares": 117243187,
            "book_valuer_per_share": 17.48,
            "book_valuer_per_share_4q_avg": 17.39,
            "equity": 205044294,
            "current_ratio": 232.48,
            "debt_ratio": 45.18,
            "inventory_turnover_ratio": 1.58,
            "account_receivable_turnover_ratio": 1.58,
            "reinvestment_rate": -131.54,
            "research_to_sale_ratio": 7.45,
            "price_fair": 28.4,
            "eps_avg_yearly": 0.81,
            "eps_latest_yearly": 1,
            "eps_growth_yearly": 312.49
        },
        "20194": {
            "year_quarter": 20194,
            "year": 2019,
            "quarter": 4,
            "eps": 0.33,
            "eps_growth_year": null,
            "eps_4q": 0.83,
            "eps_4q_growth_year": 39.43,
            "roe": 1.53,
            "roe_4q": 2.98,
            "gross_profit": 6968342,
            "gross_margin": 16.65,
            "gross_margin_4q_avg": 14.08,
            "net_income": 3155367,
            "revenue": 41849058,
            "common_shares": 117243187,
            "book_valuer_per_share": 17.66,
            "book_valuer_per_share_4q_avg": 17.49,
            "equity": 207214422,
            "current_ratio": 211.45,
            "debt_ratio": 44.02,
            "inventory_turnover_ratio": 1.67,
            "account_receivable_turnover_ratio": 1.7,
            "reinvestment_rate": -142.81,
            "research_to_sale_ratio": 8.25,
            "price_fair": 29.2,
            "eps_avg_yearly": 0.83,
            "eps_latest_yearly": 1.32,
            "eps_growth_yearly": 299.19
        },
        "20201": {
            "year_quarter": 20201,
            "year": 2020,
            "quarter": 1,
            "eps": 0.19,
            "eps_growth_year": 90,
            "eps_4q": 0.88,
            "eps_4q_growth_year": 114.43,
            "roe": 0.59,
            "roe_4q": 3.5300000000000002,
            "gross_profit": 8122271,
            "gross_margin": 19.22,
            "gross_margin_4q_avg": 17.15,
            "net_income": 1230305,
            "revenue": 42267847,
            "common_shares": 117739944,
            "book_valuer_per_share": 17.27,
            "book_valuer_per_share_4q_avg": 17.41,
            "equity": 210819906,
            "current_ratio": 261.19,
            "debt_ratio": 41.51,
            "inventory_turnover_ratio": 1.56,
            "account_receivable_turnover_ratio": 1.56,
            "reinvestment_rate": -164.51,
            "research_to_sale_ratio": 7.54,
            "price_fair": 30.9,
            "eps_avg_yearly": 0.88,
            "eps_latest_yearly": 0.76,
            "eps_growth_yearly": 313.35
        },
        "20202": {
            "year_quarter": 20202,
            "year": 2020,
            "quarter": 2,
            "eps": 0.55,
            "eps_growth_year": 266.67,
            "eps_4q": 1.29,
            "eps_4q_growth_year": 411.17,
            "roe": 2.88,
            "roe_4q": 5.95,
            "gross_profit": 10257469,
            "gross_margin": 23.11,
            "gross_margin_4q_avg": 19.01,
            "net_income": 6051018,
            "revenue": 44386260,
            "common_shares": 122223715,
            "book_valuer_per_share": 17.24,
            "book_valuer_per_share_4q_avg": 17.41,
            "equity": 209202411,
            "current_ratio": 257.96,
            "debt_ratio": 43.08,
            "inventory_turnover_ratio": 1.5,
            "account_receivable_turnover_ratio": 1.59,
            "reinvestment_rate": -194.26,
            "research_to_sale_ratio": 7.22,
            "price_fair": 34.3,
            "eps_avg_yearly": 0.98,
            "eps_latest_yearly": 2.2,
            "eps_growth_yearly": 96.06
        },
        "20203": {
            "year_quarter": 20203,
            "year": 2020,
            "quarter": 3,
            "eps": 0.75,
            "eps_growth_year": 200,
            "eps_4q": 1.76,
            "eps_4q_growth_year": 394.78,
            "roe": 4.19,
            "roe_4q": 9.19,
            "gross_profit": 9769269,
            "gross_margin": 21.77,
            "gross_margin_4q_avg": 20.19,
            "net_income": 9009588,
            "revenue": 44870454,
            "common_shares": 124224015,
            "book_valuer_per_share": 17.79,
            "book_valuer_per_share_4q_avg": 17.49,
            "equity": 220914963,
            "current_ratio": 276.37,
            "debt_ratio": 40.01,
            "inventory_turnover_ratio": 1.52,
            "account_receivable_turnover_ratio": 1.66,
            "reinvestment_rate": -173.74,
            "research_to_sale_ratio": 7.39,
            "price_fair": 39.4,
            "eps_avg_yearly": 1.13,
            "eps_latest_yearly": 3,
            "eps_growth_yearly": 102.37
        },
        "20204": {
            "year_quarter": 20204,
            "year": 2020,
            "quarter": 4,
            "eps": 0.9,
            "eps_growth_year": 176.14,
            "eps_4q": 2.35,
            "eps_4q_growth_year": 184.57,
            "roe": 4.77,
            "roe_4q": 12.43,
            "gross_profit": 10848092,
            "gross_margin": 23.95,
            "gross_margin_4q_avg": 22.01,
            "net_income": 10889501,
            "revenue": 45296353,
            "common_shares": 124224015,
            "book_valuer_per_share": 19,
            "book_valuer_per_share_4q_avg": 17.83,
            "equity": 235773102,
            "current_ratio": 209.99,
            "debt_ratio": 37.55,
            "inventory_turnover_ratio": 1.52,
            "account_receivable_turnover_ratio": 1.67,
            "reinvestment_rate": -145.55,
            "research_to_sale_ratio": 7.05,
            "price_fair": 46.3,
            "eps_avg_yearly": 1.32,
            "eps_latest_yearly": 3.6,
            "eps_growth_yearly": 111.65
        },
        "20211": {
            "year_quarter": 20211,
            "year": 2021,
            "quarter": 1,
            "eps": 0.85,
            "eps_growth_year": 347.37,
            "eps_4q": 3.02,
            "eps_4q_growth_year": 243.57,
            "roe": 4.07,
            "roe_4q": 15.91,
            "gross_profit": 12494302,
            "gross_margin": 26.53,
            "gross_margin_4q_avg": 23.84,
            "net_income": 9888898,
            "revenue": 47097012,
            "common_shares": 124224015,
            "book_valuer_per_share": 20.12,
            "book_valuer_per_share_4q_avg": 18.54,
            "equity": 249672760,
            "current_ratio": 228.04,
            "debt_ratio": 36.67,
            "inventory_turnover_ratio": 1.55,
            "account_receivable_turnover_ratio": 1.67,
            "reinvestment_rate": -119.06,
            "research_to_sale_ratio": 6.47,
            "price_fair": 52.9,
            "eps_avg_yearly": 1.51,
            "eps_latest_yearly": 3.4,
            "eps_growth_yearly": 112.79
        },
        "20212": {
            "year_quarter": 20212,
            "year": 2021,
            "quarter": 2,
            "eps": 0.98,
            "eps_growth_year": 78.18,
            "eps_4q": 3.44,
            "eps_4q_growth_year": 166.53,
            "roe": 4.84,
            "roe_4q": 17.87,
            "gross_profit": 15907972,
            "gross_margin": 31.25,
            "gross_margin_4q_avg": 25.88,
            "net_income": 11866601,
            "revenue": 50907741,
            "common_shares": 124232695,
            "book_valuer_per_share": 19.35,
            "book_valuer_per_share_4q_avg": 19.07,
            "equity": 240192127,
            "current_ratio": 244.5,
            "debt_ratio": 43.04,
            "inventory_turnover_ratio": 1.57,
            "account_receivable_turnover_ratio": 1.72,
            "reinvestment_rate": -98.47,
            "research_to_sale_ratio": 6.22,
            "price_fair": 61,
            "eps_avg_yearly": 1.74,
            "eps_latest_yearly": 3.92,
            "eps_growth_yearly": 120.16
        },
        "20213": {
            "year_quarter": 20213,
            "year": 2021,
            "quarter": 3,
            "eps": 1.43,
            "eps_growth_year": 90.67,
            "eps_4q": 4.11,
            "eps_4q_growth_year": 133.72,
            "roe": 6.97,
            "roe_4q": 20.65,
            "gross_profit": 20544011,
            "gross_margin": 36.75,
            "gross_margin_4q_avg": 29.62,
            "net_income": 17351943,
            "revenue": 55906677,
            "common_shares": 124232695,
            "book_valuer_per_share": 20.75,
            "book_valuer_per_share_4q_avg": 19.81,
            "equity": 257603724,
            "current_ratio": 250.28,
            "debt_ratio": 39.92,
            "inventory_turnover_ratio": 1.55,
            "account_receivable_turnover_ratio": 1.77,
            "reinvestment_rate": -69.41,
            "research_to_sale_ratio": 5.91,
            "price_fair": 72.5,
            "eps_avg_yearly": 2.07,
            "eps_latest_yearly": 5.72,
            "eps_growth_yearly": 114.8
        },
        "20214": {
            "year_quarter": 20214,
            "year": 2021,
            "quarter": 4,
            "eps": 1.28,
            "eps_growth_year": 41.58,
            "eps_4q": 4.47,
            "eps_4q_growth_year": 89.92,
            "roe": 5.94,
            "roe_4q": 21.82,
            "gross_profit": 23103344,
            "gross_margin": 39.09,
            "gross_margin_4q_avg": 33.41,
            "net_income": 16004568,
            "revenue": 59099588,
            "common_shares": 124832476,
            "book_valuer_per_share": 22.51,
            "book_valuer_per_share_4q_avg": 20.68,
            "equity": 281202884,
            "current_ratio": 221.21,
            "debt_ratio": 39.45,
            "inventory_turnover_ratio": 1.56,
            "account_receivable_turnover_ratio": 1.73,
            "reinvestment_rate": -47.79,
            "research_to_sale_ratio": 5.78,
            "price_fair": 83.8,
            "eps_avg_yearly": 2.39,
            "eps_latest_yearly": 5.12,
            "eps_growth_yearly": 125.06
        },
        "20221": {
            "year_quarter": 20221,
            "year": 2022,
            "quarter": 1,
            "eps": 1.61,
            "eps_growth_year": 89.41,
            "eps_4q": 5.22,
            "eps_4q_growth_year": 73.12,
            "roe": 6.88,
            "roe_4q": 24.63,
            "gross_profit": 27504330,
            "gross_margin": 43.37,
            "gross_margin_4q_avg": 37.62,
            "net_income": 20065623,
            "revenue": 63422820,
            "common_shares": 124821235,
            "book_valuer_per_share": 24.19,
            "book_valuer_per_share_4q_avg": 21.7,
            "equity": 302285107,
            "current_ratio": 268.13,
            "debt_ratio": 37.4,
            "inventory_turnover_ratio": 1.48,
            "account_receivable_turnover_ratio": 1.73,
            "reinvestment_rate": -25.55,
            "research_to_sale_ratio": 4.78,
            "price_fair": 97.1,
            "eps_avg_yearly": 2.77,
            "eps_latest_yearly": 6.44,
            "eps_growth_yearly": 107.67
        },
        "20222": {
            "year_quarter": 20222,
            "year": 2022,
            "quarter": 2,
            "eps": 1.74,
            "eps_growth_year": 77.55,
            "eps_4q": 5.97,
            "eps_4q_growth_year": 73.64,
            "roe": 7.34,
            "roe_4q": 27.13,
            "gross_profit": 33472177,
            "gross_margin": 46.45,
            "gross_margin_4q_avg": 41.42,
            "net_income": 21490444,
            "revenue": 72055140,
            "common_shares": 124821235,
            "book_valuer_per_share": 22.66,
            "book_valuer_per_share_4q_avg": 22.53,
            "equity": 283247578,
            "current_ratio": 201.63,
            "debt_ratio": 43.32,
            "inventory_turnover_ratio": 1.46,
            "account_receivable_turnover_ratio": 1.78,
            "reinvestment_rate": -19.2,
            "research_to_sale_ratio": 4.45,
            "price_fair": 111.5,
            "eps_avg_yearly": 3.19,
            "eps_latest_yearly": 6.96,
            "eps_growth_yearly": 107.93
        },
        "20223": {
            "year_quarter": 20223,
            "year": 2022,
            "quarter": 3,
            "eps": 2.19,
            "eps_growth_year": 53.15,
            "eps_4q": 6.74,
            "eps_4q_growth_year": 63.79,
            "roe": 9.14,
            "roe_4q": 29.3,
            "gross_profit": 35663931,
            "gross_margin": 47.3,
            "gross_margin_4q_avg": 44.05,
            "net_income": 27342362,
            "revenue": 75391589,
            "common_shares": 124821235,
            "book_valuer_per_share": 25.22,
            "book_valuer_per_share_4q_avg": 23.65,
            "equity": 315189371,
            "current_ratio": 247.15,
            "debt_ratio": 39.32,
            "inventory_turnover_ratio": 1.38,
            "account_receivable_turnover_ratio": 1.72,
            "reinvestment_rate": -0.97,
            "research_to_sale_ratio": 4.38,
            "price_fair": 132,
            "eps_avg_yearly": 3.77,
            "eps_latest_yearly": 8.76,
            "eps_growth_yearly": 130.56
        },
        "20224": {
            "year_quarter": 20224,
            "year": 2022,
            "quarter": 4,
            "eps": 1.52,
            "eps_growth_year": 19.35,
            "eps_4q": 6.97,
            "eps_4q_growth_year": 56.06,
            "roe": 5.88,
            "roe_4q": 29.24,
            "gross_profit": 29123939,
            "gross_margin": 42.93,
            "gross_margin_4q_avg": 45.01,
            "net_income": 19119822,
            "revenue": 67835715,
            "common_shares": 125047490,
            "book_valuer_per_share": 26.8,
            "book_valuer_per_share_4q_avg": 24.72,
            "equity": 335450939,
            "current_ratio": 232.46,
            "debt_ratio": 37.07,
            "inventory_turnover_ratio": 1.27,
            "account_receivable_turnover_ratio": 1.66,
            "reinvestment_rate": 15.99,
            "research_to_sale_ratio": 5.02,
            "price_fair": 137.39,
            "eps_avg_yearly": 3.93,
            "eps_latest_yearly": 6.08,
            "eps_growth_yearly": 113.7
        },
        "20231": {
            "year_quarter": 20231,
            "year": 2023,
            "quarter": 1,
            "eps": 1.31,
            "eps_growth_year": -18.63,
            "eps_4q": 6.68,
            "eps_4q_growth_year": 28.03,
            "roe": 4.74,
            "roe_4q": 27.1,
            "gross_profit": 19224440,
            "gross_margin": 35.46,
            "gross_margin_4q_avg": 43.04,
            "net_income": 16384547,
            "revenue": 54209447,
            "common_shares": 125047490,
            "book_valuer_per_share": 28.41,
            "book_valuer_per_share_4q_avg": 25.77,
            "equity": 355550063,
            "current_ratio": 228.52,
            "debt_ratio": 35.31,
            "inventory_turnover_ratio": 1.1,
            "account_receivable_turnover_ratio": 1.69,
            "reinvestment_rate": 30.05,
            "research_to_sale_ratio": 5.1,
            "price_fair": 140.26,
            "eps_avg_yearly": 4.01,
            "eps_latest_yearly": 5.24,
            "eps_growth_yearly": 103.14
        },
        "20232": {
            "year_quarter": 20232,
            "year": 2023,
            "quarter": 2,
            "eps": 1.27,
            "eps_growth_year": -27.01,
            "eps_4q": 6.23,
            "eps_4q_growth_year": 4.31,
            "roe": 4.66,
            "roe_4q": 24.42,
            "gross_profit": 20252152,
            "gross_margin": 35.97,
            "gross_margin_4q_avg": 40.42,
            "net_income": 15896673,
            "revenue": 56296408,
            "common_shares": 125031392,
            "book_valuer_per_share": 26.12,
            "book_valuer_per_share_4q_avg": 26.64,
            "equity": 326888045,
            "current_ratio": 167.18,
            "debt_ratio": 40.91,
            "inventory_turnover_ratio": 1.07,
            "account_receivable_turnover_ratio": 1.95,
            "reinvestment_rate": 34.87,
            "research_to_sale_ratio": 5.89,
            "price_fair": 150.06,
            "eps_avg_yearly": 4.29,
            "eps_latest_yearly": 5.08,
            "eps_growth_yearly": 89.88
        }
    },
    "months": {
        "2001-06": {
            "month": "2001-06",
            "price": "50.38",
            "revenue": 4235815
        },
        "2001-07": {
            "month": "2001-07",
            "price": "39.65",
            "revenue": 3872540
        },
        "2001-08": {
            "month": "2001-08",
            "price": "38.43",
            "revenue": 3900844
        },
        "2001-09": {
            "month": "2001-09",
            "price": "33.85",
            "revenue": 4181649
        },
        "2001-10": {
            "month": "2001-10",
            "price": "28.41",
            "revenue": 4722106
        },
        "2001-11": {
            "month": "2001-11",
            "price": "36.25",
            "revenue": 4806799
        },
        "2001-12": {
            "month": "2001-12",
            "price": "47.86",
            "revenue": 4413228
        },
        "2002-01": {
            "month": "2002-01",
            "price": "47.66",
            "revenue": 4009298
        },
        "2002-02": {
            "month": "2002-02",
            "price": "43.97",
            "revenue": 3601266
        },
        "2002-03": {
            "month": "2002-03",
            "price": "51.46",
            "revenue": 4548276
        },
        "2002-04": {
            "month": "2002-04",
            "price": "54.17",
            "revenue": 5239339
        },
        "2002-05": {
            "month": "2002-05",
            "price": "48.39",
            "revenue": 6630053
        },
        "2002-06": {
            "month": "2002-06",
            "price": "41.99",
            "revenue": 6711096
        },
        "2002-07": {
            "month": "2002-07",
            "price": "38.44",
            "revenue": 6724827
        },
        "2002-08": {
            "month": "2002-08",
            "price": "29.55",
            "revenue": 6413016
        },
        "2002-09": {
            "month": "2002-09",
            "price": "25.84",
            "revenue": 6014749
        },
        "2002-10": {
            "month": "2002-10",
            "price": "23.44",
            "revenue": 6027662
        },
        "2002-11": {
            "month": "2002-11",
            "price": "26.18",
            "revenue": 6002983
        },
        "2002-12": {
            "month": "2002-12",
            "price": "23.87",
            "revenue": 5503180
        },
        "2003-01": {
            "month": "2003-01",
            "price": "22.30",
            "revenue": 5403703
        },
        "2003-02": {
            "month": "2003-02",
            "price": "19.88",
            "revenue": 5438406
        },
        "2003-03": {
            "month": "2003-03",
            "price": "20.27",
            "revenue": 7056527
        },
        "2003-04": {
            "month": "2003-04",
            "price": "20.38",
            "revenue": 7321013
        },
        "2003-05": {
            "month": "2003-05",
            "price": "20.40",
            "revenue": 7356746
        },
        "2003-06": {
            "month": "2003-06",
            "price": "23.39",
            "revenue": 7027757
        },
        "2003-07": {
            "month": "2003-07",
            "price": "25.17",
            "revenue": 7010969
        },
        "2003-08": {
            "month": "2003-08",
            "price": "24.67",
            "revenue": 7006371
        },
        "2003-09": {
            "month": "2003-09",
            "price": "29.02",
            "revenue": 7521381
        },
        "2003-10": {
            "month": "2003-10",
            "price": "30.64",
            "revenue": 7665349
        },
        "2003-11": {
            "month": "2003-11",
            "price": "30.62",
            "revenue": 7701531
        },
        "2003-12": {
            "month": "2003-12",
            "price": "29.32",
            "revenue": 8352316
        },
        "2004-01": {
            "month": "2004-01",
            "price": "31.16",
            "revenue": 8290625
        },
        "2004-02": {
            "month": "2004-02",
            "price": "30.47",
            "revenue": 8028310
        },
        "2004-03": {
            "month": "2004-03",
            "price": "31.32",
            "revenue": 9006592
        },
        "2004-04": {
            "month": "2004-04",
            "price": "31.93",
            "revenue": 9208568
        },
        "2004-05": {
            "month": "2004-05",
            "price": "27.84",
            "revenue": 9652636
        },
        "2004-06": {
            "month": "2004-06",
            "price": "24.83",
            "revenue": 10316041
        },
        "2004-07": {
            "month": "2004-07",
            "price": "22.48",
            "revenue": 11201857
        },
        "2004-08": {
            "month": "2004-08",
            "price": "22.40",
            "revenue": 11514242
        },
        "2004-09": {
            "month": "2004-09",
            "price": "21.52",
            "revenue": 11864195
        },
        "2004-10": {
            "month": "2004-10",
            "price": "20.36",
            "revenue": 10064217
        },
        "2004-11": {
            "month": "2004-11",
            "price": "20.65",
            "revenue": 9280783
        },
        "2004-12": {
            "month": "2004-12",
            "price": "20.08",
            "revenue": 8883775
        },
        "2005-01": {
            "month": "2005-01",
            "price": "19.54",
            "revenue": 7137916
        },
        "2005-02": {
            "month": "2005-02",
            "price": "20.49",
            "revenue": 6139471
        },
        "2005-03": {
            "month": "2005-03",
            "price": "19.49",
            "revenue": 7008332
        },
        "2005-04": {
            "month": "2005-04",
            "price": "18.47",
            "revenue": 6366921
        },
        "2005-05": {
            "month": "2005-05",
            "price": "20.04",
            "revenue": 6468487
        },
        "2005-06": {
            "month": "2005-06",
            "price": "23.19",
            "revenue": 6607499
        },
        "2005-07": {
            "month": "2005-07",
            "price": "23.76",
            "revenue": 7065253
        },
        "2005-08": {
            "month": "2005-08",
            "price": "21.37",
            "revenue": 8010667
        },
        "2005-09": {
            "month": "2005-09",
            "price": "20.40",
            "revenue": 8502877
        },
        "2005-10": {
            "month": "2005-10",
            "price": "19.73",
            "revenue": 9037949
        },
        "2005-11": {
            "month": "2005-11",
            "price": "18.31",
            "revenue": 9411641
        },
        "2005-12": {
            "month": "2005-12",
            "price": "18.98",
            "revenue": 9018427
        },
        "2006-01": {
            "month": "2006-01",
            "price": "18.31",
            "revenue": 8407421
        },
        "2006-02": {
            "month": "2006-02",
            "price": "18.48",
            "revenue": 7521040
        },
        "2006-03": {
            "month": "2006-03",
            "price": "19.30",
            "revenue": 8455705
        },
        "2006-04": {
            "month": "2006-04",
            "price": "21.43",
            "revenue": 8463302
        },
        "2006-05": {
            "month": "2006-05",
            "price": "20.95",
            "revenue": 8503690
        },
        "2006-06": {
            "month": "2006-06",
            "price": "19.00",
            "revenue": 8783807
        },
        "2006-07": {
            "month": "2006-07",
            "price": "18.48",
            "revenue": 9202214
        },
        "2006-08": {
            "month": "2006-08",
            "price": "18.30",
            "revenue": 9416111
        },
        "2006-09": {
            "month": "2006-09",
            "price": "18.28",
            "revenue": 9233535
        },
        "2006-10": {
            "month": "2006-10",
            "price": "18.43",
            "revenue": 9049811
        },
        "2006-11": {
            "month": "2006-11",
            "price": "19.13",
            "revenue": 8690138
        },
        "2006-12": {
            "month": "2006-12",
            "price": "19.94",
            "revenue": 8371836
        },
        "2007-01": {
            "month": "2007-01",
            "price": "20.20",
            "revenue": 8236608
        },
        "2007-02": {
            "month": "2007-02",
            "price": "20.35",
            "revenue": 7239384
        },
        "2007-03": {
            "month": "2007-03",
            "price": "19.26",
            "revenue": 7549238
        },
        "2007-04": {
            "month": "2007-04",
            "price": "19.18",
            "revenue": 8131493
        },
        "2007-05": {
            "month": "2007-05",
            "price": "19.45",
            "revenue": 8220010
        },
        "2007-06": {
            "month": "2007-06",
            "price": "19.91",
            "revenue": 8745231
        },
        "2007-07": {
            "month": "2007-07",
            "price": "19.90",
            "revenue": 10052824
        },
        "2007-08": {
            "month": "2007-08",
            "price": "18.08",
            "revenue": 10433413
        },
        "2007-09": {
            "month": "2007-09",
            "price": "18.54",
            "revenue": 10542277
        },
        "2007-10": {
            "month": "2007-10",
            "price": "21.31",
            "revenue": 10127451
        },
        "2007-11": {
            "month": "2007-11",
            "price": "19.58",
            "revenue": 9029328
        },
        "2007-12": {
            "month": "2007-12",
            "price": "19.49",
            "revenue": 8463794
        },
        "2008-01": {
            "month": "2008-01",
            "price": "18.22",
            "revenue": 8215553
        },
        "2008-02": {
            "month": "2008-02",
            "price": "17.98",
            "revenue": 7288918
        },
        "2008-03": {
            "month": "2008-03",
            "price": "18.09",
            "revenue": 8498439
        },
        "2008-04": {
            "month": "2008-04",
            "price": "18.76",
            "revenue": 8521260
        },
        "2008-05": {
            "month": "2008-05",
            "price": "18.99",
            "revenue": 8606625
        },
        "2008-06": {
            "month": "2008-06",
            "price": "17.34",
            "revenue": 8104590
        },
        "2008-07": {
            "month": "2008-07",
            "price": "15.34",
            "revenue": 8536578
        },
        "2008-08": {
            "month": "2008-08",
            "price": "13.33",
            "revenue": 8165231
        },
        "2008-09": {
            "month": "2008-09",
            "price": "11.38",
            "revenue": 8051904
        },
        "2008-10": {
            "month": "2008-10",
            "price": "9.43",
            "revenue": 7906693
        },
        "2008-11": {
            "month": "2008-11",
            "price": "8.01",
            "revenue": 6024577
        },
        "2008-12": {
            "month": "2008-12",
            "price": "7.29",
            "revenue": 4609683
        },
        "2009-01": {
            "month": "2009-01",
            "price": "7.67",
            "revenue": 3152994
        },
        "2009-02": {
            "month": "2009-02",
            "price": "7.93",
            "revenue": 3143826
        },
        "2009-03": {
            "month": "2009-03",
            "price": "9.77",
            "revenue": 4541317
        },
        "2009-04": {
            "month": "2009-04",
            "price": "11.71",
            "revenue": 6877372
        },
        "2009-05": {
            "month": "2009-05",
            "price": "13.58",
            "revenue": 7514440
        },
        "2009-06": {
            "month": "2009-06",
            "price": "11.77",
            "revenue": 8235925
        },
        "2009-07": {
            "month": "2009-07",
            "price": "12.39",
            "revenue": 8810063
        },
        "2009-08": {
            "month": "2009-08",
            "price": "13.59",
            "revenue": 9061502
        },
        "2009-09": {
            "month": "2009-09",
            "price": "15.44",
            "revenue": 9534518
        },
        "2009-10": {
            "month": "2009-10",
            "price": "16.10",
            "revenue": 9296818
        },
        "2009-11": {
            "month": "2009-11",
            "price": "16.07",
            "revenue": 9156066
        },
        "2009-12": {
            "month": "2009-12",
            "price": "16.24",
            "revenue": 9292732
        },
        "2010-01": {
            "month": "2010-01",
            "price": "17.60",
            "revenue": 8600453
        },
        "2010-02": {
            "month": "2010-02",
            "price": "16.02",
            "revenue": 8634850
        },
        "2010-03": {
            "month": "2010-03",
            "price": "16.50",
            "revenue": 9479926
        },
        "2010-04": {
            "month": "2010-04",
            "price": "16.60",
            "revenue": 9319288
        },
        "2010-05": {
            "month": "2010-05",
            "price": "14.71",
            "revenue": 10090157
        },
        "2010-06": {
            "month": "2010-06",
            "price": "14.52",
            "revenue": 10335635
        },
        "2010-07": {
            "month": "2010-07",
            "price": "14.53",
            "revenue": 10821572
        },
        "2010-08": {
            "month": "2010-08",
            "price": "13.88",
            "revenue": 10885880
        },
        "2010-09": {
            "month": "2010-09",
            "price": "13.58",
            "revenue": 10944144
        },
        "2010-10": {
            "month": "2010-10",
            "price": "13.76",
            "revenue": 10700048
        },
        "2010-11": {
            "month": "2010-11",
            "price": "14.88",
            "revenue": 10440330
        },
        "2010-12": {
            "month": "2010-12",
            "price": "16.26",
            "revenue": 10178453
        },
        "2011-01": {
            "month": "2011-01",
            "price": "16.96",
            "revenue": 9525055
        },
        "2011-02": {
            "month": "2011-02",
            "price": "16.24",
            "revenue": 9007512
        },
        "2011-03": {
            "month": "2011-03",
            "price": "15.03",
            "revenue": 9585283
        },
        "2011-04": {
            "month": "2011-04",
            "price": "15.19",
            "revenue": 9563916
        },
        "2011-05": {
            "month": "2011-05",
            "price": "14.80",
            "revenue": 9400051
        },
        "2011-06": {
            "month": "2011-06",
            "price": "14.53",
            "revenue": 9185722
        },
        "2011-07": {
            "month": "2011-07",
            "price": "13.83",
            "revenue": 8809481
        },
        "2011-08": {
            "month": "2011-08",
            "price": "11.29",
            "revenue": 8200743
        },
        "2011-09": {
            "month": "2011-09",
            "price": "11.23",
            "revenue": 8176522
        },
        "2011-10": {
            "month": "2011-10",
            "price": "12.21",
            "revenue": 8255460
        },
        "2011-11": {
            "month": "2011-11",
            "price": "12.73",
            "revenue": 8065077
        },
        "2011-12": {
            "month": "2011-12",
            "price": "12.52",
            "revenue": 8104902
        },
        "2012-01": {
            "month": "2012-01",
            "price": "13.63",
            "revenue": 8050922
        },
        "2012-02": {
            "month": "2012-02",
            "price": "15.14",
            "revenue": 7523441
        },
        "2012-03": {
            "month": "2012-03",
            "price": "15.01",
            "revenue": 8190818
        },
        "2012-04": {
            "month": "2012-04",
            "price": "14.47",
            "revenue": 9124708
        },
        "2012-05": {
            "month": "2012-05",
            "price": "13.93",
            "revenue": 9206251
        },
        "2012-06": {
            "month": "2012-06",
            "price": "12.26",
            "revenue": 9289147
        },
        "2012-07": {
            "month": "2012-07",
            "price": "12.52",
            "revenue": 9612979
        },
        "2012-08": {
            "month": "2012-08",
            "price": "12.36",
            "revenue": 9798969
        },
        "2012-09": {
            "month": "2012-09",
            "price": "12.08",
            "revenue": 9113111
        },
        "2012-10": {
            "month": "2012-10",
            "price": "11.45",
            "revenue": 9280926
        },
        "2012-11": {
            "month": "2012-11",
            "price": "10.67",
            "revenue": 9010065
        },
        "2012-12": {
            "month": "2012-12",
            "price": "11.58",
            "revenue": 7796821
        },
        "2013-01": {
            "month": "2013-01",
            "price": "11.69",
            "revenue": 9452116
        },
        "2013-02": {
            "month": "2013-02",
            "price": "11.29",
            "revenue": 8730655
        },
        "2013-03": {
            "month": "2013-03",
            "price": "11.17",
            "revenue": 9598645
        },
        "2013-04": {
            "month": "2013-04",
            "price": "11.18",
            "revenue": 10280727
        },
        "2013-05": {
            "month": "2013-05",
            "price": "12.91",
            "revenue": 10863111
        },
        "2013-06": {
            "month": "2013-06",
            "price": "13.41",
            "revenue": 10760866
        },
        "2013-07": {
            "month": "2013-07",
            "price": "13.90",
            "revenue": 11557852
        },
        "2013-08": {
            "month": "2013-08",
            "price": "12.38",
            "revenue": 10998405
        },
        "2013-09": {
            "month": "2013-09",
            "price": "12.38",
            "revenue": 10850515
        },
        "2013-10": {
            "month": "2013-10",
            "price": "12.73",
            "revenue": 10467850
        },
        "2013-11": {
            "month": "2013-11",
            "price": "12.16",
            "revenue": 10345415
        },
        "2013-12": {
            "month": "2013-12",
            "price": "12.20",
            "revenue": 9905479
        },
        "2014-01": {
            "month": "2014-01",
            "price": "12.66",
            "revenue": 10062618
        },
        "2014-02": {
            "month": "2014-02",
            "price": "12.20",
            "revenue": 10341536
        },
        "2014-03": {
            "month": "2014-03",
            "price": "12.75",
            "revenue": 11289431
        },
        "2014-04": {
            "month": "2014-04",
            "price": "12.99",
            "revenue": 11528740
        },
        "2014-05": {
            "month": "2014-05",
            "price": "13.35",
            "revenue": 11930014
        },
        "2014-06": {
            "month": "2014-06",
            "price": "14.62",
            "revenue": 12410597
        },
        "2014-07": {
            "month": "2014-07",
            "price": "15.40",
            "revenue": 11541996
        },
        "2014-08": {
            "month": "2014-08",
            "price": "13.34",
            "revenue": 11415416
        },
        "2014-09": {
            "month": "2014-09",
            "price": "13.00",
            "revenue": 12256438
        },
        "2014-10": {
            "month": "2014-10",
            "price": "12.60",
            "revenue": 13495698
        },
        "2014-11": {
            "month": "2014-11",
            "price": "13.60",
            "revenue": 11535241
        },
        "2014-12": {
            "month": "2014-12",
            "price": "14.25",
            "revenue": 12204351
        },
        "2015-01": {
            "month": "2015-01",
            "price": "15.24",
            "revenue": 12883284
        },
        "2015-02": {
            "month": "2015-02",
            "price": "15.70",
            "revenue": 12056194
        },
        "2015-03": {
            "month": "2015-03",
            "price": "15.64",
            "revenue": 12710166
        },
        "2015-04": {
            "month": "2015-04",
            "price": "14.86",
            "revenue": 13020513
        },
        "2015-05": {
            "month": "2015-05",
            "price": "13.94",
            "revenue": 12931054
        },
        "2015-06": {
            "month": "2015-06",
            "price": "13.25",
            "revenue": 12059987
        },
        "2015-07": {
            "month": "2015-07",
            "price": "12.04",
            "revenue": 12703929
        },
        "2015-08": {
            "month": "2015-08",
            "price": "10.93",
            "revenue": 12190856
        },
        "2015-09": {
            "month": "2015-09",
            "price": "11.20",
            "revenue": 10425056
        },
        "2015-10": {
            "month": "2015-10",
            "price": "11.81",
            "revenue": 12059010
        },
        "2015-11": {
            "month": "2015-11",
            "price": "12.13",
            "revenue": 11117338
        },
        "2015-12": {
            "month": "2015-12",
            "price": "12.06",
            "revenue": 10673034
        },
        "2016-01": {
            "month": "2016-01",
            "price": "11.56",
            "revenue": 12006857
        },
        "2016-02": {
            "month": "2016-02",
            "price": "13.18",
            "revenue": 9478048
        },
        "2016-03": {
            "month": "2016-03",
            "price": "13.25",
            "revenue": 12919174
        },
        "2016-04": {
            "month": "2016-04",
            "price": "12.67",
            "revenue": 10764403
        },
        "2016-05": {
            "month": "2016-05",
            "price": "11.62",
            "revenue": 12705227
        },
        "2016-06": {
            "month": "2016-06",
            "price": "12.32",
            "revenue": 13526887
        },
        "2016-07": {
            "month": "2016-07",
            "price": "12.43",
            "revenue": 12495406
        },
        "2016-08": {
            "month": "2016-08",
            "price": "11.75",
            "revenue": 12933096
        },
        "2016-09": {
            "month": "2016-09",
            "price": "11.63",
            "revenue": 12735087
        },
        "2016-10": {
            "month": "2016-10",
            "price": "11.62",
            "revenue": 12833243
        },
        "2016-11": {
            "month": "2016-11",
            "price": "11.45",
            "revenue": 12914936
        },
        "2016-12": {
            "month": "2016-12",
            "price": "11.31",
            "revenue": 12557760
        },
        "2017-01": {
            "month": "2017-01",
            "price": "11.58",
            "revenue": 12651900
        },
        "2017-02": {
            "month": "2017-02",
            "price": "11.68",
            "revenue": 12014861
        },
        "2017-03": {
            "month": "2017-03",
            "price": "12.24",
            "revenue": 12751189
        },
        "2017-04": {
            "month": "2017-04",
            "price": "12.06",
            "revenue": 11926270
        },
        "2017-05": {
            "month": "2017-05",
            "price": "12.24",
            "revenue": 12512276
        },
        "2017-06": {
            "month": "2017-06",
            "price": "12.72",
            "revenue": 13099335
        },
        "2017-07": {
            "month": "2017-07",
            "price": "14.50",
            "revenue": 12788087
        },
        "2017-08": {
            "month": "2017-08",
            "price": "14.22",
            "revenue": 13045093
        },
        "2017-09": {
            "month": "2017-09",
            "price": "15.77",
            "revenue": 11865021
        },
        "2017-10": {
            "month": "2017-10",
            "price": "15.67",
            "revenue": 13808274
        },
        "2017-11": {
            "month": "2017-11",
            "price": "15.68",
            "revenue": 12154717
        },
        "2017-12": {
            "month": "2017-12",
            "price": "14.72",
            "revenue": 10667683
        },
        "2018-01": {
            "month": "2018-01",
            "price": "14.37",
            "revenue": 13175662
        },
        "2018-02": {
            "month": "2018-02",
            "price": "14.15",
            "revenue": 11909283
        },
        "2018-03": {
            "month": "2018-03",
            "price": "15.00",
            "revenue": 12412192
        },
        "2018-04": {
            "month": "2018-04",
            "price": "15.51",
            "revenue": 12411996
        },
        "2018-05": {
            "month": "2018-05",
            "price": "16.19",
            "revenue": 13075480
        },
        "2018-06": {
            "month": "2018-06",
            "price": "17.34",
            "revenue": 13364101
        },
        "2018-07": {
            "month": "2018-07",
            "price": "17.62",
            "revenue": 14349944
        },
        "2018-08": {
            "month": "2018-08",
            "price": "17.53",
            "revenue": 13180907
        },
        "2018-09": {
            "month": "2018-09",
            "price": "15.99",
            "revenue": 11855805
        },
        "2018-10": {
            "month": "2018-10",
            "price": "13.55",
            "revenue": 12577408
        },
        "2018-11": {
            "month": "2018-11",
            "price": "11.16",
            "revenue": 11554518
        },
        "2018-12": {
            "month": "2018-12",
            "price": "11.32",
            "revenue": 11385275
        },
        "2019-01": {
            "month": "2019-01",
            "price": "11.34",
            "revenue": 11795477
        },
        "2019-02": {
            "month": "2019-02",
            "price": "11.37",
            "revenue": 10461743
        },
        "2019-03": {
            "month": "2019-03",
            "price": "11.63",
            "revenue": 10325739
        },
        "2019-04": {
            "month": "2019-04",
            "price": "12.25",
            "revenue": 12082275
        },
        "2019-05": {
            "month": "2019-05",
            "price": "13.04",
            "revenue": 12242267
        },
        "2019-06": {
            "month": "2019-06",
            "price": "13.51",
            "revenue": 11706642
        },
        "2019-07": {
            "month": "2019-07",
            "price": "14.00",
            "revenue": 13728148
        },
        "2019-08": {
            "month": "2019-08",
            "price": "13.21",
            "revenue": 13184069
        },
        "2019-09": {
            "month": "2019-09",
            "price": "13.58",
            "revenue": 10826223
        },
        "2019-10": {
            "month": "2019-10",
            "price": "13.84",
            "revenue": 14587122
        },
        "2019-11": {
            "month": "2019-11",
            "price": "14.60",
            "revenue": 13891904
        },
        "2019-12": {
            "month": "2019-12",
            "price": "16.41",
            "revenue": 13370032
        },
        "2020-01": {
            "month": "2020-01",
            "price": "15.97",
            "revenue": 14091018
        },
        "2020-02": {
            "month": "2020-02",
            "price": "16.07",
            "revenue": 13606421
        },
        "2020-03": {
            "month": "2020-03",
            "price": "14.42",
            "revenue": 14570408
        },
        "2020-04": {
            "month": "2020-04",
            "price": "14.93",
            "revenue": 15059189
        },
        "2020-05": {
            "month": "2020-05",
            "price": "15.30",
            "revenue": 14745577
        },
        "2020-06": {
            "month": "2020-06",
            "price": "15.90",
            "revenue": 14581494
        },
        "2020-07": {
            "month": "2020-07",
            "price": "18.07",
            "revenue": 15494823
        },
        "2020-08": {
            "month": "2020-08",
            "price": "23.54",
            "revenue": 14841818
        },
        "2020-09": {
            "month": "2020-09",
            "price": "24.55",
            "revenue": 14533813
        },
        "2020-10": {
            "month": "2020-10",
            "price": "31.52",
            "revenue": 15282825
        },
        "2020-11": {
            "month": "2020-11",
            "price": "33.44",
            "revenue": 14725559
        },
        "2020-12": {
            "month": "2020-12",
            "price": "46.48",
            "revenue": 15287969
        },
        "2021-01": {
            "month": "2021-01",
            "price": "50.66",
            "revenue": 15529559
        },
        "2021-02": {
            "month": "2021-02",
            "price": "54.65",
            "revenue": 14947898
        },
        "2021-03": {
            "month": "2021-03",
            "price": "48.52",
            "revenue": 16619555
        },
        "2021-04": {
            "month": "2021-04",
            "price": "54.76",
            "revenue": 16382058
        },
        "2021-05": {
            "month": "2021-05",
            "price": "49.94",
            "revenue": 17189070
        },
        "2021-06": {
            "month": "2021-06",
            "price": "52.48",
            "revenue": 17336613
        },
        "2021-07": {
            "month": "2021-07",
            "price": "53.31",
            "revenue": 18366122
        },
        "2021-08": {
            "month": "2021-08",
            "price": "59.57",
            "revenue": 18789991
        },
        "2021-09": {
            "month": "2021-09",
            "price": "66.16",
            "revenue": 18750564
        },
        "2021-10": {
            "month": "2021-10",
            "price": "59.53",
            "revenue": 19158585
        },
        "2021-11": {
            "month": "2021-11",
            "price": "62.23",
            "revenue": 19661423
        },
        "2021-12": {
            "month": "2021-12",
            "price": "64.50",
            "revenue": 20279580
        },
        "2022-01": {
            "month": "2022-01",
            "price": "62.53",
            "revenue": 20472766
        },
        "2022-02": {
            "month": "2022-02",
            "price": "53.99",
            "revenue": 20809602
        },
        "2022-03": {
            "month": "2022-03",
            "price": "52.87",
            "revenue": 22140452
        },
        "2022-04": {
            "month": "2022-04",
            "price": "47.97",
            "revenue": 22796461
        },
        "2022-05": {
            "month": "2022-05",
            "price": "49.42",
            "revenue": 24433030
        },
        "2022-06": {
            "month": "2022-06",
            "price": "47.47",
            "revenue": 24825649
        },
        "2022-07": {
            "month": "2022-07",
            "price": "39.35",
            "revenue": 24826685
        },
        "2022-08": {
            "month": "2022-08",
            "price": "41.30",
            "revenue": 25346076
        },
        "2022-09": {
            "month": "2022-09",
            "price": "39.05",
            "revenue": 25218828
        },
        "2022-10": {
            "month": "2022-10",
            "price": "38.10",
            "revenue": 24344264
        },
        "2022-11": {
            "month": "2022-11",
            "price": "43.47",
            "revenue": 22545442
        },
        "2022-12": {
            "month": "2022-12",
            "price": "43.12",
            "revenue": 20946009
        },
        "2023-01": {
            "month": "2023-01",
            "price": "44.60",
            "revenue": 19589515
        },
        "2023-02": {
            "month": "2023-02",
            "price": "50.04",
            "revenue": 16931079
        },
        "2023-03": {
            "month": "2023-03",
            "price": "52.22",
            "revenue": 17688853
        },
        "2023-04": {
            "month": "2023-04",
            "price": "50.85",
            "revenue": 18461436
        },
        "2023-05": {
            "month": "2023-05",
            "price": "49.71",
            "revenue": 18778488
        },
        "2023-06": {
            "month": "2023-06",
            "price": "51.84",
            "revenue": 19056484
        },
        "2023-07": {
            "month": "2023-07",
            "price": "47.31",
            "revenue": 19063918
        },
        "2023-08": {
            "month": "2023-08",
            "price": "45.01",
            "revenue": 18952011
        }
    }
}
