{
    "summary": {
        "stock_name": "全友",
        "stock_id": "2305",
        "category": "電腦及週邊設備",
        "main_business": "智慧型影像掃瞄器",
        "website_url": "http://www.microtek.com.tw",
        "ceo": "謝靜慧",
        "pe_ratio": -198,
        "report_year_from": 2001,
        "report_year_to": 2023,
        "age": 23,
        "eps_negative_percentage": 43,
        "eps_growth_avg": {
            "last_all": -18.14,
            "last_2y": 22.22,
            "last_4y": 41.67,
            "last_8y": 17.79,
            "last_12y": 4.7,
            "last_16y": -10.7,
            "last_20y": -18.14,
            "at_2006_last_3y": -100,
            "at_2007_last_3y": -60,
            "at_2008_last_3y": -80,
            "at_2009_last_3y": -80,
            "at_2010_last_3y": -80,
            "at_2011_last_3y": -100,
            "at_2012_last_3y": -100,
            "at_2013_last_3y": -100,
            "at_2014_last_3y": -100,
            "at_2015_last_3y": -15.33,
            "at_2016_last_3y": -12.18,
            "at_2017_last_3y": 25.21,
            "at_2018_last_3y": -6.09,
            "at_2019_last_3y": -31.23,
            "at_2020_last_3y": 33.33,
            "at_2021_last_3y": -11.11,
            "at_2022_last_3y": 22.22,
            "at_2023_last_3y": 41.67,
            "at_2024_last_3y": 41.67,
            "at_2006_last_all": -100,
            "at_2007_last_all": -80,
            "at_2008_last_all": -86.67,
            "at_2009_last_all": -86.67,
            "at_2010_last_all": -86.67,
            "at_2011_last_all": -86.67,
            "at_2012_last_all": -90,
            "at_2013_last_all": -90,
            "at_2014_last_all": -90,
            "at_2015_last_all": -58.13,
            "at_2016_last_all": -64.06,
            "at_2017_last_all": -40.62,
            "at_2018_last_all": -48.05,
            "at_2019_last_all": -48.05,
            "at_2020_last_all": -31.6,
            "at_2021_last_all": -31.77,
            "at_2022_last_all": -28.88,
            "at_2023_last_all": -18.14,
            "at_2024_last_all": -18.14
        },
        "latest_eps": -0.12,
        "latest_price": 23.8,
        "latest_roe": -0.48,
        "latest_gross_margin": 34.01,
        "latest_equity": 2273089,
        "latest_revenue": 172741,
        "latest_gross_profit": 58750,
        "latest_net_income": 28832,
        "latest_debt_ratio": 21.02,
        "latest_current_ratio": 654.75,
        "latest_account_receivable_turnover_ratio": 2.13,
        "latest_inventory_turnover_ratio": 0.62,
        "latest_reinvestment_rate": -128.13,
        "latest_research_to_sale_ratio": 13.39
    },
    "eps_dividends": {
        "1989": {
            "cash": 1.5,
            "stock": 3,
            "eps": 0
        },
        "1990": {
            "cash": 0,
            "stock": 2,
            "eps": 0
        },
        "1991": {
            "cash": 0,
            "stock": 3.5,
            "eps": 0
        },
        "1992": {
            "cash": 0,
            "stock": 2,
            "eps": 0
        },
        "1993": {
            "cash": 0,
            "stock": 1,
            "eps": 0
        },
        "1994": {
            "cash": 0.5,
            "stock": 1,
            "eps": 0
        },
        "1995": {
            "cash": 0,
            "stock": 1,
            "eps": 0
        },
        "1996": {
            "cash": 0,
            "stock": 2,
            "eps": 0
        },
        "1997": {
            "cash": 0,
            "stock": 2,
            "eps": 0
        },
        "1998": {
            "cash": 0,
            "stock": 2,
            "eps": 0
        },
        "2001": {
            "cash": 0,
            "stock": 0,
            "eps": -3.26
        },
        "2002": {
            "cash": 0,
            "stock": 0,
            "eps": 0.16
        },
        "2003": {
            "cash": 0,
            "stock": 0,
            "eps": -1.26
        },
        "2004": {
            "cash": 0,
            "stock": 0,
            "eps": -2.93
        },
        "2005": {
            "cash": 0,
            "stock": 0,
            "eps": -0.92
        },
        "2006": {
            "cash": 0,
            "stock": 0,
            "eps": 0.05
        },
        "2007": {
            "cash": 0,
            "stock": 0,
            "eps": 0.02
        },
        "2008": {
            "cash": 0,
            "stock": 0,
            "eps": -0.92
        },
        "2009": {
            "cash": 0,
            "stock": 0,
            "eps": -1.33
        },
        "2010": {
            "cash": 0,
            "stock": 0,
            "eps": -0.48
        },
        "2011": {
            "cash": 0,
            "stock": 0,
            "eps": 0.26
        },
        "2012": {
            "cash": 0,
            "stock": 0,
            "eps": -0.21
        },
        "2013": {
            "cash": 0,
            "stock": 0,
            "eps": -0.24
        },
        "2014": {
            "cash": 0,
            "stock": 0,
            "eps": 0.75
        },
        "2015": {
            "cash": 0,
            "stock": 0,
            "eps": 1.27
        },
        "2016": {
            "cash": 0,
            "stock": 0,
            "eps": 0.08
        },
        "2017": {
            "cash": 0,
            "stock": 0,
            "eps": 2.54
        },
        "2018": {
            "cash": 0,
            "stock": 0,
            "eps": -0.09
        },
        "2019": {
            "cash": 0,
            "stock": 0,
            "eps": 0.01
        },
        "2020": {
            "cash": 0,
            "stock": 0,
            "eps": 0.09
        },
        "2021": {
            "cash": 0,
            "stock": 0,
            "eps": 0.06
        },
        "2022": {
            "cash": 0,
            "stock": 0,
            "eps": 0.06
        },
        "2023": {
            "cash": 0,
            "stock": 0,
            "eps": 0.15
        }
    },
    "dividends": {
        "1989-03-25": {
            "cash": 1.5,
            "stock": 3
        },
        "1990-03-15": {
            "cash": 0,
            "stock": 2
        },
        "1991-03-26": {
            "cash": 0,
            "stock": 3.5
        },
        "1992-03-25": {
            "cash": 0,
            "stock": 2
        },
        "1993-05-25": {
            "cash": 0,
            "stock": 1
        },
        "1994-04-01": {
            "cash": 0.5,
            "stock": 1
        },
        "1995-03-30": {
            "cash": 0,
            "stock": 1
        },
        "1996-04-10": {
            "cash": 0,
            "stock": 2
        },
        "1997-05-22": {
            "cash": 0,
            "stock": 2
        },
        "1998-04-23": {
            "cash": 0,
            "stock": 2
        }
    },
    "prices": {
        "200101": "7.56",
        "200102": "8.46",
        "200103": "10.10",
        "200104": "12.46",
        "200105": "11.11",
        "200106": "9.93",
        "200107": "6.87",
        "200108": "6.25",
        "200109": "4.80",
        "200110": "4.29",
        "200111": "4.88",
        "200112": "7.69",
        "200201": "11.73",
        "200202": "12.28",
        "200203": "16.25",
        "200204": "16.10",
        "200205": "10.95",
        "200206": "10.08",
        "200207": "8.57",
        "200208": "8.48",
        "200209": "7.62",
        "200210": "7.16",
        "200211": "8.27",
        "200212": "無",
        "200301": "13.63",
        "200302": "11.70",
        "200303": "9.78",
        "200304": "9.35",
        "200305": "7.77",
        "200306": "11.35",
        "200307": "12.14",
        "200308": "11.24",
        "200309": "9.81",
        "200310": "9.71",
        "200311": "9.73",
        "200312": "9.47",
        "200401": "9.67",
        "200402": "11.06",
        "200403": "10.79",
        "200404": "10.47",
        "200405": "9.00",
        "200406": "7.71",
        "200407": "6.35",
        "200408": "5.68",
        "200409": "5.02",
        "200410": "5.07",
        "200411": "5.21",
        "200412": "5.09",
        "200501": "4.43",
        "200502": "4.76",
        "200503": "5.47",
        "200504": "4.80",
        "200505": "4.71",
        "200506": "5.20",
        "200507": "5.43",
        "200508": "5.18",
        "200509": "5.90",
        "200510": "5.72",
        "200511": "4.69",
        "200512": "4.57",
        "200601": "4.63",
        "200602": "4.20",
        "200603": "3.95",
        "200604": "4.11",
        "200605": "4.03",
        "200606": "3.56",
        "200607": "3.47",
        "200608": "3.32",
        "200609": "3.12",
        "200610": "3.53",
        "200611": "3.90",
        "200612": "4.89",
        "200701": "4.97",
        "200702": "4.44",
        "200703": "5.03",
        "200704": "5.30",
        "200705": "4.90",
        "200706": "5.76",
        "200707": "7.45",
        "200708": "6.55",
        "200709": "6.20",
        "200710": "5.77",
        "200711": "5.83",
        "200712": "5.06",
        "200801": "4.61",
        "200802": "4.65",
        "200803": "4.97",
        "200804": "5.21",
        "200805": "5.05",
        "200806": "4.39",
        "200807": "3.68",
        "200808": "3.60",
        "200809": "2.98",
        "200810": "2.64",
        "200811": "2.37",
        "200812": "2.38",
        "200901": "2.35",
        "200902": "2.50",
        "200903": "3.71",
        "200904": "4.31",
        "200905": "4.03",
        "200906": "3.48",
        "200907": "3.41",
        "200908": "3.26",
        "200909": "3.88",
        "200910": "4.61",
        "200911": "4.90",
        "200912": "4.99",
        "201001": "5.25",
        "201002": "4.89",
        "201003": "5.06",
        "201004": "5.39",
        "201005": "5.13",
        "201006": "5.02",
        "201007": "4.98",
        "201008": "4.99",
        "201009": "4.81",
        "201010": "4.90",
        "201011": "4.84",
        "201012": "5.00",
        "201101": "5.12",
        "201102": "4.94",
        "201103": "4.71",
        "201104": "4.87",
        "201105": "5.15",
        "201106": "4.96",
        "201107": "4.85",
        "201108": "4.39",
        "201109": "4.06",
        "201110": "3.97",
        "201111": "3.86",
        "201112": "3.66",
        "201201": "3.63",
        "201202": "3.98",
        "201203": "3.75",
        "201204": "3.29",
        "201205": "2.98",
        "201206": "2.51",
        "201207": "2.57",
        "201208": "2.84",
        "201209": "3.06",
        "201210": "2.94",
        "201211": "2.83",
        "201212": "2.87",
        "201301": "2.86",
        "201302": "2.89",
        "201303": "3.00",
        "201304": "3.03",
        "201305": "3.59",
        "201306": "3.61",
        "201307": "3.41",
        "201308": "3.20",
        "201309": "3.65",
        "201310": "3.68",
        "201311": "3.35",
        "201312": "3.32",
        "201401": "3.77",
        "201402": "3.88",
        "201403": "4.69",
        "201404": "4.49",
        "201405": "4.17",
        "201406": "5.00",
        "201407": "7.42",
        "201408": "7.12",
        "201409": "6.56",
        "201410": "6.22",
        "201411": "6.25",
        "201412": "8.46",
        "201501": "10.36",
        "201502": "10.02",
        "201503": "8.78",
        "201504": "9.06",
        "201505": "8.94",
        "201506": "7.55",
        "201507": "6.85",
        "201508": "5.95",
        "201509": "6.19",
        "201510": "7.37",
        "201511": "6.45",
        "201512": "5.55",
        "201601": "4.97",
        "201602": "5.50",
        "201603": "6.17",
        "201604": "7.09",
        "201605": "7.69",
        "201606": "9.32",
        "201607": "9.56",
        "201608": "9.95",
        "201609": "9.54",
        "201610": "8.38",
        "201611": "7.89",
        "201612": "7.93",
        "201701": "8.44",
        "201702": "8.90",
        "201703": "8.07",
        "201704": "7.32",
        "201705": "7.29",
        "201706": "6.91",
        "201707": "6.57",
        "201708": "6.76",
        "201709": "7.33",
        "201710": "7.26",
        "201711": "8.31",
        "201712": "9.63",
        "201801": "10.38",
        "201802": "10.16",
        "201803": "10.11",
        "201804": "8.73",
        "201805": "9.31",
        "201806": "9.44",
        "201807": "8.46",
        "201808": "7.88",
        "201809": "7.76",
        "201810": "6.82",
        "201811": "6.20",
        "201812": "6.25",
        "201901": "6.19",
        "201902": "6.51",
        "201903": "6.80",
        "201904": "6.80",
        "201905": "6.24",
        "201906": "5.96",
        "201907": "6.05",
        "201908": "5.91",
        "201909": "6.06",
        "201910": "6.06",
        "201911": "6.58",
        "201912": "6.62",
        "202001": "6.51",
        "202002": "5.98",
        "202003": "4.70",
        "202004": "4.87",
        "202005": "5.25",
        "202006": "5.86",
        "202007": "6.65",
        "202008": "6.77",
        "202009": "7.80",
        "202010": "7.91",
        "202011": "7.79",
        "202012": "8.74",
        "202101": "8.89",
        "202102": "8.64",
        "202103": "9.31",
        "202104": "10.29",
        "202105": "8.99",
        "202106": "8.79",
        "202107": "8.48",
        "202108": "8.05",
        "202109": "8.03",
        "202110": "7.84",
        "202111": "8.25",
        "202112": "9.20",
        "202201": "10.74",
        "202202": "10.98",
        "202203": "9.68",
        "202204": "8.99",
        "202205": "11.03",
        "202206": "15.28",
        "202207": "17.91",
        "202208": "29.46",
        "202209": "30.33",
        "202210": "27.75",
        "202211": "30.69",
        "202212": "26.96",
        "202301": "25.80",
        "202302": "25.27",
        "202303": "25.25",
        "202304": "23.83",
        "202305": "22.31",
        "202306": "23.71",
        "202307": "22.02",
        "202308": "20.41",
        "202309": "21.44",
        "202310": "23.36",
        "202311": "23.95",
        "202312": "22.61"
    },
    "quarters": {
        "20011": {
            "year_quarter": 20011,
            "year": 2001,
            "quarter": 1,
            "eps": -0.4,
            "eps_growth_year": -202.56,
            "eps_4q": -0.28,
            "eps_4q_growth_year": null,
            "roe": -5.16,
            "roe_4q": -5.16,
            "gross_profit": 249554,
            "gross_margin": 18.87,
            "gross_margin_4q_avg": 18.87,
            "net_income": -184033,
            "net_income_4q": null,
            "revenue": 1322244,
            "revenue_4q": null,
            "common_shares": 4539974,
            "book_valuer_per_share": 7.39,
            "book_valuer_per_share_4q_avg": 7.39,
            "equity": 3353994,
            "current_ratio": 188.41,
            "debt_ratio": 52.21,
            "inventory_turnover_ratio": 0.65,
            "account_receivable_turnover_ratio": null,
            "reinvestment_rate": null,
            "research_to_sale_ratio": null,
            "price_fair": 0,
            "eps_avg_yearly": 0,
            "eps_latest_yearly": 0,
            "eps_growth_yearly": 0
        },
        "20012": {
            "year_quarter": 20012,
            "year": 2001,
            "quarter": 2,
            "eps": -0.05,
            "eps_growth_year": -183.33,
            "eps_4q": -0.39,
            "eps_4q_growth_year": null,
            "roe": -0.68,
            "roe_4q": -5.84,
            "gross_profit": 309310,
            "gross_margin": 20.98,
            "gross_margin_4q_avg": 19.93,
            "net_income": -23145,
            "net_income_4q": null,
            "revenue": 1474020,
            "revenue_4q": null,
            "common_shares": 4539974,
            "book_valuer_per_share": 7.5,
            "book_valuer_per_share_4q_avg": 7.45,
            "equity": 3406477,
            "current_ratio": 233.14,
            "debt_ratio": 52.29,
            "inventory_turnover_ratio": 0.77,
            "account_receivable_turnover_ratio": null,
            "reinvestment_rate": null,
            "research_to_sale_ratio": null,
            "price_fair": 0,
            "eps_avg_yearly": 0,
            "eps_latest_yearly": 0,
            "eps_growth_yearly": 0
        },
        "20013": {
            "year_quarter": 20013,
            "year": 2001,
            "quarter": 3,
            "eps": -0.52,
            "eps_growth_year": -750,
            "eps_4q": -0.99,
            "eps_4q_growth_year": null,
            "roe": -7.41,
            "roe_4q": -13.25,
            "gross_profit": 201149,
            "gross_margin": 14.38,
            "gross_margin_4q_avg": 18.08,
            "net_income": -241410,
            "net_income_4q": null,
            "revenue": 1398910,
            "revenue_4q": null,
            "common_shares": 4539974,
            "book_valuer_per_share": 6.84,
            "book_valuer_per_share_4q_avg": 7.24,
            "equity": 3105580,
            "current_ratio": 197.73,
            "debt_ratio": 57.72,
            "inventory_turnover_ratio": 0.78,
            "account_receivable_turnover_ratio": null,
            "reinvestment_rate": null,
            "research_to_sale_ratio": null,
            "price_fair": 0,
            "eps_avg_yearly": 0,
            "eps_latest_yearly": 0,
            "eps_growth_yearly": 0
        },
        "20014": {
            "year_quarter": 20014,
            "year": 2001,
            "quarter": 4,
            "eps": -2.29,
            "eps_growth_year": null,
            "eps_4q": -3.25,
            "eps_4q_growth_year": -777.68,
            "roe": -34.63,
            "roe_4q": -47.88000000000001,
            "gross_profit": 341134,
            "gross_margin": 17.42,
            "gross_margin_4q_avg": 17.91,
            "net_income": -1035495,
            "net_income_4q": null,
            "revenue": 1958066,
            "revenue_4q": null,
            "common_shares": 4539974,
            "book_valuer_per_share": 5.81,
            "book_valuer_per_share_4q_avg": 6.89,
            "equity": 2875427,
            "current_ratio": 126.79,
            "debt_ratio": 59.46,
            "inventory_turnover_ratio": 1.1,
            "account_receivable_turnover_ratio": null,
            "reinvestment_rate": null,
            "research_to_sale_ratio": null,
            "price_fair": 0,
            "eps_avg_yearly": 0,
            "eps_latest_yearly": 0,
            "eps_growth_yearly": 0
        },
        "20021": {
            "year_quarter": 20021,
            "year": 2002,
            "quarter": 1,
            "eps": 0.07,
            "eps_growth_year": null,
            "eps_4q": -2.62,
            "eps_4q_growth_year": null,
            "roe": 1.17,
            "roe_4q": -41.550000000000004,
            "gross_profit": 364745,
            "gross_margin": 17.23,
            "gross_margin_4q_avg": 17.5,
            "net_income": 33851,
            "net_income_4q": null,
            "revenue": 2117493,
            "revenue_4q": null,
            "common_shares": 4539974,
            "book_valuer_per_share": 5.87,
            "book_valuer_per_share_4q_avg": 6.51,
            "equity": 2892686,
            "current_ratio": 121.97,
            "debt_ratio": 63.29,
            "inventory_turnover_ratio": 1.15,
            "account_receivable_turnover_ratio": null,
            "reinvestment_rate": null,
            "research_to_sale_ratio": null,
            "price_fair": 0,
            "eps_avg_yearly": 0,
            "eps_latest_yearly": 0,
            "eps_growth_yearly": 0
        },
        "20022": {
            "year_quarter": 20022,
            "year": 2002,
            "quarter": 2,
            "eps": 0.01,
            "eps_growth_year": null,
            "eps_4q": -2.73,
            "eps_4q_growth_year": null,
            "roe": 0.23,
            "roe_4q": -40.64,
            "gross_profit": 366319,
            "gross_margin": 19.48,
            "gross_margin_4q_avg": 17.13,
            "net_income": 6629,
            "net_income_4q": null,
            "revenue": 1880948,
            "revenue_4q": null,
            "common_shares": 4539974,
            "book_valuer_per_share": 5.94,
            "book_valuer_per_share_4q_avg": 6.12,
            "equity": 2920766,
            "current_ratio": 152.27,
            "debt_ratio": 61.59,
            "inventory_turnover_ratio": 0.87,
            "account_receivable_turnover_ratio": null,
            "reinvestment_rate": null,
            "research_to_sale_ratio": null,
            "price_fair": 0.12,
            "eps_avg_yearly": 0.04,
            "eps_latest_yearly": 0.04,
            "eps_growth_yearly": -342.86
        },
        "20023": {
            "year_quarter": 20023,
            "year": 2002,
            "quarter": 3,
            "eps": 0.09,
            "eps_growth_year": null,
            "eps_4q": -5.42,
            "eps_4q_growth_year": null,
            "roe": 0.58,
            "roe_4q": -32.650000000000006,
            "gross_profit": 329530,
            "gross_margin": 18.82,
            "gross_margin_4q_avg": 18.24,
            "net_income": 16360,
            "net_income_4q": null,
            "revenue": 1751117,
            "revenue_4q": null,
            "common_shares": 2056608,
            "book_valuer_per_share": 13.29,
            "book_valuer_per_share_4q_avg": 7.73,
            "equity": 2735155,
            "current_ratio": 151.99,
            "debt_ratio": 62.96,
            "inventory_turnover_ratio": 0.78,
            "account_receivable_turnover_ratio": null,
            "reinvestment_rate": null,
            "research_to_sale_ratio": null,
            "price_fair": 7,
            "eps_avg_yearly": 0.2,
            "eps_latest_yearly": 0.36,
            "eps_growth_yearly": 1428.57
        },
        "20024": {
            "year_quarter": 20024,
            "year": 2002,
            "quarter": 4,
            "eps": -0.01,
            "eps_growth_year": null,
            "eps_4q": 0.28,
            "eps_4q_growth_year": null,
            "roe": -0.25,
            "roe_4q": 1.73,
            "gross_profit": 480844,
            "gross_margin": 24.35,
            "gross_margin_4q_avg": 19.97,
            "net_income": -6958,
            "net_income_4q": null,
            "revenue": 1974432,
            "revenue_4q": null,
            "common_shares": 2056608,
            "book_valuer_per_share": 13.27,
            "book_valuer_per_share_4q_avg": 9.59,
            "equity": 2741885,
            "current_ratio": 151.82,
            "debt_ratio": 61.71,
            "inventory_turnover_ratio": 0.86,
            "account_receivable_turnover_ratio": null,
            "reinvestment_rate": null,
            "research_to_sale_ratio": null,
            "price_fair": 7,
            "eps_avg_yearly": 0.2,
            "eps_latest_yearly": 0.36,
            "eps_growth_yearly": 1428.57
        },
        "20031": {
            "year_quarter": 20031,
            "year": 2003,
            "quarter": 1,
            "eps": 0.02,
            "eps_growth_year": -71.43,
            "eps_4q": 0.11,
            "eps_4q_growth_year": null,
            "roe": 0.15,
            "roe_4q": 0.71,
            "gross_profit": 364919,
            "gross_margin": 23.65,
            "gross_margin_4q_avg": 21.58,
            "net_income": 4056,
            "net_income_4q": null,
            "revenue": 1543109,
            "revenue_4q": null,
            "common_shares": 2056608,
            "book_valuer_per_share": 13.35,
            "book_valuer_per_share_4q_avg": 11.46,
            "equity": 2745863,
            "current_ratio": 150.85,
            "debt_ratio": 59.83,
            "inventory_turnover_ratio": 0.75,
            "account_receivable_turnover_ratio": null,
            "reinvestment_rate": null,
            "research_to_sale_ratio": null,
            "price_fair": 7,
            "eps_avg_yearly": 0.2,
            "eps_latest_yearly": 0.36,
            "eps_growth_yearly": 1428.57
        },
        "20032": {
            "year_quarter": 20032,
            "year": 2003,
            "quarter": 2,
            "eps": -0.01,
            "eps_growth_year": -200,
            "eps_4q": 0.09,
            "eps_4q_growth_year": null,
            "roe": -0.08,
            "roe_4q": 0.39999999999999997,
            "gross_profit": 320091,
            "gross_margin": 23.38,
            "gross_margin_4q_avg": 22.55,
            "net_income": -2256,
            "net_income_4q": null,
            "revenue": 1368940,
            "revenue_4q": null,
            "common_shares": 2056608,
            "book_valuer_per_share": 13.48,
            "book_valuer_per_share_4q_avg": 13.35,
            "equity": 2772826,
            "current_ratio": 147.44,
            "debt_ratio": 58.41,
            "inventory_turnover_ratio": 0.73,
            "account_receivable_turnover_ratio": null,
            "reinvestment_rate": null,
            "research_to_sale_ratio": null,
            "price_fair": 7,
            "eps_avg_yearly": 0.2,
            "eps_latest_yearly": 0.36,
            "eps_growth_yearly": 1428.57
        },
        "20033": {
            "year_quarter": 20033,
            "year": 2003,
            "quarter": 3,
            "eps": -0.43,
            "eps_growth_year": -577.78,
            "eps_4q": -0.43,
            "eps_4q_growth_year": null,
            "roe": -3.28,
            "roe_4q": -3.46,
            "gross_profit": 255262,
            "gross_margin": 18.04,
            "gross_margin_4q_avg": 22.36,
            "net_income": -88913,
            "net_income_4q": null,
            "revenue": 1414686,
            "revenue_4q": null,
            "common_shares": 2056608,
            "book_valuer_per_share": 12.91,
            "book_valuer_per_share_4q_avg": 13.25,
            "equity": 2656577,
            "current_ratio": 139.48,
            "debt_ratio": 61.21,
            "inventory_turnover_ratio": 0.77,
            "account_receivable_turnover_ratio": null,
            "reinvestment_rate": null,
            "research_to_sale_ratio": null,
            "price_fair": 7,
            "eps_avg_yearly": 0.2,
            "eps_latest_yearly": 0.36,
            "eps_growth_yearly": 1428.57
        },
        "20034": {
            "year_quarter": 20034,
            "year": 2003,
            "quarter": 4,
            "eps": -0.84,
            "eps_growth_year": null,
            "eps_4q": -1.27,
            "eps_4q_growth_year": -558.2,
            "roe": -6.7,
            "roe_4q": -9.91,
            "gross_profit": 256782,
            "gross_margin": 16.54,
            "gross_margin_4q_avg": 20.4,
            "net_income": -171591,
            "net_income_4q": null,
            "revenue": 1552329,
            "revenue_4q": null,
            "common_shares": 2056608,
            "book_valuer_per_share": 11.95,
            "book_valuer_per_share_4q_avg": 12.92,
            "equity": 2468163,
            "current_ratio": 134.03,
            "debt_ratio": 63.05,
            "inventory_turnover_ratio": 0.86,
            "account_receivable_turnover_ratio": null,
            "reinvestment_rate": null,
            "research_to_sale_ratio": null,
            "price_fair": 7,
            "eps_avg_yearly": 0.2,
            "eps_latest_yearly": 0.36,
            "eps_growth_yearly": 1428.57
        },
        "20041": {
            "year_quarter": 20041,
            "year": 2004,
            "quarter": 1,
            "eps": -0.2,
            "eps_growth_year": -1100,
            "eps_4q": -1.51,
            "eps_4q_growth_year": -1420.13,
            "roe": -1.63,
            "roe_4q": -11.69,
            "gross_profit": 254524,
            "gross_margin": 18.59,
            "gross_margin_4q_avg": 19.14,
            "net_income": -39980,
            "net_income_4q": null,
            "revenue": 1369144,
            "revenue_4q": null,
            "common_shares": 2056608,
            "book_valuer_per_share": 11.78,
            "book_valuer_per_share_4q_avg": 12.53,
            "equity": 2422851,
            "current_ratio": 140.81,
            "debt_ratio": 61.03,
            "inventory_turnover_ratio": 0.83,
            "account_receivable_turnover_ratio": null,
            "reinvestment_rate": null,
            "research_to_sale_ratio": null,
            "price_fair": 7,
            "eps_avg_yearly": 0.2,
            "eps_latest_yearly": 0.36,
            "eps_growth_yearly": 1428.57
        },
        "20042": {
            "year_quarter": 20042,
            "year": 2004,
            "quarter": 2,
            "eps": -0.78,
            "eps_growth_year": null,
            "eps_4q": -2.23,
            "eps_4q_growth_year": -2618.67,
            "roe": -6.75,
            "roe_4q": -18.36,
            "gross_profit": 163948,
            "gross_margin": 16.11,
            "gross_margin_4q_avg": 17.32,
            "net_income": -158814,
            "net_income_4q": null,
            "revenue": 1017607,
            "revenue_4q": null,
            "common_shares": 2056608,
            "book_valuer_per_share": 11.1,
            "book_valuer_per_share_4q_avg": 11.94,
            "equity": 2283406,
            "current_ratio": 131.9,
            "debt_ratio": 61.58,
            "inventory_turnover_ratio": 0.67,
            "account_receivable_turnover_ratio": null,
            "reinvestment_rate": null,
            "research_to_sale_ratio": null,
            "price_fair": 7,
            "eps_avg_yearly": 0.2,
            "eps_latest_yearly": 0.36,
            "eps_growth_yearly": 1428.57
        },
        "20043": {
            "year_quarter": 20043,
            "year": 2004,
            "quarter": 3,
            "eps": -0.39,
            "eps_growth_year": null,
            "eps_4q": -2.18,
            "eps_4q_growth_year": null,
            "roe": -3.53,
            "roe_4q": -18.61,
            "gross_profit": 186519,
            "gross_margin": 14.65,
            "gross_margin_4q_avg": 16.47,
            "net_income": -78227,
            "net_income_4q": null,
            "revenue": 1273053,
            "revenue_4q": null,
            "common_shares": 2056608,
            "book_valuer_per_share": 10.46,
            "book_valuer_per_share_4q_avg": 11.32,
            "equity": 2151930,
            "current_ratio": 133.28,
            "debt_ratio": 61.38,
            "inventory_turnover_ratio": 0.95,
            "account_receivable_turnover_ratio": null,
            "reinvestment_rate": null,
            "research_to_sale_ratio": null,
            "price_fair": 7,
            "eps_avg_yearly": 0.2,
            "eps_latest_yearly": 0.36,
            "eps_growth_yearly": 1428.57
        },
        "20044": {
            "year_quarter": 20044,
            "year": 2004,
            "quarter": 4,
            "eps": -1.56,
            "eps_growth_year": null,
            "eps_4q": -2.93,
            "eps_4q_growth_year": null,
            "roe": -16.3,
            "roe_4q": -28.21,
            "gross_profit": 97636,
            "gross_margin": 13.96,
            "gross_margin_4q_avg": 15.83,
            "net_income": -317028,
            "net_income_4q": null,
            "revenue": 699374,
            "revenue_4q": null,
            "common_shares": 2056608,
            "book_valuer_per_share": 8.45,
            "book_valuer_per_share_4q_avg": 10.45,
            "equity": 1737461,
            "current_ratio": 134.32,
            "debt_ratio": 61.2,
            "inventory_turnover_ratio": 0.67,
            "account_receivable_turnover_ratio": null,
            "reinvestment_rate": null,
            "research_to_sale_ratio": null,
            "price_fair": 7,
            "eps_avg_yearly": 0.2,
            "eps_latest_yearly": 0.36,
            "eps_growth_yearly": 1428.57
        },
        "20051": {
            "year_quarter": 20051,
            "year": 2005,
            "quarter": 1,
            "eps": 0.56,
            "eps_growth_year": null,
            "eps_4q": -2.17,
            "eps_4q_growth_year": null,
            "roe": 6.35,
            "roe_4q": -20.23,
            "gross_profit": 145389,
            "gross_margin": 21.27,
            "gross_margin_4q_avg": 16.5,
            "net_income": 113806,
            "net_income_4q": null,
            "revenue": 683600,
            "revenue_4q": null,
            "common_shares": 2056608,
            "book_valuer_per_share": 8.98,
            "book_valuer_per_share_4q_avg": 9.75,
            "equity": 1846251,
            "current_ratio": 125,
            "debt_ratio": 58.09,
            "inventory_turnover_ratio": 0.69,
            "account_receivable_turnover_ratio": null,
            "reinvestment_rate": null,
            "research_to_sale_ratio": null,
            "price_fair": 7,
            "eps_avg_yearly": 0.2,
            "eps_latest_yearly": 0.36,
            "eps_growth_yearly": 1428.57
        },
        "20052": {
            "year_quarter": 20052,
            "year": 2005,
            "quarter": 2,
            "eps": 0.32,
            "eps_growth_year": null,
            "eps_4q": -1.08,
            "eps_4q_growth_year": null,
            "roe": 3.41,
            "roe_4q": -10.07,
            "gross_profit": 132463,
            "gross_margin": 25.49,
            "gross_margin_4q_avg": 18.84,
            "net_income": 64335,
            "net_income_4q": null,
            "revenue": 519604,
            "revenue_4q": null,
            "common_shares": 2056608,
            "book_valuer_per_share": 9.36,
            "book_valuer_per_share_4q_avg": 9.31,
            "equity": 1925535,
            "current_ratio": 132.38,
            "debt_ratio": 48.59,
            "inventory_turnover_ratio": 0.56,
            "account_receivable_turnover_ratio": null,
            "reinvestment_rate": null,
            "research_to_sale_ratio": null,
            "price_fair": 19.6,
            "eps_avg_yearly": 0.56,
            "eps_latest_yearly": 1.28,
            "eps_growth_yearly": 895.24
        },
        "20053": {
            "year_quarter": 20053,
            "year": 2005,
            "quarter": 3,
            "eps": -0.33,
            "eps_growth_year": null,
            "eps_4q": -1,
            "eps_4q_growth_year": null,
            "roe": -3.47,
            "roe_4q": -10.010000000000002,
            "gross_profit": 34937,
            "gross_margin": 8.35,
            "gross_margin_4q_avg": 17.27,
            "net_income": -66679,
            "net_income_4q": null,
            "revenue": 418234,
            "revenue_4q": null,
            "common_shares": 2056608,
            "book_valuer_per_share": 9.35,
            "book_valuer_per_share_4q_avg": 9.04,
            "equity": 1922296,
            "current_ratio": 70.57,
            "debt_ratio": 43.12,
            "inventory_turnover_ratio": 0.79,
            "account_receivable_turnover_ratio": null,
            "reinvestment_rate": null,
            "research_to_sale_ratio": null,
            "price_fair": 19.6,
            "eps_avg_yearly": 0.56,
            "eps_latest_yearly": 1.28,
            "eps_growth_yearly": 895.24
        },
        "20054": {
            "year_quarter": 20054,
            "year": 2005,
            "quarter": 4,
            "eps": -1.47,
            "eps_growth_year": null,
            "eps_4q": -0.92,
            "eps_4q_growth_year": null,
            "roe": -16.73,
            "roe_4q": -10.44,
            "gross_profit": 31441,
            "gross_margin": 10.09,
            "gross_margin_4q_avg": 16.3,
            "net_income": -298437,
            "net_income_4q": null,
            "revenue": 311518,
            "revenue_4q": null,
            "common_shares": 2056608,
            "book_valuer_per_share": 8,
            "book_valuer_per_share_4q_avg": 8.92,
            "equity": 1645916,
            "current_ratio": 123.74,
            "debt_ratio": 47.07,
            "inventory_turnover_ratio": 0.69,
            "account_receivable_turnover_ratio": null,
            "reinvestment_rate": null,
            "research_to_sale_ratio": null,
            "price_fair": 19.6,
            "eps_avg_yearly": 0.56,
            "eps_latest_yearly": 1.28,
            "eps_growth_yearly": 895.24
        },
        "20061": {
            "year_quarter": 20061,
            "year": 2006,
            "quarter": 1,
            "eps": -0.3,
            "eps_growth_year": -153.57,
            "eps_4q": -1.79,
            "eps_4q_growth_year": null,
            "roe": -3.75,
            "roe_4q": -20.54,
            "gross_profit": 27546,
            "gross_margin": 9.47,
            "gross_margin_4q_avg": 13.35,
            "net_income": -60494,
            "net_income_4q": null,
            "revenue": 290838,
            "revenue_4q": null,
            "common_shares": 2056608,
            "book_valuer_per_share": 7.68,
            "book_valuer_per_share_4q_avg": 8.6,
            "equity": 1580303,
            "current_ratio": 45.02,
            "debt_ratio": 41.45,
            "inventory_turnover_ratio": 0.84,
            "account_receivable_turnover_ratio": null,
            "reinvestment_rate": null,
            "research_to_sale_ratio": null,
            "price_fair": 19.6,
            "eps_avg_yearly": 0.56,
            "eps_latest_yearly": 1.28,
            "eps_growth_yearly": 895.24
        },
        "20062": {
            "year_quarter": 20062,
            "year": 2006,
            "quarter": 2,
            "eps": -0.5,
            "eps_growth_year": -256.25,
            "eps_4q": -2.57,
            "eps_4q_growth_year": null,
            "roe": -6.67,
            "roe_4q": -30.619999999999997,
            "gross_profit": 24593,
            "gross_margin": 17.13,
            "gross_margin_4q_avg": 11.26,
            "net_income": -102047,
            "net_income_4q": null,
            "revenue": 143571,
            "revenue_4q": null,
            "common_shares": 2056608,
            "book_valuer_per_share": 7.19,
            "book_valuer_per_share_4q_avg": 8.06,
            "equity": 1479249,
            "current_ratio": 36.3,
            "debt_ratio": 42.19,
            "inventory_turnover_ratio": 0.82,
            "account_receivable_turnover_ratio": null,
            "reinvestment_rate": null,
            "research_to_sale_ratio": null,
            "price_fair": 28.7,
            "eps_avg_yearly": 0.82,
            "eps_latest_yearly": 1.28,
            "eps_growth_yearly": 1514.29
        },
        "20063": {
            "year_quarter": 20063,
            "year": 2006,
            "quarter": 3,
            "eps": -0.41,
            "eps_growth_year": null,
            "eps_4q": -2.65,
            "eps_4q_growth_year": null,
            "roe": -5.76,
            "roe_4q": -32.91,
            "gross_profit": 23574,
            "gross_margin": 17.01,
            "gross_margin_4q_avg": 13.43,
            "net_income": -83368,
            "net_income_4q": null,
            "revenue": 138570,
            "revenue_4q": null,
            "common_shares": 2056608,
            "book_valuer_per_share": 6.89,
            "book_valuer_per_share_4q_avg": 7.44,
            "equity": 1417141,
            "current_ratio": 42.43,
            "debt_ratio": 45.73,
            "inventory_turnover_ratio": 0.62,
            "account_receivable_turnover_ratio": null,
            "reinvestment_rate": null,
            "research_to_sale_ratio": null,
            "price_fair": 3.84,
            "eps_avg_yearly": 1.28,
            "eps_latest_yearly": 1.28,
            "eps_growth_yearly": -171.43
        },
        "20064": {
            "year_quarter": 20064,
            "year": 2006,
            "quarter": 4,
            "eps": 1.26,
            "eps_growth_year": null,
            "eps_4q": 0.05,
            "eps_4q_growth_year": null,
            "roe": 16.6,
            "roe_4q": 0.4200000000000017,
            "gross_profit": 36815,
            "gross_margin": 19.71,
            "gross_margin_4q_avg": 15.83,
            "net_income": 255996,
            "net_income_4q": null,
            "revenue": 186828,
            "revenue_4q": null,
            "common_shares": 2056608,
            "book_valuer_per_share": 8.1,
            "book_valuer_per_share_4q_avg": 7.47,
            "equity": 1666717,
            "current_ratio": 144.36,
            "debt_ratio": 46.02,
            "inventory_turnover_ratio": 0.51,
            "account_receivable_turnover_ratio": null,
            "reinvestment_rate": null,
            "research_to_sale_ratio": null,
            "price_fair": 3.84,
            "eps_avg_yearly": 1.28,
            "eps_latest_yearly": 1.28,
            "eps_growth_yearly": -171.43
        },
        "20071": {
            "year_quarter": 20071,
            "year": 2007,
            "quarter": 1,
            "eps": -0.09,
            "eps_growth_year": null,
            "eps_4q": 0.25,
            "eps_4q_growth_year": null,
            "roe": -1.13,
            "roe_4q": 3.0400000000000027,
            "gross_profit": 29722,
            "gross_margin": 18.57,
            "gross_margin_4q_avg": 18.11,
            "net_income": -18735,
            "net_income_4q": null,
            "revenue": 160044,
            "revenue_4q": null,
            "common_shares": 2056608,
            "book_valuer_per_share": 8.02,
            "book_valuer_per_share_4q_avg": 7.55,
            "equity": 1650208,
            "current_ratio": 82.02,
            "debt_ratio": 27.69,
            "inventory_turnover_ratio": 0.5,
            "account_receivable_turnover_ratio": null,
            "reinvestment_rate": null,
            "research_to_sale_ratio": null,
            "price_fair": 3.84,
            "eps_avg_yearly": 1.28,
            "eps_latest_yearly": 1.28,
            "eps_growth_yearly": -171.43
        },
        "20072": {
            "year_quarter": 20072,
            "year": 2007,
            "quarter": 2,
            "eps": -0.17,
            "eps_growth_year": null,
            "eps_4q": 0.58,
            "eps_4q_growth_year": null,
            "roe": -2.17,
            "roe_4q": 7.540000000000001,
            "gross_profit": 26846,
            "gross_margin": 19.63,
            "gross_margin_4q_avg": 18.73,
            "net_income": -35331,
            "net_income_4q": null,
            "revenue": 136727,
            "revenue_4q": null,
            "common_shares": 2056608,
            "book_valuer_per_share": 7.82,
            "book_valuer_per_share_4q_avg": 7.71,
            "equity": 1609095,
            "current_ratio": 87.05,
            "debt_ratio": 26.95,
            "inventory_turnover_ratio": 0.64,
            "account_receivable_turnover_ratio": null,
            "reinvestment_rate": null,
            "research_to_sale_ratio": null,
            "price_fair": 3.84,
            "eps_avg_yearly": 1.28,
            "eps_latest_yearly": 1.28,
            "eps_growth_yearly": -171.43
        },
        "20073": {
            "year_quarter": 20073,
            "year": 2007,
            "quarter": 3,
            "eps": 0.29,
            "eps_growth_year": null,
            "eps_4q": 1.3,
            "eps_4q_growth_year": null,
            "roe": 3.62,
            "roe_4q": 16.92,
            "gross_profit": 16303,
            "gross_margin": 9.54,
            "gross_margin_4q_avg": 16.86,
            "net_income": 57966,
            "net_income_4q": null,
            "revenue": 170952,
            "revenue_4q": null,
            "common_shares": 2056608,
            "book_valuer_per_share": 7.73,
            "book_valuer_per_share_4q_avg": 7.92,
            "equity": 1589366,
            "current_ratio": 89.26,
            "debt_ratio": 27.19,
            "inventory_turnover_ratio": 0.89,
            "account_receivable_turnover_ratio": null,
            "reinvestment_rate": null,
            "research_to_sale_ratio": null,
            "price_fair": 3.84,
            "eps_avg_yearly": 1.28,
            "eps_latest_yearly": 1.28,
            "eps_growth_yearly": -171.43
        },
        "20074": {
            "year_quarter": 20074,
            "year": 2007,
            "quarter": 4,
            "eps": -0.01,
            "eps_growth_year": -100.79,
            "eps_4q": 0.01,
            "eps_4q_growth_year": -79.86,
            "roe": -0.07,
            "roe_4q": 0.25000000000000044,
            "gross_profit": 27628,
            "gross_margin": 9.07,
            "gross_margin_4q_avg": 14.2,
            "net_income": -1192,
            "net_income_4q": null,
            "revenue": 304680,
            "revenue_4q": null,
            "common_shares": 2056608,
            "book_valuer_per_share": 7.84,
            "book_valuer_per_share_4q_avg": 7.85,
            "equity": 1611949,
            "current_ratio": 230.69,
            "debt_ratio": 23.38,
            "inventory_turnover_ratio": 1.12,
            "account_receivable_turnover_ratio": null,
            "reinvestment_rate": null,
            "research_to_sale_ratio": null,
            "price_fair": 3.84,
            "eps_avg_yearly": 1.28,
            "eps_latest_yearly": 1.28,
            "eps_growth_yearly": -171.43
        },
        "20081": {
            "year_quarter": 20081,
            "year": 2008,
            "quarter": 1,
            "eps": -0.13,
            "eps_growth_year": null,
            "eps_4q": -0.02,
            "eps_4q_growth_year": -108.37,
            "roe": -1.61,
            "roe_4q": -0.22999999999999998,
            "gross_profit": 97480,
            "gross_margin": 32.97,
            "gross_margin_4q_avg": 17.8,
            "net_income": -25539,
            "net_income_4q": null,
            "revenue": 295683,
            "revenue_4q": null,
            "common_shares": 2056608,
            "book_valuer_per_share": 7.58,
            "book_valuer_per_share_4q_avg": 7.74,
            "equity": 1559810,
            "current_ratio": 225.12,
            "debt_ratio": 23.18,
            "inventory_turnover_ratio": 0.63,
            "account_receivable_turnover_ratio": null,
            "reinvestment_rate": null,
            "research_to_sale_ratio": null,
            "price_fair": 3.84,
            "eps_avg_yearly": 1.28,
            "eps_latest_yearly": 1.28,
            "eps_growth_yearly": -171.43
        },
        "20082": {
            "year_quarter": 20082,
            "year": 2008,
            "quarter": 2,
            "eps": -0.15,
            "eps_growth_year": null,
            "eps_4q": 0.01,
            "eps_4q_growth_year": -98.91,
            "roe": -1.93,
            "roe_4q": 0.010000000000000231,
            "gross_profit": 53797,
            "gross_margin": 21.31,
            "gross_margin_4q_avg": 18.22,
            "net_income": -29947,
            "net_income_4q": null,
            "revenue": 252398,
            "revenue_4q": null,
            "common_shares": 2056608,
            "book_valuer_per_share": 7.51,
            "book_valuer_per_share_4q_avg": 7.67,
            "equity": 1544463,
            "current_ratio": 207.07,
            "debt_ratio": 26.2,
            "inventory_turnover_ratio": 0.65,
            "account_receivable_turnover_ratio": null,
            "reinvestment_rate": null,
            "research_to_sale_ratio": null,
            "price_fair": 3.84,
            "eps_avg_yearly": 1.28,
            "eps_latest_yearly": 1.28,
            "eps_growth_yearly": -171.43
        },
        "20083": {
            "year_quarter": 20083,
            "year": 2008,
            "quarter": 3,
            "eps": -0.11,
            "eps_growth_year": -137.93,
            "eps_4q": -0.39,
            "eps_4q_growth_year": -129.78,
            "roe": -1.27,
            "roe_4q": -4.880000000000001,
            "gross_profit": 56837,
            "gross_margin": 20.91,
            "gross_margin_4q_avg": 21.07,
            "net_income": -19866,
            "net_income_4q": null,
            "revenue": 271854,
            "revenue_4q": null,
            "common_shares": 2056608,
            "book_valuer_per_share": 7.59,
            "book_valuer_per_share_4q_avg": 7.63,
            "equity": 1577434,
            "current_ratio": 212.94,
            "debt_ratio": 26.31,
            "inventory_turnover_ratio": 0.66,
            "account_receivable_turnover_ratio": null,
            "reinvestment_rate": null,
            "research_to_sale_ratio": null,
            "price_fair": 3.84,
            "eps_avg_yearly": 1.28,
            "eps_latest_yearly": 1.28,
            "eps_growth_yearly": -171.43
        },
        "20084": {
            "year_quarter": 20084,
            "year": 2008,
            "quarter": 4,
            "eps": -0.53,
            "eps_growth_year": null,
            "eps_4q": -0.98,
            "eps_4q_growth_year": -9916.59,
            "roe": -6.43,
            "roe_4q": -11.239999999999998,
            "gross_profit": 43857,
            "gross_margin": 13.49,
            "gross_margin_4q_avg": 22.17,
            "net_income": -98759,
            "net_income_4q": null,
            "revenue": 325148,
            "revenue_4q": null,
            "common_shares": 2056608,
            "book_valuer_per_share": 7.16,
            "book_valuer_per_share_4q_avg": 7.46,
            "equity": 1492264,
            "current_ratio": 194.7,
            "debt_ratio": 26.95,
            "inventory_turnover_ratio": 0.82,
            "account_receivable_turnover_ratio": 6.04,
            "reinvestment_rate": null,
            "research_to_sale_ratio": null,
            "price_fair": 3.84,
            "eps_avg_yearly": 1.28,
            "eps_latest_yearly": 1.28,
            "eps_growth_yearly": -171.43
        },
        "20091": {
            "year_quarter": 20091,
            "year": 2009,
            "quarter": 1,
            "eps": -0.18,
            "eps_growth_year": null,
            "eps_4q": -0.96,
            "eps_4q_growth_year": null,
            "roe": -2.44,
            "roe_4q": -12.069999999999999,
            "gross_profit": 82321,
            "gross_margin": 26.07,
            "gross_margin_4q_avg": 20.45,
            "net_income": -36249,
            "net_income_4q": null,
            "revenue": 315804,
            "revenue_4q": null,
            "common_shares": 2056608,
            "book_valuer_per_share": 7.1,
            "book_valuer_per_share_4q_avg": 7.34,
            "equity": 1481072,
            "current_ratio": 202.98,
            "debt_ratio": 25.54,
            "inventory_turnover_ratio": 0.74,
            "account_receivable_turnover_ratio": 4.17,
            "reinvestment_rate": null,
            "research_to_sale_ratio": null,
            "price_fair": 3.84,
            "eps_avg_yearly": 1.28,
            "eps_latest_yearly": 1.28,
            "eps_growth_yearly": -171.43
        },
        "20092": {
            "year_quarter": 20092,
            "year": 2009,
            "quarter": 2,
            "eps": -0.41,
            "eps_growth_year": null,
            "eps_4q": -1.22,
            "eps_4q_growth_year": -19530.48,
            "roe": -5.67,
            "roe_4q": -15.809999999999999,
            "gross_profit": 32354,
            "gross_margin": 16.14,
            "gross_margin_4q_avg": 19.15,
            "net_income": -81174,
            "net_income_4q": null,
            "revenue": 200425,
            "revenue_4q": null,
            "common_shares": 2056608,
            "book_valuer_per_share": 6.62,
            "book_valuer_per_share_4q_avg": 7.12,
            "equity": 1382772,
            "current_ratio": 192.59,
            "debt_ratio": 25.84,
            "inventory_turnover_ratio": 0.61,
            "account_receivable_turnover_ratio": 4.47,
            "reinvestment_rate": null,
            "research_to_sale_ratio": null,
            "price_fair": 0,
            "eps_avg_yearly": 0,
            "eps_latest_yearly": 0,
            "eps_growth_yearly": 0
        },
        "20093": {
            "year_quarter": 20093,
            "year": 2009,
            "quarter": 3,
            "eps": -0.29,
            "eps_growth_year": null,
            "eps_4q": -1.39,
            "eps_4q_growth_year": null,
            "roe": -4.23,
            "roe_4q": -18.77,
            "gross_profit": 56268,
            "gross_margin": 28.59,
            "gross_margin_4q_avg": 21.07,
            "net_income": -56951,
            "net_income_4q": null,
            "revenue": 196784,
            "revenue_4q": null,
            "common_shares": 2056608,
            "book_valuer_per_share": 6.28,
            "book_valuer_per_share_4q_avg": 6.79,
            "equity": 1312911,
            "current_ratio": 164.58,
            "debt_ratio": 30.33,
            "inventory_turnover_ratio": 0.52,
            "account_receivable_turnover_ratio": 3.2,
            "reinvestment_rate": null,
            "research_to_sale_ratio": null,
            "price_fair": 0,
            "eps_avg_yearly": 0,
            "eps_latest_yearly": 0,
            "eps_growth_yearly": 0
        },
        "20094": {
            "year_quarter": 20094,
            "year": 2009,
            "quarter": 4,
            "eps": -0.45,
            "eps_growth_year": null,
            "eps_4q": -1.33,
            "eps_4q_growth_year": null,
            "roe": -7.08,
            "roe_4q": -19.42,
            "gross_profit": -5375,
            "gross_margin": -2.51,
            "gross_margin_4q_avg": 17.07,
            "net_income": -89684,
            "net_income_4q": null,
            "revenue": 214285,
            "revenue_4q": null,
            "common_shares": 2056608,
            "book_valuer_per_share": 5.9,
            "book_valuer_per_share_4q_avg": 6.48,
            "equity": 1221046,
            "current_ratio": 146.76,
            "debt_ratio": 31.7,
            "inventory_turnover_ratio": 0.86,
            "account_receivable_turnover_ratio": 7.05,
            "reinvestment_rate": null,
            "research_to_sale_ratio": null,
            "price_fair": 0,
            "eps_avg_yearly": 0,
            "eps_latest_yearly": 0,
            "eps_growth_yearly": 0
        },
        "20101": {
            "year_quarter": 20101,
            "year": 2010,
            "quarter": 1,
            "eps": -0.17,
            "eps_growth_year": null,
            "eps_4q": -1.32,
            "eps_4q_growth_year": null,
            "roe": -2.71,
            "roe_4q": -19.689999999999998,
            "gross_profit": 51128,
            "gross_margin": 27.56,
            "gross_margin_4q_avg": 17.45,
            "net_income": -32578,
            "net_income_4q": null,
            "revenue": 185487,
            "revenue_4q": null,
            "common_shares": 2056608,
            "book_valuer_per_share": 5.71,
            "book_valuer_per_share_4q_avg": 6.13,
            "equity": 1184936,
            "current_ratio": 136.12,
            "debt_ratio": 33.11,
            "inventory_turnover_ratio": 0.61,
            "account_receivable_turnover_ratio": 3.03,
            "reinvestment_rate": null,
            "research_to_sale_ratio": 11.82,
            "price_fair": 0,
            "eps_avg_yearly": 0,
            "eps_latest_yearly": 0,
            "eps_growth_yearly": 0
        },
        "20102": {
            "year_quarter": 20102,
            "year": 2010,
            "quarter": 2,
            "eps": -0.12,
            "eps_growth_year": null,
            "eps_4q": -1.03,
            "eps_4q_growth_year": null,
            "roe": -1.89,
            "roe_4q": -15.91,
            "gross_profit": 66951,
            "gross_margin": 34.02,
            "gross_margin_4q_avg": 21.92,
            "net_income": -22330,
            "net_income_4q": null,
            "revenue": 196804,
            "revenue_4q": null,
            "common_shares": 2056608,
            "book_valuer_per_share": 5.67,
            "book_valuer_per_share_4q_avg": 5.89,
            "equity": 1177259,
            "current_ratio": 131.5,
            "debt_ratio": 35.12,
            "inventory_turnover_ratio": 0.6,
            "account_receivable_turnover_ratio": 2.99,
            "reinvestment_rate": null,
            "research_to_sale_ratio": 11.21,
            "price_fair": 0,
            "eps_avg_yearly": 0,
            "eps_latest_yearly": 0,
            "eps_growth_yearly": 0
        },
        "20103": {
            "year_quarter": 20103,
            "year": 2010,
            "quarter": 3,
            "eps": -0.11,
            "eps_growth_year": null,
            "eps_4q": -0.86,
            "eps_4q_growth_year": null,
            "roe": -1.77,
            "roe_4q": -13.45,
            "gross_profit": 70197,
            "gross_margin": 36.44,
            "gross_margin_4q_avg": 23.88,
            "net_income": -20501,
            "net_income_4q": null,
            "revenue": 192663,
            "revenue_4q": null,
            "common_shares": 2056608,
            "book_valuer_per_share": 5.5,
            "book_valuer_per_share_4q_avg": 5.7,
            "equity": 1144806,
            "current_ratio": 125.85,
            "debt_ratio": 35.65,
            "inventory_turnover_ratio": 0.56,
            "account_receivable_turnover_ratio": 2.49,
            "reinvestment_rate": null,
            "research_to_sale_ratio": 13.08,
            "price_fair": 0,
            "eps_avg_yearly": 0,
            "eps_latest_yearly": 0,
            "eps_growth_yearly": 0
        },
        "20104": {
            "year_quarter": 20104,
            "year": 2010,
            "quarter": 4,
            "eps": -0.08,
            "eps_growth_year": null,
            "eps_4q": -0.49,
            "eps_4q_growth_year": null,
            "roe": -1.23,
            "roe_4q": -7.6,
            "gross_profit": 76945,
            "gross_margin": 47.4,
            "gross_margin_4q_avg": 36.36,
            "net_income": -13942,
            "net_income_4q": null,
            "revenue": 162318,
            "revenue_4q": null,
            "common_shares": 2056608,
            "book_valuer_per_share": 5.35,
            "book_valuer_per_share_4q_avg": 5.56,
            "equity": 1117111,
            "current_ratio": 130.42,
            "debt_ratio": 34.98,
            "inventory_turnover_ratio": 0.37,
            "account_receivable_turnover_ratio": 2.14,
            "reinvestment_rate": null,
            "research_to_sale_ratio": 14.26,
            "price_fair": 0,
            "eps_avg_yearly": 0,
            "eps_latest_yearly": 0,
            "eps_growth_yearly": 0
        },
        "20111": {
            "year_quarter": 20111,
            "year": 2011,
            "quarter": 1,
            "eps": 0.01,
            "eps_growth_year": null,
            "eps_4q": -0.3,
            "eps_4q_growth_year": null,
            "roe": 0.41,
            "roe_4q": -4.4799999999999995,
            "gross_profit": 92156,
            "gross_margin": 48.17,
            "gross_margin_4q_avg": 41.51,
            "net_income": 4492,
            "net_income_4q": null,
            "revenue": 191311,
            "revenue_4q": null,
            "common_shares": 2056608,
            "book_valuer_per_share": 5.3,
            "book_valuer_per_share_4q_avg": 5.46,
            "equity": 1099288,
            "current_ratio": 128.07,
            "debt_ratio": 36.91,
            "inventory_turnover_ratio": 0.38,
            "account_receivable_turnover_ratio": 3.04,
            "reinvestment_rate": null,
            "research_to_sale_ratio": 12.92,
            "price_fair": 0,
            "eps_avg_yearly": 0,
            "eps_latest_yearly": 0,
            "eps_growth_yearly": 0
        },
        "20112": {
            "year_quarter": 20112,
            "year": 2011,
            "quarter": 2,
            "eps": -0,
            "eps_growth_year": null,
            "eps_4q": -0.19,
            "eps_4q_growth_year": null,
            "roe": 0.43,
            "roe_4q": -2.16,
            "gross_profit": 85589,
            "gross_margin": 39.38,
            "gross_margin_4q_avg": 42.85,
            "net_income": 4699,
            "net_income_4q": null,
            "revenue": 217342,
            "revenue_4q": null,
            "common_shares": 2056608,
            "book_valuer_per_share": 5.23,
            "book_valuer_per_share_4q_avg": 5.35,
            "equity": 1090983,
            "current_ratio": 131.13,
            "debt_ratio": 38.71,
            "inventory_turnover_ratio": 0.44,
            "account_receivable_turnover_ratio": 3.35,
            "reinvestment_rate": null,
            "research_to_sale_ratio": 13.34,
            "price_fair": 0,
            "eps_avg_yearly": 0,
            "eps_latest_yearly": 0,
            "eps_growth_yearly": 0
        },
        "20113": {
            "year_quarter": 20113,
            "year": 2011,
            "quarter": 3,
            "eps": 0.25,
            "eps_growth_year": null,
            "eps_4q": 0.17,
            "eps_4q_growth_year": null,
            "roe": 4.63,
            "roe_4q": 4.24,
            "gross_profit": 93091,
            "gross_margin": 41.72,
            "gross_margin_4q_avg": 44.17,
            "net_income": 53721,
            "net_income_4q": null,
            "revenue": 223135,
            "revenue_4q": null,
            "common_shares": 2056608,
            "book_valuer_per_share": 5.88,
            "book_valuer_per_share_4q_avg": 5.44,
            "equity": 1228944,
            "current_ratio": 143.63,
            "debt_ratio": 37.52,
            "inventory_turnover_ratio": 0.39,
            "account_receivable_turnover_ratio": 2.62,
            "reinvestment_rate": null,
            "research_to_sale_ratio": 11.81,
            "price_fair": 0,
            "eps_avg_yearly": 0,
            "eps_latest_yearly": 0,
            "eps_growth_yearly": 0
        },
        "20114": {
            "year_quarter": 20114,
            "year": 2011,
            "quarter": 4,
            "eps": -0,
            "eps_growth_year": null,
            "eps_4q": 0.25,
            "eps_4q_growth_year": null,
            "roe": 0.24,
            "roe_4q": 5.71,
            "gross_profit": 85491,
            "gross_margin": 40.89,
            "gross_margin_4q_avg": 42.54,
            "net_income": 2948,
            "net_income_4q": null,
            "revenue": 209081,
            "revenue_4q": null,
            "common_shares": 2056608,
            "book_valuer_per_share": 5.89,
            "book_valuer_per_share_4q_avg": 5.58,
            "equity": 1233588,
            "current_ratio": 141.06,
            "debt_ratio": 35.44,
            "inventory_turnover_ratio": 0.35,
            "account_receivable_turnover_ratio": 2.75,
            "reinvestment_rate": null,
            "research_to_sale_ratio": 14.84,
            "price_fair": 0,
            "eps_avg_yearly": 0,
            "eps_latest_yearly": 0,
            "eps_growth_yearly": 0
        },
        "20121": {
            "year_quarter": 20121,
            "year": 2012,
            "quarter": 1,
            "eps": -0.12,
            "eps_growth_year": -1300,
            "eps_4q": 0.12,
            "eps_4q_growth_year": null,
            "roe": -1.94,
            "roe_4q": 3.36,
            "gross_profit": 67985,
            "gross_margin": 35.5,
            "gross_margin_4q_avg": 39.37,
            "net_income": -23503,
            "net_income_4q": null,
            "revenue": 191514,
            "revenue_4q": null,
            "common_shares": 2056608,
            "book_valuer_per_share": 5.66,
            "book_valuer_per_share_4q_avg": 5.67,
            "equity": 1188544,
            "current_ratio": 132.74,
            "debt_ratio": 39.08,
            "inventory_turnover_ratio": 0.37,
            "account_receivable_turnover_ratio": 3.12,
            "reinvestment_rate": null,
            "research_to_sale_ratio": 13.5,
            "price_fair": 0,
            "eps_avg_yearly": 0,
            "eps_latest_yearly": 0,
            "eps_growth_yearly": 0
        },
        "20122": {
            "year_quarter": 20122,
            "year": 2012,
            "quarter": 2,
            "eps": -0.08,
            "eps_growth_year": null,
            "eps_4q": 0.04,
            "eps_4q_growth_year": null,
            "roe": -1.13,
            "roe_4q": 1.7999999999999998,
            "gross_profit": 76819,
            "gross_margin": 36.37,
            "gross_margin_4q_avg": 38.62,
            "net_income": -13260,
            "net_income_4q": null,
            "revenue": 211233,
            "revenue_4q": null,
            "common_shares": 2056608,
            "book_valuer_per_share": 5.5,
            "book_valuer_per_share_4q_avg": 5.73,
            "equity": 1158636,
            "current_ratio": 132.67,
            "debt_ratio": 39.21,
            "inventory_turnover_ratio": 0.44,
            "account_receivable_turnover_ratio": 2.42,
            "reinvestment_rate": null,
            "research_to_sale_ratio": 13.61,
            "price_fair": 0,
            "eps_avg_yearly": 0,
            "eps_latest_yearly": 0,
            "eps_growth_yearly": 0
        },
        "20123": {
            "year_quarter": 20123,
            "year": 2012,
            "quarter": 3,
            "eps": -0.03,
            "eps_growth_year": -111.47,
            "eps_4q": -0.23,
            "eps_4q_growth_year": -234.95,
            "roe": -0.27,
            "roe_4q": -3.0999999999999996,
            "gross_profit": 70584,
            "gross_margin": 37.94,
            "gross_margin_4q_avg": 37.68,
            "net_income": -3093,
            "net_income_4q": null,
            "revenue": 186023,
            "revenue_4q": null,
            "common_shares": 2056608,
            "book_valuer_per_share": 5.42,
            "book_valuer_per_share_4q_avg": 5.62,
            "equity": 1137019,
            "current_ratio": 128.43,
            "debt_ratio": 41.51,
            "inventory_turnover_ratio": 0.39,
            "account_receivable_turnover_ratio": 1.78,
            "reinvestment_rate": null,
            "research_to_sale_ratio": 15.89,
            "price_fair": 0,
            "eps_avg_yearly": 0,
            "eps_latest_yearly": 0,
            "eps_growth_yearly": 0
        },
        "20124": {
            "year_quarter": 20124,
            "year": 2012,
            "quarter": 4,
            "eps": 0.02,
            "eps_growth_year": null,
            "eps_4q": -0.22,
            "eps_4q_growth_year": -185.42,
            "roe": 0.76,
            "roe_4q": -2.58,
            "gross_profit": 72605,
            "gross_margin": 37.72,
            "gross_margin_4q_avg": 36.88,
            "net_income": 8617,
            "net_income_4q": null,
            "revenue": 192461,
            "revenue_4q": null,
            "common_shares": 2056608,
            "book_valuer_per_share": 5.43,
            "book_valuer_per_share_4q_avg": 5.5,
            "equity": 1144651,
            "current_ratio": 137.17,
            "debt_ratio": 40.92,
            "inventory_turnover_ratio": 0.41,
            "account_receivable_turnover_ratio": 2.02,
            "reinvestment_rate": null,
            "research_to_sale_ratio": 15.13,
            "price_fair": 0,
            "eps_avg_yearly": 0,
            "eps_latest_yearly": 0,
            "eps_growth_yearly": 0
        },
        "20131": {
            "year_quarter": 20131,
            "year": 2013,
            "quarter": 1,
            "eps": -0.07,
            "eps_growth_year": null,
            "eps_4q": -0.16,
            "eps_4q_growth_year": -238.86,
            "roe": -1.43,
            "roe_4q": -2.07,
            "gross_profit": 63474,
            "gross_margin": 40.52,
            "gross_margin_4q_avg": 38.14,
            "net_income": -16310,
            "net_income_4q": null,
            "revenue": 156630,
            "revenue_4q": null,
            "common_shares": 2056608,
            "book_valuer_per_share": 5.47,
            "book_valuer_per_share_4q_avg": 5.46,
            "equity": 1144088,
            "current_ratio": 136.46,
            "debt_ratio": 42.48,
            "inventory_turnover_ratio": 0.31,
            "account_receivable_turnover_ratio": 1.84,
            "reinvestment_rate": null,
            "research_to_sale_ratio": 17.2,
            "price_fair": 0,
            "eps_avg_yearly": 0,
            "eps_latest_yearly": 0,
            "eps_growth_yearly": 0
        },
        "20132": {
            "year_quarter": 20132,
            "year": 2013,
            "quarter": 2,
            "eps": -0.05,
            "eps_growth_year": null,
            "eps_4q": -0.13,
            "eps_4q_growth_year": -411.03,
            "roe": -1.02,
            "roe_4q": -1.9600000000000002,
            "gross_profit": 69679,
            "gross_margin": 36.7,
            "gross_margin_4q_avg": 38.22,
            "net_income": -11733,
            "net_income_4q": null,
            "revenue": 189843,
            "revenue_4q": null,
            "common_shares": 2056608,
            "book_valuer_per_share": 5.55,
            "book_valuer_per_share_4q_avg": 5.47,
            "equity": 1160366,
            "current_ratio": 135.08,
            "debt_ratio": 42.46,
            "inventory_turnover_ratio": 0.39,
            "account_receivable_turnover_ratio": 2.15,
            "reinvestment_rate": null,
            "research_to_sale_ratio": 13.72,
            "price_fair": 0,
            "eps_avg_yearly": 0,
            "eps_latest_yearly": 0,
            "eps_growth_yearly": 0
        },
        "20133": {
            "year_quarter": 20133,
            "year": 2013,
            "quarter": 3,
            "eps": -0.09,
            "eps_growth_year": null,
            "eps_4q": -0.19,
            "eps_4q_growth_year": null,
            "roe": -1.82,
            "roe_4q": -3.51,
            "gross_profit": 62913,
            "gross_margin": 36.56,
            "gross_margin_4q_avg": 37.88,
            "net_income": -20798,
            "net_income_4q": null,
            "revenue": 172084,
            "revenue_4q": null,
            "common_shares": 2056608,
            "book_valuer_per_share": 5.37,
            "book_valuer_per_share_4q_avg": 5.46,
            "equity": 1121687,
            "current_ratio": 129.41,
            "debt_ratio": 43.89,
            "inventory_turnover_ratio": 0.35,
            "account_receivable_turnover_ratio": 1.61,
            "reinvestment_rate": null,
            "research_to_sale_ratio": 14.28,
            "price_fair": 0,
            "eps_avg_yearly": 0,
            "eps_latest_yearly": 0,
            "eps_growth_yearly": 0
        },
        "20134": {
            "year_quarter": 20134,
            "year": 2013,
            "quarter": 4,
            "eps": -0.03,
            "eps_growth_year": -274.34,
            "eps_4q": -0.24,
            "eps_4q_growth_year": null,
            "roe": -0.71,
            "roe_4q": -4.98,
            "gross_profit": 71469,
            "gross_margin": 37.92,
            "gross_margin_4q_avg": 37.93,
            "net_income": -7969,
            "net_income_4q": null,
            "revenue": 188472,
            "revenue_4q": null,
            "common_shares": 2056608,
            "book_valuer_per_share": 5.44,
            "book_valuer_per_share_4q_avg": 5.46,
            "equity": 1133208,
            "current_ratio": 134.27,
            "debt_ratio": 42.12,
            "inventory_turnover_ratio": 0.4,
            "account_receivable_turnover_ratio": 2.01,
            "reinvestment_rate": null,
            "research_to_sale_ratio": 12.69,
            "price_fair": 0,
            "eps_avg_yearly": 0,
            "eps_latest_yearly": 0,
            "eps_growth_yearly": 0
        },
        "20141": {
            "year_quarter": 20141,
            "year": 2014,
            "quarter": 1,
            "eps": 0.03,
            "eps_growth_year": null,
            "eps_4q": -0.14,
            "eps_4q_growth_year": null,
            "roe": 0.31,
            "roe_4q": -3.24,
            "gross_profit": 81081,
            "gross_margin": 43.19,
            "gross_margin_4q_avg": 38.59,
            "net_income": 3621,
            "net_income_4q": null,
            "revenue": 187711,
            "revenue_4q": null,
            "common_shares": 2056608,
            "book_valuer_per_share": 5.94,
            "book_valuer_per_share_4q_avg": 5.58,
            "equity": 1232299,
            "current_ratio": 132.98,
            "debt_ratio": 40.43,
            "inventory_turnover_ratio": 0.41,
            "account_receivable_turnover_ratio": 2.65,
            "reinvestment_rate": null,
            "research_to_sale_ratio": 12.41,
            "price_fair": 0,
            "eps_avg_yearly": 0,
            "eps_latest_yearly": 0,
            "eps_growth_yearly": 0
        },
        "20142": {
            "year_quarter": 20142,
            "year": 2014,
            "quarter": 2,
            "eps": -0.02,
            "eps_growth_year": null,
            "eps_4q": -0.12,
            "eps_4q_growth_year": null,
            "roe": -0.37,
            "roe_4q": -2.59,
            "gross_profit": 78078,
            "gross_margin": 39.5,
            "gross_margin_4q_avg": 39.29,
            "net_income": -4517,
            "net_income_4q": null,
            "revenue": 197676,
            "revenue_4q": null,
            "common_shares": 2056608,
            "book_valuer_per_share": 5.8,
            "book_valuer_per_share_4q_avg": 5.64,
            "equity": 1204112,
            "current_ratio": 157.73,
            "debt_ratio": 41.38,
            "inventory_turnover_ratio": 0.49,
            "account_receivable_turnover_ratio": 2.52,
            "reinvestment_rate": null,
            "research_to_sale_ratio": 11.33,
            "price_fair": 0,
            "eps_avg_yearly": 0,
            "eps_latest_yearly": 0,
            "eps_growth_yearly": 0
        },
        "20143": {
            "year_quarter": 20143,
            "year": 2014,
            "quarter": 3,
            "eps": 0.56,
            "eps_growth_year": null,
            "eps_4q": 0.54,
            "eps_4q_growth_year": null,
            "roe": 8.88,
            "roe_4q": 8.110000000000003,
            "gross_profit": 61411,
            "gross_margin": 35.37,
            "gross_margin_4q_avg": 39,
            "net_income": 114014,
            "net_income_4q": null,
            "revenue": 173644,
            "revenue_4q": null,
            "common_shares": 2056608,
            "book_valuer_per_share": 6.59,
            "book_valuer_per_share_4q_avg": 5.94,
            "equity": 1363966,
            "current_ratio": 187,
            "debt_ratio": 36.25,
            "inventory_turnover_ratio": 0.45,
            "account_receivable_turnover_ratio": 2.16,
            "reinvestment_rate": -1815.84,
            "research_to_sale_ratio": 11.87,
            "price_fair": 0,
            "eps_avg_yearly": 0,
            "eps_latest_yearly": 0,
            "eps_growth_yearly": 0
        },
        "20144": {
            "year_quarter": 20144,
            "year": 2014,
            "quarter": 4,
            "eps": 0.18,
            "eps_growth_year": null,
            "eps_4q": 0.76,
            "eps_4q_growth_year": null,
            "roe": 2.66,
            "roe_4q": 11.480000000000002,
            "gross_profit": 96952,
            "gross_margin": 40.45,
            "gross_margin_4q_avg": 39.63,
            "net_income": 37360,
            "net_income_4q": null,
            "revenue": 239700,
            "revenue_4q": null,
            "common_shares": 2056608,
            "book_valuer_per_share": 6.99,
            "book_valuer_per_share_4q_avg": 6.33,
            "equity": 1445637,
            "current_ratio": 200.42,
            "debt_ratio": 34.24,
            "inventory_turnover_ratio": 0.55,
            "account_receivable_turnover_ratio": 3.18,
            "reinvestment_rate": -917.56,
            "research_to_sale_ratio": 9.03,
            "price_fair": 2.16,
            "eps_avg_yearly": 0.72,
            "eps_latest_yearly": 0.72,
            "eps_growth_yearly": -271.43
        },
        "20151": {
            "year_quarter": 20151,
            "year": 2015,
            "quarter": 1,
            "eps": 0.13,
            "eps_growth_year": 333.33,
            "eps_4q": 0.86,
            "eps_4q_growth_year": null,
            "roe": 1.83,
            "roe_4q": 13.000000000000002,
            "gross_profit": 80825,
            "gross_margin": 40.93,
            "gross_margin_4q_avg": 39.06,
            "net_income": 26465,
            "net_income_4q": null,
            "revenue": 197479,
            "revenue_4q": null,
            "common_shares": 2056608,
            "book_valuer_per_share": 7.02,
            "book_valuer_per_share_4q_avg": 6.6,
            "equity": 1451218,
            "current_ratio": 203.75,
            "debt_ratio": 34.19,
            "inventory_turnover_ratio": 0.42,
            "account_receivable_turnover_ratio": 2.28,
            "reinvestment_rate": -728.74,
            "research_to_sale_ratio": 10.49,
            "price_fair": 1.86,
            "eps_avg_yearly": 0.62,
            "eps_latest_yearly": 0.52,
            "eps_growth_yearly": -191.27
        },
        "20152": {
            "year_quarter": 20152,
            "year": 2015,
            "quarter": 2,
            "eps": 0.08,
            "eps_growth_year": null,
            "eps_4q": 0.96,
            "eps_4q_growth_year": null,
            "roe": 1.2,
            "roe_4q": 14.57,
            "gross_profit": 75513,
            "gross_margin": 39.2,
            "gross_margin_4q_avg": 38.99,
            "net_income": 17418,
            "net_income_4q": null,
            "revenue": 192649,
            "revenue_4q": null,
            "common_shares": 2056608,
            "book_valuer_per_share": 6.98,
            "book_valuer_per_share_4q_avg": 6.9,
            "equity": 1444909,
            "current_ratio": 160.26,
            "debt_ratio": 45.18,
            "inventory_turnover_ratio": 0.41,
            "account_receivable_turnover_ratio": 1.97,
            "reinvestment_rate": -580.52,
            "research_to_sale_ratio": 12.2,
            "price_fair": 1.56,
            "eps_avg_yearly": 0.52,
            "eps_latest_yearly": 0.32,
            "eps_growth_yearly": -178.8
        },
        "20153": {
            "year_quarter": 20153,
            "year": 2015,
            "quarter": 3,
            "eps": -0.14,
            "eps_growth_year": -125,
            "eps_4q": 0.25,
            "eps_4q_growth_year": -53.38,
            "roe": -1.93,
            "roe_4q": 3.7600000000000002,
            "gross_profit": 72839,
            "gross_margin": 37.48,
            "gross_margin_4q_avg": 39.52,
            "net_income": -28112,
            "net_income_4q": null,
            "revenue": 194349,
            "revenue_4q": null,
            "common_shares": 2056608,
            "book_valuer_per_share": 7.09,
            "book_valuer_per_share_4q_avg": 7.02,
            "equity": 1469649,
            "current_ratio": 161.23,
            "debt_ratio": 45.18,
            "inventory_turnover_ratio": 0.41,
            "account_receivable_turnover_ratio": 2.1,
            "reinvestment_rate": 207.13,
            "research_to_sale_ratio": 12.65,
            "price_fair": 1.56,
            "eps_avg_yearly": 0.52,
            "eps_latest_yearly": 0.32,
            "eps_growth_yearly": -178.8
        },
        "20154": {
            "year_quarter": 20154,
            "year": 2015,
            "quarter": 4,
            "eps": 1.2,
            "eps_growth_year": 552.12,
            "eps_4q": 1.27,
            "eps_4q_growth_year": 68.27,
            "roe": 13.65,
            "roe_4q": 14.75,
            "gross_profit": 74417,
            "gross_margin": 33.13,
            "gross_margin_4q_avg": 37.69,
            "net_income": 244975,
            "net_income_4q": null,
            "revenue": 224596,
            "revenue_4q": null,
            "common_shares": 2056608,
            "book_valuer_per_share": 9.14,
            "book_valuer_per_share_4q_avg": 7.56,
            "equity": 2119282,
            "current_ratio": 210.39,
            "debt_ratio": 31.83,
            "inventory_turnover_ratio": 0.53,
            "account_receivable_turnover_ratio": 2.43,
            "reinvestment_rate": 48.94,
            "research_to_sale_ratio": 10.59,
            "price_fair": 1.56,
            "eps_avg_yearly": 0.52,
            "eps_latest_yearly": 0.32,
            "eps_growth_yearly": -178.8
        },
        "20161": {
            "year_quarter": 20161,
            "year": 2016,
            "quarter": 1,
            "eps": 1.91,
            "eps_growth_year": 1369.23,
            "eps_4q": 3.05,
            "eps_4q_growth_year": 255.32,
            "roe": 16.94,
            "roe_4q": 29.860000000000003,
            "gross_profit": 60545,
            "gross_margin": 37.11,
            "gross_margin_4q_avg": 36.73,
            "net_income": 388998,
            "net_income_4q": null,
            "revenue": 163147,
            "revenue_4q": null,
            "common_shares": 2056608,
            "book_valuer_per_share": 9.04,
            "book_valuer_per_share_4q_avg": 8.06,
            "equity": 2472051,
            "current_ratio": 354.8,
            "debt_ratio": 22.54,
            "inventory_turnover_ratio": 0.42,
            "account_receivable_turnover_ratio": 1.87,
            "reinvestment_rate": -16.81,
            "research_to_sale_ratio": 14.39,
            "price_fair": 6.9,
            "eps_avg_yearly": 2.3,
            "eps_latest_yearly": 7.64,
            "eps_growth_yearly": -74.93
        },
        "20162": {
            "year_quarter": 20162,
            "year": 2016,
            "quarter": 2,
            "eps": 0.02,
            "eps_growth_year": -75,
            "eps_4q": 2.99,
            "eps_4q_growth_year": 211.37,
            "roe": 0.24,
            "roe_4q": 28.9,
            "gross_profit": 78559,
            "gross_margin": 40.15,
            "gross_margin_4q_avg": 36.97,
            "net_income": 5785,
            "net_income_4q": null,
            "revenue": 195647,
            "revenue_4q": null,
            "common_shares": 2056608,
            "book_valuer_per_share": 8.85,
            "book_valuer_per_share_4q_avg": 8.53,
            "equity": 2425777,
            "current_ratio": 387.95,
            "debt_ratio": 20.57,
            "inventory_turnover_ratio": 0.48,
            "account_receivable_turnover_ratio": 2.58,
            "reinvestment_rate": -187.78,
            "research_to_sale_ratio": 12,
            "price_fair": 5.57,
            "eps_avg_yearly": 1.86,
            "eps_latest_yearly": 0.08,
            "eps_growth_yearly": -139.11
        },
        "20163": {
            "year_quarter": 20163,
            "year": 2016,
            "quarter": 3,
            "eps": -0.07,
            "eps_growth_year": null,
            "eps_4q": 3.07,
            "eps_4q_growth_year": 1114.94,
            "roe": -0.56,
            "roe_4q": 30.270000000000003,
            "gross_profit": 61853,
            "gross_margin": 35.62,
            "gross_margin_4q_avg": 36.5,
            "net_income": -13317,
            "net_income_4q": null,
            "revenue": 173643,
            "revenue_4q": null,
            "common_shares": 2056608,
            "book_valuer_per_share": 8.56,
            "book_valuer_per_share_4q_avg": 8.9,
            "equity": 2357755,
            "current_ratio": 418.49,
            "debt_ratio": 18.5,
            "inventory_turnover_ratio": 0.46,
            "account_receivable_turnover_ratio": 2.67,
            "reinvestment_rate": -10.71,
            "research_to_sale_ratio": 15.21,
            "price_fair": 5.57,
            "eps_avg_yearly": 1.86,
            "eps_latest_yearly": 0.08,
            "eps_growth_yearly": -139.11
        },
        "20164": {
            "year_quarter": 20164,
            "year": 2016,
            "quarter": 4,
            "eps": -1.78,
            "eps_growth_year": -248.3,
            "eps_4q": 0.08,
            "eps_4q_growth_year": -93.79,
            "roe": -17.45,
            "roe_4q": -0.8299999999999983,
            "gross_profit": 47999,
            "gross_margin": 26.29,
            "gross_margin_4q_avg": 34.79,
            "net_income": -360427,
            "net_income_4q": null,
            "revenue": 182594,
            "revenue_4q": null,
            "common_shares": 2056608,
            "book_valuer_per_share": 8.58,
            "book_valuer_per_share_4q_avg": 8.76,
            "equity": 1773239,
            "current_ratio": 153.09,
            "debt_ratio": 36.89,
            "inventory_turnover_ratio": 0.59,
            "account_receivable_turnover_ratio": 3.29,
            "reinvestment_rate": 69.64,
            "research_to_sale_ratio": 13.81,
            "price_fair": 5.57,
            "eps_avg_yearly": 1.86,
            "eps_latest_yearly": 0.08,
            "eps_growth_yearly": -139.11
        },
        "20171": {
            "year_quarter": 20171,
            "year": 2017,
            "quarter": 1,
            "eps": -0.06,
            "eps_growth_year": -103.14,
            "eps_4q": -1.9,
            "eps_4q_growth_year": -162.05,
            "roe": -0.68,
            "roe_4q": -18.45,
            "gross_profit": 49531,
            "gross_margin": 34.6,
            "gross_margin_4q_avg": 34.17,
            "net_income": -11751,
            "net_income_4q": null,
            "revenue": 143144,
            "revenue_4q": null,
            "common_shares": 2056608,
            "book_valuer_per_share": 8.17,
            "book_valuer_per_share_4q_avg": 8.54,
            "equity": 1689370,
            "current_ratio": 142.85,
            "debt_ratio": 39.06,
            "inventory_turnover_ratio": 0.45,
            "account_receivable_turnover_ratio": 2.52,
            "reinvestment_rate": 4.32,
            "research_to_sale_ratio": 17.02,
            "price_fair": 5.57,
            "eps_avg_yearly": 1.86,
            "eps_latest_yearly": 0.08,
            "eps_growth_yearly": -139.11
        },
        "20172": {
            "year_quarter": 20172,
            "year": 2017,
            "quarter": 2,
            "eps": -0.03,
            "eps_growth_year": -250,
            "eps_4q": -1.95,
            "eps_4q_growth_year": -165.1,
            "roe": -0.31,
            "roe_4q": -18.999999999999996,
            "gross_profit": 54517,
            "gross_margin": 34.4,
            "gross_margin_4q_avg": 32.73,
            "net_income": -5213,
            "net_income_4q": null,
            "revenue": 158502,
            "revenue_4q": null,
            "common_shares": 2056608,
            "book_valuer_per_share": 8.25,
            "book_valuer_per_share_4q_avg": 8.39,
            "equity": 1707719,
            "current_ratio": 138.75,
            "debt_ratio": 39.49,
            "inventory_turnover_ratio": 0.49,
            "account_receivable_turnover_ratio": 2.46,
            "reinvestment_rate": 16.45,
            "research_to_sale_ratio": 15.69,
            "price_fair": 5.57,
            "eps_avg_yearly": 1.86,
            "eps_latest_yearly": 0.08,
            "eps_growth_yearly": -139.11
        },
        "20173": {
            "year_quarter": 20173,
            "year": 2017,
            "quarter": 3,
            "eps": 2.86,
            "eps_growth_year": null,
            "eps_4q": 0.99,
            "eps_4q_growth_year": -67.8,
            "roe": 28.99,
            "roe_4q": 10.55,
            "gross_profit": 37648,
            "gross_margin": 24.71,
            "gross_margin_4q_avg": 30,
            "net_income": 582385,
            "net_income_4q": null,
            "revenue": 152388,
            "revenue_4q": null,
            "common_shares": 2056608,
            "book_valuer_per_share": 11.21,
            "book_valuer_per_share_4q_avg": 9.05,
            "equity": 2310005,
            "current_ratio": 362.23,
            "debt_ratio": 19.58,
            "inventory_turnover_ratio": 0.57,
            "account_receivable_turnover_ratio": 2.55,
            "reinvestment_rate": 4.93,
            "research_to_sale_ratio": 16.63,
            "price_fair": 5.57,
            "eps_avg_yearly": 1.86,
            "eps_latest_yearly": 0.08,
            "eps_growth_yearly": -139.11
        },
        "20174": {
            "year_quarter": 20174,
            "year": 2017,
            "quarter": 4,
            "eps": -0.23,
            "eps_growth_year": null,
            "eps_4q": 2.54,
            "eps_4q_growth_year": 3121.18,
            "roe": -1.93,
            "roe_4q": 26.07,
            "gross_profit": 66915,
            "gross_margin": 34.76,
            "gross_margin_4q_avg": 32.12,
            "net_income": -44292,
            "net_income_4q": null,
            "revenue": 192528,
            "revenue_4q": null,
            "common_shares": 2056608,
            "book_valuer_per_share": 11.1,
            "book_valuer_per_share_4q_avg": 9.68,
            "equity": 2289739,
            "current_ratio": 369.47,
            "debt_ratio": 21.39,
            "inventory_turnover_ratio": 0.73,
            "account_receivable_turnover_ratio": 3.3,
            "reinvestment_rate": 3.24,
            "research_to_sale_ratio": 13.29,
            "price_fair": 5.57,
            "eps_avg_yearly": 1.86,
            "eps_latest_yearly": 0.08,
            "eps_growth_yearly": -139.11
        },
        "20181": {
            "year_quarter": 20181,
            "year": 2018,
            "quarter": 1,
            "eps": -0.07,
            "eps_growth_year": null,
            "eps_4q": 2.53,
            "eps_4q_growth_year": null,
            "roe": -0.62,
            "roe_4q": 26.13,
            "gross_profit": 39501,
            "gross_margin": 33.14,
            "gross_margin_4q_avg": 31.75,
            "net_income": -14205,
            "net_income_4q": null,
            "revenue": 119184,
            "revenue_4q": null,
            "common_shares": 2056608,
            "book_valuer_per_share": 11.11,
            "book_valuer_per_share_4q_avg": 10.42,
            "equity": 2290320,
            "current_ratio": 692.26,
            "debt_ratio": 15.29,
            "inventory_turnover_ratio": 0.47,
            "account_receivable_turnover_ratio": 1.92,
            "reinvestment_rate": 4.53,
            "research_to_sale_ratio": 19.65,
            "price_fair": 5.57,
            "eps_avg_yearly": 1.86,
            "eps_latest_yearly": 0.08,
            "eps_growth_yearly": -139.11
        },
        "20182": {
            "year_quarter": 20182,
            "year": 2018,
            "quarter": 2,
            "eps": -0.01,
            "eps_growth_year": null,
            "eps_4q": 2.55,
            "eps_4q_growth_year": null,
            "roe": 0.03,
            "roe_4q": 26.47,
            "gross_profit": 56620,
            "gross_margin": 34.66,
            "gross_margin_4q_avg": 31.82,
            "net_income": 713,
            "net_income_4q": null,
            "revenue": 163336,
            "revenue_4q": null,
            "common_shares": 2056608,
            "book_valuer_per_share": 11.06,
            "book_valuer_per_share_4q_avg": 11.12,
            "equity": 2281962,
            "current_ratio": 654.46,
            "debt_ratio": 15.7,
            "inventory_turnover_ratio": 0.61,
            "account_receivable_turnover_ratio": 2.39,
            "reinvestment_rate": 4.89,
            "research_to_sale_ratio": 14.28,
            "price_fair": 5.57,
            "eps_avg_yearly": 1.86,
            "eps_latest_yearly": 0.08,
            "eps_growth_yearly": -139.11
        },
        "20183": {
            "year_quarter": 20183,
            "year": 2018,
            "quarter": 3,
            "eps": -0.03,
            "eps_growth_year": -101.05,
            "eps_4q": -0.34,
            "eps_4q_growth_year": -134.88,
            "roe": -0.23,
            "roe_4q": -2.75,
            "gross_profit": 49944,
            "gross_margin": 33.52,
            "gross_margin_4q_avg": 34.02,
            "net_income": -5189,
            "net_income_4q": null,
            "revenue": 148987,
            "revenue_4q": null,
            "common_shares": 2056608,
            "book_valuer_per_share": 10.78,
            "book_valuer_per_share_4q_avg": 11.01,
            "equity": 2225218,
            "current_ratio": 591.78,
            "debt_ratio": 12.68,
            "inventory_turnover_ratio": 0.6,
            "account_receivable_turnover_ratio": 2.11,
            "reinvestment_rate": 3.65,
            "research_to_sale_ratio": 16.24,
            "price_fair": 5.57,
            "eps_avg_yearly": 1.86,
            "eps_latest_yearly": 0.08,
            "eps_growth_yearly": -139.11
        },
        "20184": {
            "year_quarter": 20184,
            "year": 2018,
            "quarter": 4,
            "eps": 0.02,
            "eps_growth_year": null,
            "eps_4q": -0.1,
            "eps_4q_growth_year": -103.77,
            "roe": 0.26,
            "roe_4q": -0.56,
            "gross_profit": 49498,
            "gross_margin": 32.27,
            "gross_margin_4q_avg": 33.4,
            "net_income": 5904,
            "net_income_4q": null,
            "revenue": 153386,
            "revenue_4q": null,
            "common_shares": 2056608,
            "book_valuer_per_share": 10.82,
            "book_valuer_per_share_4q_avg": 10.94,
            "equity": 2232482,
            "current_ratio": 500.76,
            "debt_ratio": 14.51,
            "inventory_turnover_ratio": 0.67,
            "account_receivable_turnover_ratio": 2.28,
            "reinvestment_rate": 3.97,
            "research_to_sale_ratio": 15.57,
            "price_fair": 6.42,
            "eps_avg_yearly": 2.14,
            "eps_latest_yearly": 0.08,
            "eps_growth_yearly": -106.03
        },
        "20191": {
            "year_quarter": 20191,
            "year": 2019,
            "quarter": 1,
            "eps": 0.04,
            "eps_growth_year": null,
            "eps_4q": 0.02,
            "eps_4q_growth_year": -99.26,
            "roe": 0.42,
            "roe_4q": 0.48,
            "gross_profit": 34162,
            "gross_margin": 30.37,
            "gross_margin_4q_avg": 32.71,
            "net_income": 9419,
            "net_income_4q": null,
            "revenue": 112473,
            "revenue_4q": null,
            "common_shares": 2056608,
            "book_valuer_per_share": 11.03,
            "book_valuer_per_share_4q_avg": 10.92,
            "equity": 2277338,
            "current_ratio": 493.15,
            "debt_ratio": 23.03,
            "inventory_turnover_ratio": 0.53,
            "account_receivable_turnover_ratio": 1.64,
            "reinvestment_rate": 6.31,
            "research_to_sale_ratio": 18.28,
            "price_fair": 65.09,
            "eps_avg_yearly": 2.05,
            "eps_latest_yearly": 0.16,
            "eps_growth_yearly": 21.75
        },
        "20192": {
            "year_quarter": 20192,
            "year": 2019,
            "quarter": 2,
            "eps": -0.03,
            "eps_growth_year": null,
            "eps_4q": 0,
            "eps_4q_growth_year": -99.93,
            "roe": -0.22,
            "roe_4q": 0.22999999999999995,
            "gross_profit": 33267,
            "gross_margin": 30.19,
            "gross_margin_4q_avg": 31.59,
            "net_income": -5039,
            "net_income_4q": null,
            "revenue": 110177,
            "revenue_4q": null,
            "common_shares": 2056608,
            "book_valuer_per_share": 10.92,
            "book_valuer_per_share_4q_avg": 10.89,
            "equity": 2254823,
            "current_ratio": 495.06,
            "debt_ratio": 22.99,
            "inventory_turnover_ratio": 0.52,
            "account_receivable_turnover_ratio": 1.67,
            "reinvestment_rate": 1.57,
            "research_to_sale_ratio": 20.13,
            "price_fair": 91.93,
            "eps_avg_yearly": 2.63,
            "eps_latest_yearly": 0.16,
            "eps_growth_yearly": 80.29
        },
        "20193": {
            "year_quarter": 20193,
            "year": 2019,
            "quarter": 3,
            "eps": -0.05,
            "eps_growth_year": null,
            "eps_4q": -0.01,
            "eps_4q_growth_year": null,
            "roe": -0.38,
            "roe_4q": 0.08000000000000002,
            "gross_profit": 35460,
            "gross_margin": 28.25,
            "gross_margin_4q_avg": 30.27,
            "net_income": -8506,
            "net_income_4q": null,
            "revenue": 125523,
            "revenue_4q": null,
            "common_shares": 2056608,
            "book_valuer_per_share": 10.64,
            "book_valuer_per_share_4q_avg": 10.85,
            "equity": 2197798,
            "current_ratio": 479.68,
            "debt_ratio": 23.05,
            "inventory_turnover_ratio": 0.63,
            "account_receivable_turnover_ratio": 2.11,
            "reinvestment_rate": -0.69,
            "research_to_sale_ratio": 19.5,
            "price_fair": 91.93,
            "eps_avg_yearly": 2.63,
            "eps_latest_yearly": 0.16,
            "eps_growth_yearly": 80.29
        },
        "20194": {
            "year_quarter": 20194,
            "year": 2019,
            "quarter": 4,
            "eps": 0.05,
            "eps_growth_year": 128.45,
            "eps_4q": 0.01,
            "eps_4q_growth_year": null,
            "roe": 0.46,
            "roe_4q": 0.28,
            "gross_profit": 48401,
            "gross_margin": 30.27,
            "gross_margin_4q_avg": 29.77,
            "net_income": 10102,
            "net_income_4q": null,
            "revenue": 159902,
            "revenue_4q": null,
            "common_shares": 2056608,
            "book_valuer_per_share": 10.62,
            "book_valuer_per_share_4q_avg": 10.8,
            "equity": 2190225,
            "current_ratio": 444.12,
            "debt_ratio": 23.9,
            "inventory_turnover_ratio": 0.87,
            "account_receivable_turnover_ratio": 3.27,
            "reinvestment_rate": 2.53,
            "research_to_sale_ratio": 14.92,
            "price_fair": 91.93,
            "eps_avg_yearly": 2.63,
            "eps_latest_yearly": 0.16,
            "eps_growth_yearly": 80.29
        },
        "20201": {
            "year_quarter": 20201,
            "year": 2020,
            "quarter": 1,
            "eps": -0.05,
            "eps_growth_year": -225,
            "eps_4q": -0.08,
            "eps_4q_growth_year": -508.97,
            "roe": -0.46,
            "roe_4q": -0.6,
            "gross_profit": 25119,
            "gross_margin": 29.17,
            "gross_margin_4q_avg": 29.47,
            "net_income": -10030,
            "net_income_4q": null,
            "revenue": 86114,
            "revenue_4q": null,
            "common_shares": 2056608,
            "book_valuer_per_share": 10.5,
            "book_valuer_per_share_4q_avg": 10.67,
            "equity": 2164970,
            "current_ratio": 504.21,
            "debt_ratio": 22.75,
            "inventory_turnover_ratio": 0.5,
            "account_receivable_turnover_ratio": 1.74,
            "reinvestment_rate": 244.11,
            "research_to_sale_ratio": 24.98,
            "price_fair": 1.45,
            "eps_avg_yearly": 0.12,
            "eps_latest_yearly": 0.16,
            "eps_growth_yearly": 2.09
        },
        "20202": {
            "year_quarter": 20202,
            "year": 2020,
            "quarter": 2,
            "eps": 0.09,
            "eps_growth_year": null,
            "eps_4q": 0.04,
            "eps_4q_growth_year": 2355.63,
            "roe": 0.96,
            "roe_4q": 0.58,
            "gross_profit": 54087,
            "gross_margin": 34.33,
            "gross_margin_4q_avg": 30.51,
            "net_income": 20780,
            "net_income_4q": null,
            "revenue": 157534,
            "revenue_4q": null,
            "common_shares": 2056608,
            "book_valuer_per_share": 10.46,
            "book_valuer_per_share_4q_avg": 10.56,
            "equity": 2158354,
            "current_ratio": 450.23,
            "debt_ratio": 23.91,
            "inventory_turnover_ratio": 0.84,
            "account_receivable_turnover_ratio": 2.69,
            "reinvestment_rate": 207.53,
            "research_to_sale_ratio": 13.42,
            "price_fair": 5.6,
            "eps_avg_yearly": 0.16,
            "eps_latest_yearly": 0.16,
            "eps_growth_yearly": 400
        },
        "20203": {
            "year_quarter": 20203,
            "year": 2020,
            "quarter": 3,
            "eps": 0.08,
            "eps_growth_year": null,
            "eps_4q": 0.16,
            "eps_4q_growth_year": null,
            "roe": 0.77,
            "roe_4q": 1.73,
            "gross_profit": 51645,
            "gross_margin": 33.3,
            "gross_margin_4q_avg": 31.77,
            "net_income": 16816,
            "net_income_4q": null,
            "revenue": 155104,
            "revenue_4q": null,
            "common_shares": 2056608,
            "book_valuer_per_share": 10.62,
            "book_valuer_per_share_4q_avg": 10.55,
            "equity": 2191820,
            "current_ratio": 444.14,
            "debt_ratio": 24.05,
            "inventory_turnover_ratio": 0.81,
            "account_receivable_turnover_ratio": 2.66,
            "reinvestment_rate": 139.55,
            "research_to_sale_ratio": 14.24,
            "price_fair": 8.4,
            "eps_avg_yearly": 0.24,
            "eps_latest_yearly": 0.32,
            "eps_growth_yearly": 177.78
        },
        "20204": {
            "year_quarter": 20204,
            "year": 2020,
            "quarter": 4,
            "eps": -0.03,
            "eps_growth_year": -176.05,
            "eps_4q": 0.08,
            "eps_4q_growth_year": 488.12,
            "roe": -0.27,
            "roe_4q": 1,
            "gross_profit": 59537,
            "gross_margin": 32.41,
            "gross_margin_4q_avg": 32.3,
            "net_income": -5987,
            "net_income_4q": null,
            "revenue": 183682,
            "revenue_4q": null,
            "common_shares": 2056608,
            "book_valuer_per_share": 10.73,
            "book_valuer_per_share_4q_avg": 10.58,
            "equity": 2214923,
            "current_ratio": 464.48,
            "debt_ratio": 23.65,
            "inventory_turnover_ratio": 0.95,
            "account_receivable_turnover_ratio": 3.22,
            "reinvestment_rate": -16.93,
            "research_to_sale_ratio": 12.26,
            "price_fair": 8.4,
            "eps_avg_yearly": 0.24,
            "eps_latest_yearly": 0.32,
            "eps_growth_yearly": 177.78
        },
        "20211": {
            "year_quarter": 20211,
            "year": 2021,
            "quarter": 1,
            "eps": 0.03,
            "eps_growth_year": null,
            "eps_4q": 0.16,
            "eps_4q_growth_year": null,
            "roe": 0.35,
            "roe_4q": 1.81,
            "gross_profit": 49018,
            "gross_margin": 34.7,
            "gross_margin_4q_avg": 33.69,
            "net_income": 7671,
            "net_income_4q": null,
            "revenue": 141250,
            "revenue_4q": null,
            "common_shares": 2056608,
            "book_valuer_per_share": 10.7,
            "book_valuer_per_share_4q_avg": 10.63,
            "equity": 2211028,
            "current_ratio": 557.11,
            "debt_ratio": 22.02,
            "inventory_turnover_ratio": 0.66,
            "account_receivable_turnover_ratio": 2.41,
            "reinvestment_rate": -18.32,
            "research_to_sale_ratio": 14.77,
            "price_fair": 8.4,
            "eps_avg_yearly": 0.24,
            "eps_latest_yearly": 0.32,
            "eps_growth_yearly": 177.78
        },
        "20212": {
            "year_quarter": 20212,
            "year": 2021,
            "quarter": 2,
            "eps": -0.02,
            "eps_growth_year": -122.22,
            "eps_4q": 0.05,
            "eps_4q_growth_year": 19.38,
            "roe": -0.08,
            "roe_4q": 0.77,
            "gross_profit": 50795,
            "gross_margin": 31.84,
            "gross_margin_4q_avg": 33.06,
            "net_income": -1804,
            "net_income_4q": null,
            "revenue": 159529,
            "revenue_4q": null,
            "common_shares": 2056608,
            "book_valuer_per_share": 10.62,
            "book_valuer_per_share_4q_avg": 10.67,
            "equity": 2195649,
            "current_ratio": 554.35,
            "debt_ratio": 21.92,
            "inventory_turnover_ratio": 0.67,
            "account_receivable_turnover_ratio": 2.55,
            "reinvestment_rate": -27.59,
            "research_to_sale_ratio": 14.66,
            "price_fair": 8.4,
            "eps_avg_yearly": 0.24,
            "eps_latest_yearly": 0.32,
            "eps_growth_yearly": 177.78
        },
        "20213": {
            "year_quarter": 20213,
            "year": 2021,
            "quarter": 3,
            "eps": 0,
            "eps_growth_year": -100,
            "eps_4q": -0.02,
            "eps_4q_growth_year": -112.86,
            "roe": 0.09,
            "roe_4q": 0.08999999999999997,
            "gross_profit": 49121,
            "gross_margin": 32.26,
            "gross_margin_4q_avg": 32.8,
            "net_income": 2063,
            "net_income_4q": null,
            "revenue": 152271,
            "revenue_4q": null,
            "common_shares": 2056608,
            "book_valuer_per_share": 10.62,
            "book_valuer_per_share_4q_avg": 10.67,
            "equity": 2194020,
            "current_ratio": 492.18,
            "debt_ratio": 22.42,
            "inventory_turnover_ratio": 0.59,
            "account_receivable_turnover_ratio": 2.26,
            "reinvestment_rate": null,
            "research_to_sale_ratio": 16.71,
            "price_fair": 8.4,
            "eps_avg_yearly": 0.24,
            "eps_latest_yearly": 0.32,
            "eps_growth_yearly": 177.78
        },
        "20214": {
            "year_quarter": 20214,
            "year": 2021,
            "quarter": 4,
            "eps": 0.05,
            "eps_growth_year": null,
            "eps_4q": 0.06,
            "eps_4q_growth_year": -20.97,
            "roe": 0.55,
            "roe_4q": 0.91,
            "gross_profit": 55770,
            "gross_margin": 32.2,
            "gross_margin_4q_avg": 32.75,
            "net_income": 12075,
            "net_income_4q": null,
            "revenue": 173173,
            "revenue_4q": null,
            "common_shares": 2056608,
            "book_valuer_per_share": 10.72,
            "book_valuer_per_share_4q_avg": 10.67,
            "equity": 2217892,
            "current_ratio": 455.54,
            "debt_ratio": 22.32,
            "inventory_turnover_ratio": 0.62,
            "account_receivable_turnover_ratio": 2.74,
            "reinvestment_rate": -897.43,
            "research_to_sale_ratio": 13.35,
            "price_fair": 8.4,
            "eps_avg_yearly": 0.24,
            "eps_latest_yearly": 0.32,
            "eps_growth_yearly": 177.78
        },
        "20221": {
            "year_quarter": 20221,
            "year": 2022,
            "quarter": 1,
            "eps": 0.06,
            "eps_growth_year": 100,
            "eps_4q": 0.1,
            "eps_4q_growth_year": -37.94,
            "roe": 0.59,
            "roe_4q": 1.1500000000000001,
            "gross_profit": 31685,
            "gross_margin": 27.46,
            "gross_margin_4q_avg": 30.94,
            "net_income": 13312,
            "net_income_4q": null,
            "revenue": 115383,
            "revenue_4q": null,
            "common_shares": 2056608,
            "book_valuer_per_share": 11.04,
            "book_valuer_per_share_4q_avg": 10.75,
            "equity": 2284342,
            "current_ratio": 439.37,
            "debt_ratio": 22.86,
            "inventory_turnover_ratio": 0.39,
            "account_receivable_turnover_ratio": 2.13,
            "reinvestment_rate": -283.9,
            "research_to_sale_ratio": 18.08,
            "price_fair": 8.4,
            "eps_avg_yearly": 0.24,
            "eps_latest_yearly": 0.24,
            "eps_growth_yearly": 145.19
        },
        "20222": {
            "year_quarter": 20222,
            "year": 2022,
            "quarter": 2,
            "eps": 0.1,
            "eps_growth_year": null,
            "eps_4q": 0.22,
            "eps_4q_growth_year": 338.51,
            "roe": 0.82,
            "roe_4q": 2.05,
            "gross_profit": 35140,
            "gross_margin": 35.69,
            "gross_margin_4q_avg": 31.9,
            "net_income": 18803,
            "net_income_4q": null,
            "revenue": 98470,
            "revenue_4q": null,
            "common_shares": 2056608,
            "book_valuer_per_share": 11.06,
            "book_valuer_per_share_4q_avg": 10.86,
            "equity": 2286505,
            "current_ratio": 423.18,
            "debt_ratio": 23.3,
            "inventory_turnover_ratio": 0.26,
            "account_receivable_turnover_ratio": 2.08,
            "reinvestment_rate": -184.07,
            "research_to_sale_ratio": 21.18,
            "price_fair": 9.8,
            "eps_avg_yearly": 0.28,
            "eps_latest_yearly": 0.4,
            "eps_growth_yearly": 175.56
        },
        "20223": {
            "year_quarter": 20223,
            "year": 2022,
            "quarter": 3,
            "eps": 0.17,
            "eps_growth_year": null,
            "eps_4q": 0.38,
            "eps_4q_growth_year": null,
            "roe": 1.71,
            "roe_4q": 3.67,
            "gross_profit": 49306,
            "gross_margin": 25.71,
            "gross_margin_4q_avg": 30.27,
            "net_income": 39671,
            "net_income_4q": null,
            "revenue": 191810,
            "revenue_4q": null,
            "common_shares": 2056608,
            "book_valuer_per_share": 11.32,
            "book_valuer_per_share_4q_avg": 11.04,
            "equity": 2340842,
            "current_ratio": 504.21,
            "debt_ratio": 21.4,
            "inventory_turnover_ratio": 0.55,
            "account_receivable_turnover_ratio": 3.4,
            "reinvestment_rate": -103.83,
            "research_to_sale_ratio": 11.65,
            "price_fair": 12.6,
            "eps_avg_yearly": 0.36,
            "eps_latest_yearly": 0.68,
            "eps_growth_yearly": 196.44
        },
        "20224": {
            "year_quarter": 20224,
            "year": 2022,
            "quarter": 4,
            "eps": -0.27,
            "eps_growth_year": -628.73,
            "eps_4q": 0.06,
            "eps_4q_growth_year": -5.72,
            "roe": -2.32,
            "roe_4q": 0.8,
            "gross_profit": 36352,
            "gross_margin": 24.36,
            "gross_margin_4q_avg": 28.31,
            "net_income": -52972,
            "net_income_4q": null,
            "revenue": 149246,
            "revenue_4q": null,
            "common_shares": 2056608,
            "book_valuer_per_share": 10.77,
            "book_valuer_per_share_4q_avg": 11.05,
            "equity": 2230410,
            "current_ratio": 432.26,
            "debt_ratio": 24.24,
            "inventory_turnover_ratio": 0.47,
            "account_receivable_turnover_ratio": 2.72,
            "reinvestment_rate": -253.66,
            "research_to_sale_ratio": 14.33,
            "price_fair": 12.6,
            "eps_avg_yearly": 0.36,
            "eps_latest_yearly": 0.68,
            "eps_growth_yearly": 196.44
        },
        "20231": {
            "year_quarter": 20231,
            "year": 2023,
            "quarter": 1,
            "eps": -0.04,
            "eps_growth_year": -166.67,
            "eps_4q": -0.04,
            "eps_4q_growth_year": -141.5,
            "roe": -0.28,
            "roe_4q": -0.06999999999999973,
            "gross_profit": 30680,
            "gross_margin": 27.64,
            "gross_margin_4q_avg": 28.35,
            "net_income": -6323,
            "net_income_4q": null,
            "revenue": 110990,
            "revenue_4q": null,
            "common_shares": 2056608,
            "book_valuer_per_share": 10.75,
            "book_valuer_per_share_4q_avg": 10.98,
            "equity": 2228974,
            "current_ratio": 502.11,
            "debt_ratio": 23.24,
            "inventory_turnover_ratio": 0.36,
            "account_receivable_turnover_ratio": 2.46,
            "reinvestment_rate": -442.67,
            "research_to_sale_ratio": 19.27,
            "price_fair": 14.35,
            "eps_avg_yearly": 0.41,
            "eps_latest_yearly": 0.68,
            "eps_growth_yearly": 145.56
        },
        "20232": {
            "year_quarter": 20232,
            "year": 2023,
            "quarter": 2,
            "eps": 0.08,
            "eps_growth_year": -20,
            "eps_4q": -0.06,
            "eps_4q_growth_year": -128.76,
            "roe": 0.87,
            "roe_4q": -0.020000000000000018,
            "gross_profit": 34349,
            "gross_margin": 27.18,
            "gross_margin_4q_avg": 26.22,
            "net_income": 19329,
            "net_income_4q": null,
            "revenue": 126368,
            "revenue_4q": null,
            "common_shares": 2056608,
            "book_valuer_per_share": 10.65,
            "book_valuer_per_share_4q_avg": 10.87,
            "equity": 2209572,
            "current_ratio": 595.26,
            "debt_ratio": 21.48,
            "inventory_turnover_ratio": 0.45,
            "account_receivable_turnover_ratio": 2.4,
            "reinvestment_rate": -257.12,
            "research_to_sale_ratio": 16.37,
            "price_fair": 14.35,
            "eps_avg_yearly": 0.41,
            "eps_latest_yearly": 0.68,
            "eps_growth_yearly": 145.56
        },
        "20233": {
            "year_quarter": 20233,
            "year": 2023,
            "quarter": 3,
            "eps": 0.11,
            "eps_growth_year": -35.29,
            "eps_4q": -0.12,
            "eps_4q_growth_year": -130.34,
            "roe": 1.29,
            "roe_4q": -0.4399999999999997,
            "gross_profit": 58750,
            "gross_margin": 34.01,
            "gross_margin_4q_avg": 28.3,
            "net_income": 28832,
            "net_income_4q": null,
            "revenue": 172741,
            "revenue_4q": null,
            "common_shares": 2056608,
            "book_valuer_per_share": 10.95,
            "book_valuer_per_share_4q_avg": 10.78,
            "equity": 2273089,
            "current_ratio": 654.75,
            "debt_ratio": 21.02,
            "inventory_turnover_ratio": 0.62,
            "account_receivable_turnover_ratio": 2.13,
            "reinvestment_rate": -128.13,
            "research_to_sale_ratio": 13.39,
            "price_fair": 14.56,
            "eps_avg_yearly": 0.42,
            "eps_latest_yearly": 0.44,
            "eps_growth_yearly": 146.44
        }
    },
    "months": {
        "2001-06": {
            "month": "2001-06",
            "price": "9.93",
            "revenue": 452054
        },
        "2001-07": {
            "month": "2001-07",
            "price": "6.87",
            "revenue": 434436
        },
        "2001-08": {
            "month": "2001-08",
            "price": "6.25",
            "revenue": 483275
        },
        "2001-09": {
            "month": "2001-09",
            "price": "4.80",
            "revenue": 533374
        },
        "2001-10": {
            "month": "2001-10",
            "price": "4.29",
            "revenue": 621403
        },
        "2001-11": {
            "month": "2001-11",
            "price": "4.88",
            "revenue": 628973
        },
        "2001-12": {
            "month": "2001-12",
            "price": "7.69",
            "revenue": 654443
        },
        "2002-01": {
            "month": "2002-01",
            "price": "11.73",
            "revenue": 708197
        },
        "2002-02": {
            "month": "2002-02",
            "price": "12.28",
            "revenue": 725631
        },
        "2002-03": {
            "month": "2002-03",
            "price": "16.25",
            "revenue": 673018
        },
        "2002-04": {
            "month": "2002-04",
            "price": "16.10",
            "revenue": 738433
        },
        "2002-05": {
            "month": "2002-05",
            "price": "10.95",
            "revenue": 606772
        },
        "2002-06": {
            "month": "2002-06",
            "price": "10.08",
            "revenue": 546692
        },
        "2002-07": {
            "month": "2002-07",
            "price": "8.57",
            "revenue": 533425
        },
        "2002-08": {
            "month": "2002-08",
            "price": "8.48",
            "revenue": 602885
        },
        "2002-09": {
            "month": "2002-09",
            "price": "7.62",
            "revenue": 619825
        },
        "2002-10": {
            "month": "2002-10",
            "price": "7.16",
            "revenue": 743608
        },
        "2002-11": {
            "month": "2002-11",
            "price": "8.27",
            "revenue": 388099
        },
        "2003-01": {
            "month": "2003-01",
            "price": "13.63",
            "revenue": 223833
        },
        "2003-02": {
            "month": "2003-02",
            "price": "11.70",
            "revenue": 175010
        },
        "2003-03": {
            "month": "2003-03",
            "price": "9.78",
            "revenue": 279907
        },
        "2003-04": {
            "month": "2003-04",
            "price": "9.35",
            "revenue": 219519
        },
        "2003-05": {
            "month": "2003-05",
            "price": "7.77",
            "revenue": 148233
        },
        "2003-06": {
            "month": "2003-06",
            "price": "11.35",
            "revenue": 233101
        },
        "2003-07": {
            "month": "2003-07",
            "price": "12.14",
            "revenue": 344497
        },
        "2003-08": {
            "month": "2003-08",
            "price": "11.24",
            "revenue": 263799
        },
        "2003-09": {
            "month": "2003-09",
            "price": "9.81",
            "revenue": 362138
        },
        "2003-10": {
            "month": "2003-10",
            "price": "9.71",
            "revenue": 314291
        },
        "2003-11": {
            "month": "2003-11",
            "price": "9.73",
            "revenue": 255786
        },
        "2003-12": {
            "month": "2003-12",
            "price": "9.47",
            "revenue": 195672
        },
        "2004-01": {
            "month": "2004-01",
            "price": "9.67",
            "revenue": 185787
        },
        "2004-02": {
            "month": "2004-02",
            "price": "11.06",
            "revenue": 224449
        },
        "2004-03": {
            "month": "2004-03",
            "price": "10.79",
            "revenue": 338465
        },
        "2004-04": {
            "month": "2004-04",
            "price": "10.47",
            "revenue": 288207
        },
        "2004-05": {
            "month": "2004-05",
            "price": "9.00",
            "revenue": 205316
        },
        "2004-06": {
            "month": "2004-06",
            "price": "7.71",
            "revenue": 204243
        },
        "2004-07": {
            "month": "2004-07",
            "price": "6.35",
            "revenue": 225326
        },
        "2004-08": {
            "month": "2004-08",
            "price": "5.68",
            "revenue": 300893
        },
        "2004-09": {
            "month": "2004-09",
            "price": "5.02",
            "revenue": 311328
        },
        "2004-10": {
            "month": "2004-10",
            "price": "5.07",
            "revenue": 236041
        },
        "2004-11": {
            "month": "2004-11",
            "price": "5.21",
            "revenue": 158454
        },
        "2004-12": {
            "month": "2004-12",
            "price": "5.09",
            "revenue": 168040
        },
        "2005-01": {
            "month": "2005-01",
            "price": "4.43",
            "revenue": 264374
        },
        "2005-02": {
            "month": "2005-02",
            "price": "4.76",
            "revenue": 125130
        },
        "2005-03": {
            "month": "2005-03",
            "price": "5.47",
            "revenue": 155477
        },
        "2005-04": {
            "month": "2005-04",
            "price": "4.80",
            "revenue": 173707
        },
        "2005-05": {
            "month": "2005-05",
            "price": "4.71",
            "revenue": 84522
        },
        "2005-06": {
            "month": "2005-06",
            "price": "5.20",
            "revenue": 75371
        },
        "2005-07": {
            "month": "2005-07",
            "price": "5.43",
            "revenue": 154353
        },
        "2005-08": {
            "month": "2005-08",
            "price": "5.18",
            "revenue": 146433
        },
        "2005-09": {
            "month": "2005-09",
            "price": "5.90",
            "revenue": 320179
        },
        "2005-10": {
            "month": "2005-10",
            "price": "5.72",
            "revenue": 150907
        },
        "2005-11": {
            "month": "2005-11",
            "price": "4.69",
            "revenue": 213348
        },
        "2005-12": {
            "month": "2005-12",
            "price": "4.57",
            "revenue": 179597
        },
        "2006-01": {
            "month": "2006-01",
            "price": "4.63",
            "revenue": 141782
        },
        "2006-02": {
            "month": "2006-02",
            "price": "4.20",
            "revenue": 180340
        },
        "2006-03": {
            "month": "2006-03",
            "price": "3.95",
            "revenue": 136453
        },
        "2006-04": {
            "month": "2006-04",
            "price": "4.11",
            "revenue": 109643
        },
        "2006-05": {
            "month": "2006-05",
            "price": "4.03",
            "revenue": 109197
        },
        "2006-06": {
            "month": "2006-06",
            "price": "3.56",
            "revenue": 90799
        },
        "2006-07": {
            "month": "2006-07",
            "price": "3.47",
            "revenue": 80626
        },
        "2006-08": {
            "month": "2006-08",
            "price": "3.32",
            "revenue": 97114
        },
        "2006-09": {
            "month": "2006-09",
            "price": "3.12",
            "revenue": 135342
        },
        "2006-10": {
            "month": "2006-10",
            "price": "3.53",
            "revenue": 117712
        },
        "2006-11": {
            "month": "2006-11",
            "price": "3.90",
            "revenue": 103711
        },
        "2006-12": {
            "month": "2006-12",
            "price": "4.89",
            "revenue": 105866
        },
        "2007-01": {
            "month": "2007-01",
            "price": "4.97",
            "revenue": 126595
        },
        "2007-02": {
            "month": "2007-02",
            "price": "4.44",
            "revenue": 95163
        },
        "2007-03": {
            "month": "2007-03",
            "price": "5.03",
            "revenue": 76536
        },
        "2007-04": {
            "month": "2007-04",
            "price": "5.30",
            "revenue": 101871
        },
        "2007-05": {
            "month": "2007-05",
            "price": "4.90",
            "revenue": 89802
        },
        "2007-06": {
            "month": "2007-06",
            "price": "5.76",
            "revenue": 111726
        },
        "2007-07": {
            "month": "2007-07",
            "price": "7.45",
            "revenue": 131742
        },
        "2007-08": {
            "month": "2007-08",
            "price": "6.55",
            "revenue": 102180
        },
        "2007-09": {
            "month": "2007-09",
            "price": "6.20",
            "revenue": 100770
        },
        "2007-10": {
            "month": "2007-10",
            "price": "5.77",
            "revenue": 210330
        },
        "2007-11": {
            "month": "2007-11",
            "price": "5.83",
            "revenue": 113005
        },
        "2007-12": {
            "month": "2007-12",
            "price": "5.06",
            "revenue": 112418
        },
        "2008-01": {
            "month": "2008-01",
            "price": "4.61",
            "revenue": 118687
        },
        "2008-02": {
            "month": "2008-02",
            "price": "4.65",
            "revenue": 66112
        },
        "2008-03": {
            "month": "2008-03",
            "price": "4.97",
            "revenue": 110884
        },
        "2008-04": {
            "month": "2008-04",
            "price": "5.21",
            "revenue": 113176
        },
        "2008-05": {
            "month": "2008-05",
            "price": "5.05",
            "revenue": 65365
        },
        "2008-06": {
            "month": "2008-06",
            "price": "4.39",
            "revenue": 73609
        },
        "2008-07": {
            "month": "2008-07",
            "price": "3.68",
            "revenue": 80174
        },
        "2008-08": {
            "month": "2008-08",
            "price": "3.60",
            "revenue": 62599
        },
        "2008-09": {
            "month": "2008-09",
            "price": "2.98",
            "revenue": 131268
        },
        "2008-10": {
            "month": "2008-10",
            "price": "2.64",
            "revenue": 117523
        },
        "2008-11": {
            "month": "2008-11",
            "price": "2.37",
            "revenue": 86946
        },
        "2008-12": {
            "month": "2008-12",
            "price": "2.38",
            "revenue": 124678
        },
        "2009-01": {
            "month": "2009-01",
            "price": "2.35",
            "revenue": 50510
        },
        "2009-02": {
            "month": "2009-02",
            "price": "2.50",
            "revenue": 151901
        },
        "2009-03": {
            "month": "2009-03",
            "price": "3.71",
            "revenue": 113402
        },
        "2009-04": {
            "month": "2009-04",
            "price": "4.31",
            "revenue": 65023
        },
        "2009-05": {
            "month": "2009-05",
            "price": "4.03",
            "revenue": 68012
        },
        "2009-06": {
            "month": "2009-06",
            "price": "3.48",
            "revenue": 66928
        },
        "2009-07": {
            "month": "2009-07",
            "price": "3.41",
            "revenue": 53003
        },
        "2009-08": {
            "month": "2009-08",
            "price": "3.26",
            "revenue": 64867
        },
        "2009-09": {
            "month": "2009-09",
            "price": "3.88",
            "revenue": 79318
        },
        "2009-10": {
            "month": "2009-10",
            "price": "4.61",
            "revenue": 70779
        },
        "2009-11": {
            "month": "2009-11",
            "price": "4.90",
            "revenue": 48464
        },
        "2009-12": {
            "month": "2009-12",
            "price": "4.99",
            "revenue": 65795
        },
        "2010-01": {
            "month": "2010-01",
            "price": "5.25",
            "revenue": 69196
        },
        "2010-02": {
            "month": "2010-02",
            "price": "4.89",
            "revenue": 42153
        },
        "2010-03": {
            "month": "2010-03",
            "price": "5.06",
            "revenue": 73975
        },
        "2010-04": {
            "month": "2010-04",
            "price": "5.39",
            "revenue": 63459
        },
        "2010-05": {
            "month": "2010-05",
            "price": "5.13",
            "revenue": 58897
        },
        "2010-06": {
            "month": "2010-06",
            "price": "5.02",
            "revenue": 72419
        },
        "2010-07": {
            "month": "2010-07",
            "price": "4.98",
            "revenue": 58387
        },
        "2010-08": {
            "month": "2010-08",
            "price": "4.99",
            "revenue": 64299
        },
        "2010-09": {
            "month": "2010-09",
            "price": "4.81",
            "revenue": 72170
        },
        "2010-10": {
            "month": "2010-10",
            "price": "4.90",
            "revenue": 46707
        },
        "2010-11": {
            "month": "2010-11",
            "price": "4.84",
            "revenue": 45685
        },
        "2010-12": {
            "month": "2010-12",
            "price": "5.00",
            "revenue": 64887
        },
        "2011-01": {
            "month": "2011-01",
            "price": "5.12",
            "revenue": 61280
        },
        "2011-02": {
            "month": "2011-02",
            "price": "4.94",
            "revenue": 48590
        },
        "2011-03": {
            "month": "2011-03",
            "price": "4.71",
            "revenue": 81201
        },
        "2011-04": {
            "month": "2011-04",
            "price": "4.87",
            "revenue": 67726
        },
        "2011-05": {
            "month": "2011-05",
            "price": "5.15",
            "revenue": 74617
        },
        "2011-06": {
            "month": "2011-06",
            "price": "4.96",
            "revenue": 75234
        },
        "2011-07": {
            "month": "2011-07",
            "price": "4.85",
            "revenue": 70024
        },
        "2011-08": {
            "month": "2011-08",
            "price": "4.39",
            "revenue": 72645
        },
        "2011-09": {
            "month": "2011-09",
            "price": "4.06",
            "revenue": 80471
        },
        "2011-10": {
            "month": "2011-10",
            "price": "3.97",
            "revenue": 64427
        },
        "2011-11": {
            "month": "2011-11",
            "price": "3.86",
            "revenue": 60895
        },
        "2011-12": {
            "month": "2011-12",
            "price": "3.66",
            "revenue": 83703
        },
        "2012-01": {
            "month": "2012-01",
            "price": "3.63",
            "revenue": 34597
        },
        "2012-02": {
            "month": "2012-02",
            "price": "3.98",
            "revenue": 73490
        },
        "2012-03": {
            "month": "2012-03",
            "price": "3.75",
            "revenue": 83427
        },
        "2012-04": {
            "month": "2012-04",
            "price": "3.29",
            "revenue": 77432
        },
        "2012-05": {
            "month": "2012-05",
            "price": "2.98",
            "revenue": 65901
        },
        "2012-06": {
            "month": "2012-06",
            "price": "2.51",
            "revenue": 67886
        },
        "2012-07": {
            "month": "2012-07",
            "price": "2.57",
            "revenue": 58720
        },
        "2012-08": {
            "month": "2012-08",
            "price": "2.84",
            "revenue": 57803
        },
        "2012-09": {
            "month": "2012-09",
            "price": "3.06",
            "revenue": 69515
        },
        "2012-10": {
            "month": "2012-10",
            "price": "2.94",
            "revenue": 46935
        },
        "2012-11": {
            "month": "2012-11",
            "price": "2.83",
            "revenue": 65203
        },
        "2012-12": {
            "month": "2012-12",
            "price": "2.87",
            "revenue": 80226
        },
        "2013-01": {
            "month": "2013-01",
            "price": "2.86",
            "revenue": 53670
        },
        "2013-02": {
            "month": "2013-02",
            "price": "2.89",
            "revenue": 26781
        },
        "2013-03": {
            "month": "2013-03",
            "price": "3.00",
            "revenue": 76179
        },
        "2013-04": {
            "month": "2013-04",
            "price": "3.03",
            "revenue": 53415
        },
        "2013-05": {
            "month": "2013-05",
            "price": "3.59",
            "revenue": 62141
        },
        "2013-06": {
            "month": "2013-06",
            "price": "3.61",
            "revenue": 74287
        },
        "2013-07": {
            "month": "2013-07",
            "price": "3.41",
            "revenue": 56247
        },
        "2013-08": {
            "month": "2013-08",
            "price": "3.20",
            "revenue": 65105
        },
        "2013-09": {
            "month": "2013-09",
            "price": "3.65",
            "revenue": 50732
        },
        "2013-10": {
            "month": "2013-10",
            "price": "3.68",
            "revenue": 47223
        },
        "2013-11": {
            "month": "2013-11",
            "price": "3.35",
            "revenue": 60984
        },
        "2013-12": {
            "month": "2013-12",
            "price": "3.32",
            "revenue": 80265
        },
        "2014-01": {
            "month": "2014-01",
            "price": "3.77",
            "revenue": 64846
        },
        "2014-02": {
            "month": "2014-02",
            "price": "3.88",
            "revenue": 52732
        },
        "2014-03": {
            "month": "2014-03",
            "price": "4.69",
            "revenue": 70133
        },
        "2014-04": {
            "month": "2014-04",
            "price": "4.49",
            "revenue": 59352
        },
        "2014-05": {
            "month": "2014-05",
            "price": "4.17",
            "revenue": 64529
        },
        "2014-06": {
            "month": "2014-06",
            "price": "5.00",
            "revenue": 73795
        },
        "2014-07": {
            "month": "2014-07",
            "price": "7.42",
            "revenue": 56263
        },
        "2014-08": {
            "month": "2014-08",
            "price": "7.12",
            "revenue": 58988
        },
        "2014-09": {
            "month": "2014-09",
            "price": "6.56",
            "revenue": 58393
        },
        "2014-10": {
            "month": "2014-10",
            "price": "6.22",
            "revenue": 57548
        },
        "2014-11": {
            "month": "2014-11",
            "price": "6.25",
            "revenue": 81942
        },
        "2014-12": {
            "month": "2014-12",
            "price": "8.46",
            "revenue": 100210
        },
        "2015-01": {
            "month": "2015-01",
            "price": "10.36",
            "revenue": 71335
        },
        "2015-02": {
            "month": "2015-02",
            "price": "10.02",
            "revenue": 39113
        },
        "2015-03": {
            "month": "2015-03",
            "price": "8.78",
            "revenue": 87031
        },
        "2015-04": {
            "month": "2015-04",
            "price": "9.06",
            "revenue": 59889
        },
        "2015-05": {
            "month": "2015-05",
            "price": "8.94",
            "revenue": 57090
        },
        "2015-06": {
            "month": "2015-06",
            "price": "7.55",
            "revenue": 75670
        },
        "2015-07": {
            "month": "2015-07",
            "price": "6.85",
            "revenue": 61801
        },
        "2015-08": {
            "month": "2015-08",
            "price": "5.95",
            "revenue": 57045
        },
        "2015-09": {
            "month": "2015-09",
            "price": "6.19",
            "revenue": 75503
        },
        "2015-10": {
            "month": "2015-10",
            "price": "7.37",
            "revenue": 51774
        },
        "2015-11": {
            "month": "2015-11",
            "price": "6.45",
            "revenue": 72861
        },
        "2015-12": {
            "month": "2015-12",
            "price": "5.55",
            "revenue": 99961
        },
        "2016-01": {
            "month": "2016-01",
            "price": "4.97",
            "revenue": 61942
        },
        "2016-02": {
            "month": "2016-02",
            "price": "5.50",
            "revenue": 37587
        },
        "2016-03": {
            "month": "2016-03",
            "price": "6.17",
            "revenue": 63618
        },
        "2016-04": {
            "month": "2016-04",
            "price": "7.09",
            "revenue": 63940
        },
        "2016-05": {
            "month": "2016-05",
            "price": "7.69",
            "revenue": 63410
        },
        "2016-06": {
            "month": "2016-06",
            "price": "9.32",
            "revenue": 68297
        },
        "2016-07": {
            "month": "2016-07",
            "price": "9.56",
            "revenue": 61015
        },
        "2016-08": {
            "month": "2016-08",
            "price": "9.95",
            "revenue": 60638
        },
        "2016-09": {
            "month": "2016-09",
            "price": "9.54",
            "revenue": 51990
        },
        "2016-10": {
            "month": "2016-10",
            "price": "8.38",
            "revenue": 63683
        },
        "2016-11": {
            "month": "2016-11",
            "price": "7.89",
            "revenue": 53770
        },
        "2016-12": {
            "month": "2016-12",
            "price": "7.93",
            "revenue": 65141
        },
        "2017-01": {
            "month": "2017-01",
            "price": "8.44",
            "revenue": 42812
        },
        "2017-02": {
            "month": "2017-02",
            "price": "8.90",
            "revenue": 39344
        },
        "2017-03": {
            "month": "2017-03",
            "price": "8.07",
            "revenue": 60988
        },
        "2017-04": {
            "month": "2017-04",
            "price": "7.32",
            "revenue": 53481
        },
        "2017-05": {
            "month": "2017-05",
            "price": "7.29",
            "revenue": 49006
        },
        "2017-06": {
            "month": "2017-06",
            "price": "6.91",
            "revenue": 56015
        },
        "2017-07": {
            "month": "2017-07",
            "price": "6.57",
            "revenue": 50919
        },
        "2017-08": {
            "month": "2017-08",
            "price": "6.76",
            "revenue": 45271
        },
        "2017-09": {
            "month": "2017-09",
            "price": "7.33",
            "revenue": 56198
        },
        "2017-10": {
            "month": "2017-10",
            "price": "7.26",
            "revenue": 39198
        },
        "2017-11": {
            "month": "2017-11",
            "price": "8.31",
            "revenue": 70304
        },
        "2017-12": {
            "month": "2017-12",
            "price": "9.63",
            "revenue": 83026
        },
        "2018-01": {
            "month": "2018-01",
            "price": "10.38",
            "revenue": 49644
        },
        "2018-02": {
            "month": "2018-02",
            "price": "10.16",
            "revenue": 23686
        },
        "2018-03": {
            "month": "2018-03",
            "price": "10.11",
            "revenue": 45854
        },
        "2018-04": {
            "month": "2018-04",
            "price": "8.73",
            "revenue": 78995
        },
        "2018-05": {
            "month": "2018-05",
            "price": "9.31",
            "revenue": 44908
        },
        "2018-06": {
            "month": "2018-06",
            "price": "9.44",
            "revenue": 39433
        },
        "2018-07": {
            "month": "2018-07",
            "price": "8.46",
            "revenue": 48619
        },
        "2018-08": {
            "month": "2018-08",
            "price": "7.88",
            "revenue": 37922
        },
        "2018-09": {
            "month": "2018-09",
            "price": "7.76",
            "revenue": 62430
        },
        "2018-10": {
            "month": "2018-10",
            "price": "6.82",
            "revenue": 42436
        },
        "2018-11": {
            "month": "2018-11",
            "price": "6.20",
            "revenue": 41217
        },
        "2018-12": {
            "month": "2018-12",
            "price": "6.25",
            "revenue": 69749
        },
        "2019-01": {
            "month": "2019-01",
            "price": "6.19",
            "revenue": 37460
        },
        "2019-02": {
            "month": "2019-02",
            "price": "6.51",
            "revenue": 24536
        },
        "2019-03": {
            "month": "2019-03",
            "price": "6.80",
            "revenue": 50477
        },
        "2019-04": {
            "month": "2019-04",
            "price": "6.80",
            "revenue": 30050
        },
        "2019-05": {
            "month": "2019-05",
            "price": "6.24",
            "revenue": 35009
        },
        "2019-06": {
            "month": "2019-06",
            "price": "5.96",
            "revenue": 45118
        },
        "2019-07": {
            "month": "2019-07",
            "price": "6.05",
            "revenue": 39730
        },
        "2019-08": {
            "month": "2019-08",
            "price": "5.91",
            "revenue": 44704
        },
        "2019-09": {
            "month": "2019-09",
            "price": "6.06",
            "revenue": 41089
        },
        "2019-10": {
            "month": "2019-10",
            "price": "6.06",
            "revenue": 56953
        },
        "2019-11": {
            "month": "2019-11",
            "price": "6.58",
            "revenue": 45237
        },
        "2019-12": {
            "month": "2019-12",
            "price": "6.62",
            "revenue": 57712
        },
        "2020-01": {
            "month": "2020-01",
            "price": "6.51",
            "revenue": 30898
        },
        "2020-02": {
            "month": "2020-02",
            "price": "5.98",
            "revenue": 10160
        },
        "2020-03": {
            "month": "2020-03",
            "price": "4.70",
            "revenue": 45056
        },
        "2020-04": {
            "month": "2020-04",
            "price": "4.87",
            "revenue": 50546
        },
        "2020-05": {
            "month": "2020-05",
            "price": "5.25",
            "revenue": 45703
        },
        "2020-06": {
            "month": "2020-06",
            "price": "5.86",
            "revenue": 61285
        },
        "2020-07": {
            "month": "2020-07",
            "price": "6.65",
            "revenue": 53917
        },
        "2020-08": {
            "month": "2020-08",
            "price": "6.77",
            "revenue": 42284
        },
        "2020-09": {
            "month": "2020-09",
            "price": "7.80",
            "revenue": 58903
        },
        "2020-10": {
            "month": "2020-10",
            "price": "7.91",
            "revenue": 45928
        },
        "2020-11": {
            "month": "2020-11",
            "price": "7.79",
            "revenue": 68209
        },
        "2020-12": {
            "month": "2020-12",
            "price": "8.74",
            "revenue": 69545
        },
        "2021-01": {
            "month": "2021-01",
            "price": "8.89",
            "revenue": 58387
        },
        "2021-02": {
            "month": "2021-02",
            "price": "8.64",
            "revenue": 33403
        },
        "2021-03": {
            "month": "2021-03",
            "price": "9.31",
            "revenue": 49460
        },
        "2021-04": {
            "month": "2021-04",
            "price": "10.29",
            "revenue": 53021
        },
        "2021-05": {
            "month": "2021-05",
            "price": "8.99",
            "revenue": 52769
        },
        "2021-06": {
            "month": "2021-06",
            "price": "8.79",
            "revenue": 53739
        },
        "2021-07": {
            "month": "2021-07",
            "price": "8.48",
            "revenue": 46270
        },
        "2021-08": {
            "month": "2021-08",
            "price": "8.05",
            "revenue": 43359
        },
        "2021-09": {
            "month": "2021-09",
            "price": "8.03",
            "revenue": 62642
        },
        "2021-10": {
            "month": "2021-10",
            "price": "7.84",
            "revenue": 48436
        },
        "2021-11": {
            "month": "2021-11",
            "price": "8.25",
            "revenue": 56795
        },
        "2021-12": {
            "month": "2021-12",
            "price": "9.20",
            "revenue": 67942
        },
        "2022-01": {
            "month": "2022-01",
            "price": "10.74",
            "revenue": 33155
        },
        "2022-02": {
            "month": "2022-02",
            "price": "10.98",
            "revenue": 31605
        },
        "2022-03": {
            "month": "2022-03",
            "price": "9.68",
            "revenue": 46476
        },
        "2022-04": {
            "month": "2022-04",
            "price": "8.99",
            "revenue": 24519
        },
        "2022-05": {
            "month": "2022-05",
            "price": "11.03",
            "revenue": 28251
        },
        "2022-06": {
            "month": "2022-06",
            "price": "15.28",
            "revenue": 49847
        },
        "2022-07": {
            "month": "2022-07",
            "price": "17.91",
            "revenue": 60111
        },
        "2022-08": {
            "month": "2022-08",
            "price": "29.46",
            "revenue": 65241
        },
        "2022-09": {
            "month": "2022-09",
            "price": "30.33",
            "revenue": 66777
        },
        "2022-10": {
            "month": "2022-10",
            "price": "27.75",
            "revenue": 49690
        },
        "2022-11": {
            "month": "2022-11",
            "price": "30.69",
            "revenue": 58444
        },
        "2022-12": {
            "month": "2022-12",
            "price": "26.96",
            "revenue": 40793
        },
        "2023-01": {
            "month": "2023-01",
            "price": "25.80",
            "revenue": 22035
        },
        "2023-02": {
            "month": "2023-02",
            "price": "25.27",
            "revenue": 41331
        },
        "2023-03": {
            "month": "2023-03",
            "price": "25.25",
            "revenue": 47624
        },
        "2023-04": {
            "month": "2023-04",
            "price": "23.83",
            "revenue": 34616
        },
        "2023-05": {
            "month": "2023-05",
            "price": "22.31",
            "revenue": 49907
        },
        "2023-06": {
            "month": "2023-06",
            "price": "23.71",
            "revenue": 41845
        },
        "2023-07": {
            "month": "2023-07",
            "price": "22.02",
            "revenue": 58261
        },
        "2023-08": {
            "month": "2023-08",
            "price": "20.41",
            "revenue": 52210
        },
        "2023-09": {
            "month": "2023-09",
            "price": "21.44",
            "revenue": 62270
        },
        "2023-10": {
            "month": "2023-10",
            "price": "23.36",
            "revenue": 39934
        },
        "2023-11": {
            "month": "2023-11",
            "price": "23.95",
            "revenue": 58884
        },
        "2023-12": {
            "month": "2023-12",
            "price": "22.61",
            "revenue": 66990
        }
    }
}
