{
    "summary": {
        "stock_name": "台達電",
        "stock_id": "2308",
        "category": "電子零組件",
        "main_business": "電源供應系統、無刷直流風扇、散熱系統、微型化關鍵零組件<br>工業自動化、視訊顯示、資訊、網路通訊、消費性電子、節能照明<br>電動車充電設備、能源技術服務及智慧樓宇管理與控制解決方案",
        "website_url": "https://www.deltaww.com/zh-tw/index",
        "ceo": "張訓海",
        "pe_ratio": 23,
        "report_year_from": 2001,
        "report_year_to": 2023,
        "age": 22,
        "eps_negative_percentage": 0,
        "eps_growth_avg": {
            "last_all": 8.51,
            "last_2y": 12.45,
            "last_4y": 12.69,
            "last_8y": 6.9,
            "last_12y": 8.71,
            "last_16y": 8.62,
            "last_20y": 8.51,
            "at_2006_last_3y": 17.17,
            "at_2007_last_3y": 19.94,
            "at_2008_last_3y": 6.21,
            "at_2009_last_3y": 8.33,
            "at_2010_last_3y": 6.72,
            "at_2011_last_3y": -6.98,
            "at_2012_last_3y": 13.09,
            "at_2013_last_3y": 12.81,
            "at_2014_last_3y": 10.01,
            "at_2015_last_3y": 15.01,
            "at_2016_last_3y": 2.6,
            "at_2017_last_3y": -0.35,
            "at_2018_last_3y": -4.59,
            "at_2019_last_3y": 4.91,
            "at_2020_last_3y": 8.5,
            "at_2021_last_3y": 10.36,
            "at_2022_last_3y": 16.08,
            "at_2023_last_3y": 16.08,
            "at_2006_last_all": 13.18,
            "at_2007_last_all": 14.94,
            "at_2008_last_all": 7.84,
            "at_2009_last_all": 8.18,
            "at_2010_last_all": 10.31,
            "at_2011_last_all": 6.17,
            "at_2012_last_all": 9.75,
            "at_2013_last_all": 9.72,
            "at_2014_last_all": 10.22,
            "at_2015_last_all": 8.7,
            "at_2016_last_all": 7.84,
            "at_2017_last_all": 7.21,
            "at_2018_last_all": 6.73,
            "at_2019_last_all": 7.86,
            "at_2020_last_all": 7.98,
            "at_2021_last_all": 7.84,
            "at_2022_last_all": 8.51,
            "at_2023_last_all": 8.51
        },
        "latest_eps": 12.9,
        "latest_price": 300.5,
        "latest_roe": 17.58,
        "latest_gross_margin": 27.53,
        "latest_equity": 233838979,
        "latest_revenue": 92859244,
        "latest_gross_profit": 25567704,
        "latest_net_income": 7971081,
        "latest_debt_ratio": 45.19,
        "latest_current_ratio": 203.39,
        "latest_account_receivable_turnover_ratio": 1.14,
        "latest_inventory_turnover_ratio": 0.84,
        "latest_reinvestment_rate": 27.6,
        "latest_research_to_sale_ratio": 8.26
    },
    "eps_dividends": {
        "1990": {
            "cash": 0,
            "stock": 1,
            "eps": 0
        },
        "1991": {
            "cash": 0,
            "stock": 1,
            "eps": 0
        },
        "1992": {
            "cash": 0,
            "stock": 1,
            "eps": 0
        },
        "1993": {
            "cash": 0,
            "stock": 1,
            "eps": 0
        },
        "1994": {
            "cash": 0,
            "stock": 2,
            "eps": 0
        },
        "1995": {
            "cash": 0,
            "stock": 2,
            "eps": 0
        },
        "1996": {
            "cash": 1,
            "stock": 2,
            "eps": 0
        },
        "1997": {
            "cash": 1,
            "stock": 2,
            "eps": 0
        },
        "1998": {
            "cash": 2,
            "stock": 2,
            "eps": 0
        },
        "1999": {
            "cash": 2,
            "stock": 2,
            "eps": 0
        },
        "2000": {
            "cash": 2,
            "stock": 3,
            "eps": 0
        },
        "2001": {
            "cash": 2,
            "stock": 2,
            "eps": 3.26
        },
        "2002": {
            "cash": 1,
            "stock": 2,
            "eps": 3.17
        },
        "2003": {
            "cash": 2,
            "stock": 1,
            "eps": 3.57
        },
        "2004": {
            "cash": 2,
            "stock": 1,
            "eps": 4.29
        },
        "2005": {
            "cash": 2,
            "stock": 0,
            "eps": 4.38
        },
        "2006": {
            "cash": 3,
            "stock": 1,
            "eps": 5.86
        },
        "2007": {
            "cash": 5,
            "stock": 1,
            "eps": 7.25
        },
        "2008": {
            "cash": 6,
            "stock": 0,
            "eps": 4.73
        },
        "2009": {
            "cash": 4,
            "stock": 0,
            "eps": 5.23
        },
        "2010": {
            "cash": 4,
            "stock": 0,
            "eps": 6.66
        },
        "2011": {
            "cash": 8,
            "stock": 0,
            "eps": 4.59
        },
        "2012": {
            "cash": 0,
            "stock": 0,
            "eps": 6.68
        },
        "2013": {
            "cash": 5,
            "stock": 0,
            "eps": 7.31
        },
        "2014": {
            "cash": 6,
            "stock": 0,
            "eps": 8.49
        },
        "2015": {
            "cash": 7,
            "stock": 0,
            "eps": 7.55
        },
        "2016": {
            "cash": 5,
            "stock": 0,
            "eps": 7.24
        },
        "2017": {
            "cash": 5,
            "stock": 0,
            "eps": 7.07
        },
        "2018": {
            "cash": 5,
            "stock": 0,
            "eps": 7.01
        },
        "2019": {
            "cash": 5,
            "stock": 0,
            "eps": 8.9
        },
        "2020": {
            "cash": 5,
            "stock": 0,
            "eps": 9.81
        },
        "2021": {
            "cash": 6,
            "stock": 0,
            "eps": 10.31
        },
        "2022": {
            "cash": 6,
            "stock": 0,
            "eps": 12.58
        },
        "2023": {
            "cash": 10,
            "stock": 0,
            "eps": 2.66
        }
    },
    "dividends": {
        "1990-05-09": {
            "cash": 0,
            "stock": 1
        },
        "1991-05-08": {
            "cash": 0,
            "stock": 1
        },
        "1992-05-08": {
            "cash": 0,
            "stock": 1
        },
        "1993-05-08": {
            "cash": 0,
            "stock": 1.24
        },
        "1994-05-09": {
            "cash": 0,
            "stock": 2
        },
        "1995-05-10": {
            "cash": 0,
            "stock": 2
        },
        "1996-06-06": {
            "cash": 0.5,
            "stock": 2
        },
        "1997-06-03": {
            "cash": 0.5,
            "stock": 2
        },
        "1998-05-15": {
            "cash": 1.5,
            "stock": 2
        },
        "1999-05-12": {
            "cash": 2,
            "stock": 2
        },
        "2000-05-18": {
            "cash": 2,
            "stock": 2.5
        },
        "2001-05-16": {
            "cash": 2.25,
            "stock": 2.25
        },
        "2002-05-16": {
            "cash": 1.25,
            "stock": 1.5
        },
        "2003-02-13": {
            "cash": 2,
            "stock": 0.5
        },
        "2004-02-27": {
            "cash": 2.25,
            "stock": 0.5
        },
        "2005-03-28": {
            "cash": 2.41,
            "stock": 0.48
        },
        "2006-02-23": {
            "cash": 3,
            "stock": 0.5
        },
        "2007-03-19": {
            "cash": 4.5,
            "stock": 0.5
        },
        "2008-03-10": {
            "cash": 5.5,
            "stock": 0.2
        },
        "2009-02-27": {
            "cash": 3.5,
            "stock": 0.2
        },
        "2010-04-27": {
            "cash": 4.2,
            "stock": 0
        },
        "2011-01-01": {
            "cash": 3.49,
            "stock": 0
        },
        "2011-03-10": {
            "cash": 5.2,
            "stock": 0
        },
        "2013-03-11": {
            "cash": 5.29,
            "stock": 0
        },
        "2014-06-10": {
            "cash": 5.8,
            "stock": 0
        },
        "2015-07-24": {
            "cash": 6.7,
            "stock": 0
        },
        "2016-07-29": {
            "cash": 5,
            "stock": 0
        },
        "2017-07-28": {
            "cash": 5,
            "stock": 0
        },
        "2018-07-27": {
            "cash": 5,
            "stock": 0
        },
        "2019-07-26": {
            "cash": 5,
            "stock": 0
        },
        "2020-07-29": {
            "cash": 5,
            "stock": 0
        },
        "2021-08-12": {
            "cash": 5.5,
            "stock": 0
        },
        "2022-07-28": {
            "cash": 5.5,
            "stock": 0
        },
        "2023-02-22": {
            "cash": 9.84,
            "stock": 0
        }
    },
    "prices": {
        "200101": "117.12",
        "200102": "116.16",
        "200103": "115.09",
        "200104": "107.18",
        "200105": "83.77",
        "200106": "83.05",
        "200107": "64.48",
        "200108": "60.91",
        "200109": "41.41",
        "200110": "37.32",
        "200111": "44.48",
        "200112": "59.35",
        "200201": "62.32",
        "200202": "58.04",
        "200203": "57.74",
        "200204": "61.95",
        "200205": "60.02",
        "200206": "54.14",
        "200207": "45.93",
        "200208": "49.88",
        "200209": "46.32",
        "200210": "43.58",
        "200211": "46.07",
        "200212": "43.28",
        "200301": "42.09",
        "200302": "38.53",
        "200303": "37.56",
        "200304": "40.44",
        "200305": "43.01",
        "200306": "45.24",
        "200307": "44.86",
        "200308": "47.35",
        "200309": "43.96",
        "200310": "44.75",
        "200311": "44.42",
        "200312": "43.73",
        "200401": "44.63",
        "200402": "44.54",
        "200403": "43.43",
        "200404": "42.19",
        "200405": "44.40",
        "200406": "44.08",
        "200407": "41.20",
        "200408": "42.62",
        "200409": "45.60",
        "200410": "49.50",
        "200411": "51.34",
        "200412": "52.67",
        "200501": "51.93",
        "200502": "53.38",
        "200503": "51.65",
        "200504": "50.36",
        "200505": "51.23",
        "200506": "50.95",
        "200507": "53.33",
        "200508": "58.32",
        "200509": "55.24",
        "200510": "56.02",
        "200511": "60.67",
        "200512": "67.21",
        "200601": "68.17",
        "200602": "68.08",
        "200603": "76.87",
        "200604": "84.49",
        "200605": "96.90",
        "200606": "86.50",
        "200607": "88.39",
        "200608": "91.90",
        "200609": "94.60",
        "200610": "95.56",
        "200611": "95.80",
        "200612": "103.59",
        "200701": "109.39",
        "200702": "105.12",
        "200703": "102.02",
        "200704": "104.30",
        "200705": "112.27",
        "200706": "121.72",
        "200707": "124.41",
        "200708": "118.87",
        "200709": "124.92",
        "200710": "128.50",
        "200711": "116.80",
        "200712": "106.79",
        "200801": "86.79",
        "200802": "84.96",
        "200803": "85.80",
        "200804": "92.40",
        "200805": "90.35",
        "200806": "86.12",
        "200807": "79.74",
        "200808": "84.00",
        "200809": "80.96",
        "200810": "75.89",
        "200811": "64.97",
        "200812": "61.75",
        "200901": "62.45",
        "200902": "54.28",
        "200903": "58.31",
        "200904": "65.34",
        "200905": "76.72",
        "200906": "72.68",
        "200907": "78.76",
        "200908": "85.60",
        "200909": "91.81",
        "200910": "92.64",
        "200911": "89.36",
        "200912": "94.40",
        "201001": "97.16",
        "201002": "93.90",
        "201003": "98.06",
        "201004": "102.21",
        "201005": "99.72",
        "201006": "101.11",
        "201007": "111.66",
        "201008": "113.55",
        "201009": "125.57",
        "201010": "128.10",
        "201011": "131.59",
        "201012": "138.93",
        "201101": "137.48",
        "201102": "124.54",
        "201103": "123.83",
        "201104": "128.53",
        "201105": "119.83",
        "201106": "106.79",
        "201107": "104.95",
        "201108": "85.54",
        "201109": "77.98",
        "201110": "71.58",
        "201111": "69.93",
        "201112": "66.73",
        "201201": "75.54",
        "201202": "79.68",
        "201203": "85.07",
        "201204": "87.00",
        "201205": "90.07",
        "201206": "86.05",
        "201207": "94.67",
        "201208": "101.85",
        "201209": "111.02",
        "201210": "104.67",
        "201211": "104.64",
        "201212": "106.24",
        "201301": "105.55",
        "201302": "110.15",
        "201303": "117.95",
        "201304": "134.18",
        "201305": "145.18",
        "201306": "137.63",
        "201307": "144.59",
        "201308": "135.33",
        "201309": "138.60",
        "201310": "148.43",
        "201311": "148.67",
        "201312": "161.64",
        "201401": "167.03",
        "201402": "163.00",
        "201403": "176.02",
        "201404": "184.60",
        "201405": "188.26",
        "201406": "199.50",
        "201407": "207.25",
        "201408": "206.76",
        "201409": "198.98",
        "201410": "187.11",
        "201411": "175.72",
        "201412": "184.33",
        "201501": "186.55",
        "201502": "199.46",
        "201503": "203.00",
        "201504": "193.05",
        "201505": "176.72",
        "201506": "164.67",
        "201507": "157.89",
        "201508": "153.21",
        "201509": "160.30",
        "201510": "164.31",
        "201511": "161.90",
        "201512": "156.80",
        "201601": "141.05",
        "201602": "136.58",
        "201603": "141.02",
        "201604": "145.71",
        "201605": "141.81",
        "201606": "152.36",
        "201607": "164.92",
        "201608": "172.07",
        "201609": "167.55",
        "201610": "166.40",
        "201611": "159.95",
        "201612": "158.36",
        "201701": "165.75",
        "201702": "173.64",
        "201703": "166.30",
        "201704": "167.22",
        "201705": "169.42",
        "201706": "166.63",
        "201707": "162.17",
        "201708": "161.52",
        "201709": "159.80",
        "201710": "148.68",
        "201711": "139.39",
        "201712": "138.50",
        "201801": "142.45",
        "201802": "139.42",
        "201803": "133.98",
        "201804": "119.42",
        "201805": "112.91",
        "201806": "112.08",
        "201807": "103.39",
        "201808": "108.39",
        "201809": "120.58",
        "201810": "120.93",
        "201811": "127.34",
        "201812": "129.17",
        "201901": "145.31",
        "201902": "153.65",
        "201903": "154.82",
        "201904": "161.58",
        "201905": "146.61",
        "201906": "152.92",
        "201907": "151.78",
        "201908": "148.36",
        "201909": "144.39",
        "201910": "134.62",
        "201911": "137.88",
        "201912": "145.68",
        "202001": "149.47",
        "202002": "143.34",
        "202003": "124.59",
        "202004": "129.88",
        "202005": "139.22",
        "202006": "158.68",
        "202007": "183.61",
        "202008": "198.81",
        "202009": "186.73",
        "202010": "194.63",
        "202011": "202.71",
        "202012": "248.20",
        "202101": "296.02",
        "202102": "292.38",
        "202103": "282.32",
        "202104": "297.84",
        "202105": "283.00",
        "202106": "297.38",
        "202107": "302.55",
        "202108": "276.55",
        "202109": "262.00",
        "202110": "246.72",
        "202111": "257.80",
        "202112": "267.70",
        "202201": "278.94",
        "202202": "260.73",
        "202203": "257.67",
        "202204": "251.89",
        "202205": "228.98",
        "202206": "231.71",
        "202207": "238.86",
        "202208": "266.85",
        "202209": "262.71",
        "202210": "265.15",
        "202211": "285.14",
        "202212": "291.09",
        "202301": "282.46",
        "202302": "294.58",
        "202303": "293.15",
        "202304": "301.03",
        "202305": "300.91"
    },
    "quarters": {
        "20011": {
            "year_quarter": 20011,
            "year": 2001,
            "quarter": 1,
            "eps": 1.19,
            "eps_growth_year": -9.16,
            "eps_4q": 5.64,
            "eps_4q_growth_year": 13.23,
            "roe": 4.44,
            "gross_profit": 1031996,
            "gross_margin": 14.45,
            "net_income": 1131805,
            "revenue": 7141762,
            "common_shares": 9546154,
            "equity": 25972231,
            "current_ratio": 168.24,
            "debt_ratio": 35.12,
            "inventory_turnover_ratio": 1.53,
            "account_receivable_turnover_ratio": null,
            "reinvestment_rate": null,
            "research_to_sale_ratio": null,
            "price_fair": 0,
            "eps_avg_yearly": 0,
            "eps_latest_yearly": 0,
            "eps_growth_yearly": 0
        },
        "20012": {
            "year_quarter": 20012,
            "year": 2001,
            "quarter": 2,
            "eps": 1.07,
            "eps_growth_year": -16.41,
            "eps_4q": 4.57,
            "eps_4q_growth_year": 2.19,
            "roe": 4.88,
            "gross_profit": 1036609,
            "gross_margin": 16.52,
            "net_income": 1268801,
            "revenue": 6275351,
            "common_shares": 9546154,
            "equity": 26057711,
            "current_ratio": 130.54,
            "debt_ratio": 40.91,
            "inventory_turnover_ratio": 3.68,
            "account_receivable_turnover_ratio": null,
            "reinvestment_rate": null,
            "research_to_sale_ratio": null,
            "price_fair": 0,
            "eps_avg_yearly": 0,
            "eps_latest_yearly": 0,
            "eps_growth_yearly": 0
        },
        "20013": {
            "year_quarter": 20013,
            "year": 2001,
            "quarter": 3,
            "eps": 0.45,
            "eps_growth_year": -70,
            "eps_4q": 3.83,
            "eps_4q_growth_year": -14.65,
            "roe": 2.01,
            "gross_profit": 985567,
            "gross_margin": 15.97,
            "net_income": 530268,
            "revenue": 6170864,
            "common_shares": 11894600,
            "equity": 26661842,
            "current_ratio": 94.94,
            "debt_ratio": 38.91,
            "inventory_turnover_ratio": 4.23,
            "account_receivable_turnover_ratio": null,
            "reinvestment_rate": null,
            "research_to_sale_ratio": null,
            "price_fair": 0,
            "eps_avg_yearly": 0,
            "eps_latest_yearly": 0,
            "eps_growth_yearly": 0
        },
        "20014": {
            "year_quarter": 20014,
            "year": 2001,
            "quarter": 4,
            "eps": 0.55,
            "eps_growth_year": -66.87,
            "eps_4q": 3.02,
            "eps_4q_growth_year": -44.66,
            "roe": 2.41,
            "gross_profit": 830294,
            "gross_margin": 13.35,
            "net_income": 653690,
            "revenue": 6219621,
            "common_shares": 11894600,
            "equity": 27563356,
            "current_ratio": 157.98,
            "debt_ratio": 47.98,
            "inventory_turnover_ratio": 2.56,
            "account_receivable_turnover_ratio": null,
            "reinvestment_rate": null,
            "research_to_sale_ratio": null,
            "price_fair": 0,
            "eps_avg_yearly": 0,
            "eps_latest_yearly": 0,
            "eps_growth_yearly": 0
        },
        "20021": {
            "year_quarter": 20021,
            "year": 2002,
            "quarter": 1,
            "eps": 0.66,
            "eps_growth_year": -44.54,
            "eps_4q": 2.73,
            "eps_4q_growth_year": -51.51,
            "roe": 2.79,
            "gross_profit": 773461,
            "gross_margin": 13.51,
            "net_income": 780465,
            "revenue": 5726329,
            "common_shares": 11894600,
            "equity": 28306267,
            "current_ratio": 97.93,
            "debt_ratio": 34.58,
            "inventory_turnover_ratio": 2.31,
            "account_receivable_turnover_ratio": null,
            "reinvestment_rate": null,
            "research_to_sale_ratio": null,
            "price_fair": 92.4,
            "eps_avg_yearly": 2.64,
            "eps_latest_yearly": 2.64,
            "eps_growth_yearly": 80
        },
        "20022": {
            "year_quarter": 20022,
            "year": 2002,
            "quarter": 2,
            "eps": 1.01,
            "eps_growth_year": -5.61,
            "eps_4q": 2.42,
            "eps_4q_growth_year": -46.99,
            "roe": 5.06,
            "gross_profit": 982811,
            "gross_margin": 15.7,
            "net_income": 1406162,
            "revenue": 6259274,
            "common_shares": 11894600,
            "equity": 27273247,
            "current_ratio": 90.07,
            "debt_ratio": 35.43,
            "inventory_turnover_ratio": 4.78,
            "account_receivable_turnover_ratio": null,
            "reinvestment_rate": null,
            "research_to_sale_ratio": null,
            "price_fair": 116.9,
            "eps_avg_yearly": 3.34,
            "eps_latest_yearly": 4.04,
            "eps_growth_yearly": 146.06
        },
        "20023": {
            "year_quarter": 20023,
            "year": 2002,
            "quarter": 3,
            "eps": 0.81,
            "eps_growth_year": 80,
            "eps_4q": 2.85,
            "eps_4q_growth_year": -25.62,
            "roe": 3.98,
            "gross_profit": 871690,
            "gross_margin": 9.9,
            "net_income": 1126486,
            "revenue": 8803542,
            "common_shares": 13878790,
            "equity": 29341989,
            "current_ratio": 96.15,
            "debt_ratio": 35.91,
            "inventory_turnover_ratio": 8.54,
            "account_receivable_turnover_ratio": null,
            "reinvestment_rate": null,
            "research_to_sale_ratio": null,
            "price_fair": 115.73,
            "eps_avg_yearly": 3.31,
            "eps_latest_yearly": 3.24,
            "eps_growth_yearly": 70.97
        },
        "20024": {
            "year_quarter": 20024,
            "year": 2002,
            "quarter": 4,
            "eps": 0.69,
            "eps_growth_year": 25.45,
            "eps_4q": 3.06,
            "eps_4q_growth_year": 1.62,
            "roe": 3.24,
            "gross_profit": 886245,
            "gross_margin": 7.88,
            "net_income": 962558,
            "revenue": 11247505,
            "common_shares": 13878790,
            "equity": 30134082,
            "current_ratio": 188.73,
            "debt_ratio": 45.26,
            "inventory_turnover_ratio": 4.24,
            "account_receivable_turnover_ratio": null,
            "reinvestment_rate": 36.01,
            "research_to_sale_ratio": null,
            "price_fair": 110.95,
            "eps_avg_yearly": 3.17,
            "eps_latest_yearly": 2.76,
            "eps_growth_yearly": 38.41
        },
        "20031": {
            "year_quarter": 20031,
            "year": 2003,
            "quarter": 1,
            "eps": 0.78,
            "eps_growth_year": 18.18,
            "eps_4q": 3.3,
            "eps_4q_growth_year": 20.57,
            "roe": 3.53,
            "gross_profit": 860876,
            "gross_margin": 8.42,
            "net_income": 1083348,
            "revenue": 10220674,
            "common_shares": 13878790,
            "equity": 31242420,
            "current_ratio": 95.4,
            "debt_ratio": 36.04,
            "inventory_turnover_ratio": 3.86,
            "account_receivable_turnover_ratio": null,
            "reinvestment_rate": 2.21,
            "research_to_sale_ratio": null,
            "price_fair": 110.6,
            "eps_avg_yearly": 3.16,
            "eps_latest_yearly": 3.12,
            "eps_growth_yearly": 41.17
        },
        "20032": {
            "year_quarter": 20032,
            "year": 2003,
            "quarter": 2,
            "eps": 1.23,
            "eps_growth_year": 21.78,
            "eps_4q": 3.38,
            "eps_4q_growth_year": 39.56,
            "roe": 5.94,
            "gross_profit": 895970,
            "gross_margin": 8.94,
            "net_income": 1815992,
            "revenue": 10020033,
            "common_shares": 14802730,
            "equity": 29904073,
            "current_ratio": 94.54,
            "debt_ratio": 38.82,
            "inventory_turnover_ratio": 11.38,
            "account_receivable_turnover_ratio": null,
            "reinvestment_rate": 0.35,
            "research_to_sale_ratio": null,
            "price_fair": 120.87,
            "eps_avg_yearly": 3.45,
            "eps_latest_yearly": 4.92,
            "eps_growth_yearly": 72.77
        },
        "20033": {
            "year_quarter": 20033,
            "year": 2003,
            "quarter": 3,
            "eps": 0.81,
            "eps_growth_year": 0,
            "eps_4q": 3.23,
            "eps_4q_growth_year": 13.23,
            "roe": 3.99,
            "gross_profit": 2598653,
            "gross_margin": 21.79,
            "net_income": 1270430,
            "revenue": 11923573,
            "common_shares": 14802730,
            "equity": 33822566,
            "current_ratio": 243.86,
            "debt_ratio": 44.33,
            "inventory_turnover_ratio": 4.2,
            "account_receivable_turnover_ratio": null,
            "reinvestment_rate": 41.89,
            "research_to_sale_ratio": null,
            "price_fair": 119.8,
            "eps_avg_yearly": 3.42,
            "eps_latest_yearly": 3.24,
            "eps_growth_yearly": 42.86
        },
        "20034": {
            "year_quarter": 20034,
            "year": 2003,
            "quarter": 4,
            "eps": 0.75,
            "eps_growth_year": 8.7,
            "eps_4q": 3.87,
            "eps_4q_growth_year": 26.11,
            "roe": 2.94,
            "gross_profit": 2785907,
            "gross_margin": 21.61,
            "net_income": 1011943,
            "revenue": 12891859,
            "common_shares": 14802730,
            "equity": 35009598,
            "current_ratio": 243.26,
            "debt_ratio": 44.64,
            "inventory_turnover_ratio": 2.69,
            "account_receivable_turnover_ratio": null,
            "reinvestment_rate": 14.15,
            "research_to_sale_ratio": null,
            "price_fair": 117.95,
            "eps_avg_yearly": 3.37,
            "eps_latest_yearly": 3,
            "eps_growth_yearly": 33.8
        },
        "20041": {
            "year_quarter": 20041,
            "year": 2004,
            "quarter": 1,
            "eps": 1.26,
            "eps_growth_year": 61.54,
            "eps_4q": 4.04,
            "eps_4q_growth_year": 22.7,
            "roe": 5.29,
            "gross_profit": 2479282,
            "gross_margin": 22.32,
            "net_income": 1867389,
            "revenue": 11107511,
            "common_shares": 14802730,
            "equity": 35590332,
            "current_ratio": 258.84,
            "debt_ratio": 42.45,
            "inventory_turnover_ratio": 2.3,
            "account_receivable_turnover_ratio": null,
            "reinvestment_rate": 33.7,
            "research_to_sale_ratio": null,
            "price_fair": 124.44,
            "eps_avg_yearly": 3.56,
            "eps_latest_yearly": 5.04,
            "eps_growth_yearly": 60.26
        },
        "20042": {
            "year_quarter": 20042,
            "year": 2004,
            "quarter": 2,
            "eps": 0.86,
            "eps_growth_year": -30.08,
            "eps_4q": 3.09,
            "eps_4q_growth_year": -8.58,
            "roe": 4.4,
            "gross_profit": 3000144,
            "gross_margin": 23.03,
            "net_income": 1542415,
            "revenue": 13025465,
            "common_shares": 14802730,
            "equity": 34441981,
            "current_ratio": 234.05,
            "debt_ratio": 45.69,
            "inventory_turnover_ratio": 2.62,
            "account_receivable_turnover_ratio": null,
            "reinvestment_rate": 32.39,
            "research_to_sale_ratio": null,
            "price_fair": 124.04,
            "eps_avg_yearly": 3.54,
            "eps_latest_yearly": 3.44,
            "eps_growth_yearly": 41.54
        },
        "20043": {
            "year_quarter": 20043,
            "year": 2004,
            "quarter": 3,
            "eps": 1.07,
            "eps_growth_year": 32.1,
            "eps_4q": 3.63,
            "eps_4q_growth_year": 12.5,
            "roe": 5.09,
            "gross_profit": 3286942,
            "gross_margin": 21.61,
            "net_income": 1777339,
            "revenue": 15210180,
            "common_shares": 15855600,
            "equity": 35360284,
            "current_ratio": 236.23,
            "debt_ratio": 45.13,
            "inventory_turnover_ratio": 2.49,
            "account_receivable_turnover_ratio": null,
            "reinvestment_rate": 34.27,
            "research_to_sale_ratio": null,
            "price_fair": 126.38,
            "eps_avg_yearly": 3.61,
            "eps_latest_yearly": 4.28,
            "eps_growth_yearly": 46.64
        },
        "20044": {
            "year_quarter": 20044,
            "year": 2004,
            "quarter": 4,
            "eps": 1.1,
            "eps_growth_year": 46.67,
            "eps_4q": 3.96,
            "eps_4q_growth_year": 2.45,
            "roe": 5.19,
            "gross_profit": 3497290,
            "gross_margin": 20.41,
            "net_income": 1850506,
            "revenue": 17131830,
            "common_shares": 15859720,
            "equity": 35895549,
            "current_ratio": 200.38,
            "debt_ratio": 44.68,
            "inventory_turnover_ratio": 2.61,
            "account_receivable_turnover_ratio": null,
            "reinvestment_rate": 6.55,
            "research_to_sale_ratio": null,
            "price_fair": 128.68,
            "eps_avg_yearly": 3.68,
            "eps_latest_yearly": 4.4,
            "eps_growth_yearly": 43.69
        },
        "20051": {
            "year_quarter": 20051,
            "year": 2005,
            "quarter": 1,
            "eps": 0.84,
            "eps_growth_year": -33.33,
            "eps_4q": 3.42,
            "eps_4q_growth_year": -15.55,
            "roe": 4.06,
            "gross_profit": 3165379,
            "gross_margin": 21.18,
            "net_income": 1509150,
            "revenue": 14942327,
            "common_shares": 16073866,
            "equity": 38372819,
            "current_ratio": 236.72,
            "debt_ratio": 42.74,
            "inventory_turnover_ratio": 2.24,
            "account_receivable_turnover_ratio": null,
            "reinvestment_rate": 34.76,
            "research_to_sale_ratio": null,
            "price_fair": 127.83,
            "eps_avg_yearly": 3.65,
            "eps_latest_yearly": 3.36,
            "eps_growth_yearly": 33.06
        },
        "20052": {
            "year_quarter": 20052,
            "year": 2005,
            "quarter": 2,
            "eps": 0.81,
            "eps_growth_year": -5.81,
            "eps_4q": 3.29,
            "eps_4q_growth_year": 6.5,
            "roe": 3.95,
            "gross_profit": 3540408,
            "gross_margin": 20.03,
            "net_income": 1518350,
            "revenue": 17677659,
            "common_shares": 17785162,
            "equity": 38594217,
            "current_ratio": 190.38,
            "debt_ratio": 46.76,
            "inventory_turnover_ratio": 2.44,
            "account_receivable_turnover_ratio": null,
            "reinvestment_rate": 34.96,
            "research_to_sale_ratio": null,
            "price_fair": 126.8,
            "eps_avg_yearly": 3.62,
            "eps_latest_yearly": 3.24,
            "eps_growth_yearly": 29.68
        },
        "20053": {
            "year_quarter": 20053,
            "year": 2005,
            "quarter": 3,
            "eps": 1.15,
            "eps_growth_year": 7.48,
            "eps_4q": 3.36,
            "eps_4q_growth_year": -7.6,
            "roe": 5.38,
            "gross_profit": 4157139,
            "gross_margin": 18.73,
            "net_income": 2220936,
            "revenue": 22192639,
            "common_shares": 18227499,
            "equity": 44024081,
            "current_ratio": 193.42,
            "debt_ratio": 43.66,
            "inventory_turnover_ratio": 2.8,
            "account_receivable_turnover_ratio": null,
            "reinvestment_rate": 35.05,
            "research_to_sale_ratio": null,
            "price_fair": 129.08,
            "eps_avg_yearly": 3.69,
            "eps_latest_yearly": 4.6,
            "eps_growth_yearly": 38.89
        },
        "20054": {
            "year_quarter": 20054,
            "year": 2005,
            "quarter": 4,
            "eps": 1.58,
            "eps_growth_year": 43.64,
            "eps_4q": 4.03,
            "eps_4q_growth_year": 1.84,
            "roe": 6.48,
            "gross_profit": 5205515,
            "gross_margin": 20.01,
            "net_income": 2959163,
            "revenue": 26012895,
            "common_shares": 18303815,
            "equity": 47273789,
            "current_ratio": 173.99,
            "debt_ratio": 42.24,
            "inventory_turnover_ratio": 3.02,
            "account_receivable_turnover_ratio": null,
            "reinvestment_rate": 12.21,
            "research_to_sale_ratio": null,
            "price_fair": 134.84,
            "eps_avg_yearly": 3.85,
            "eps_latest_yearly": 6.32,
            "eps_growth_yearly": 45.81
        },
        "20061": {
            "year_quarter": 20061,
            "year": 2006,
            "quarter": 1,
            "eps": 1.43,
            "eps_growth_year": 70.24,
            "eps_4q": 4.48,
            "eps_4q_growth_year": 31.19,
            "roe": 5.75,
            "gross_profit": 5023172,
            "gross_margin": 22.64,
            "net_income": 2819235,
            "revenue": 22190489,
            "common_shares": 18404224,
            "equity": 50778792,
            "current_ratio": 196.85,
            "debt_ratio": 37.5,
            "inventory_turnover_ratio": 2.53,
            "account_receivable_turnover_ratio": null,
            "reinvestment_rate": 36.16,
            "research_to_sale_ratio": null,
            "price_fair": 141.58,
            "eps_avg_yearly": 4.05,
            "eps_latest_yearly": 5.72,
            "eps_growth_yearly": 38.43
        },
        "20062": {
            "year_quarter": 20062,
            "year": 2006,
            "quarter": 2,
            "eps": 1.46,
            "eps_growth_year": 80.25,
            "eps_4q": 4.96,
            "eps_4q_growth_year": 50.82,
            "roe": 6.13,
            "gross_profit": 5559165,
            "gross_margin": 21.98,
            "net_income": 3034713,
            "revenue": 25293863,
            "common_shares": 19694450,
            "equity": 48233400,
            "current_ratio": 171.59,
            "debt_ratio": 42.46,
            "inventory_turnover_ratio": 2.96,
            "account_receivable_turnover_ratio": null,
            "reinvestment_rate": 37.27,
            "research_to_sale_ratio": null,
            "price_fair": 145.51,
            "eps_avg_yearly": 4.16,
            "eps_latest_yearly": 5.84,
            "eps_growth_yearly": 25.7
        },
        "20063": {
            "year_quarter": 20063,
            "year": 2006,
            "quarter": 3,
            "eps": 1.74,
            "eps_growth_year": 51.3,
            "eps_4q": 5.56,
            "eps_4q_growth_year": 65.47,
            "roe": 7.27,
            "gross_profit": 6120141,
            "gross_margin": 21.16,
            "net_income": 3668502,
            "revenue": 28921995,
            "common_shares": 19694450,
            "equity": 52669222,
            "current_ratio": 184.6,
            "debt_ratio": 40.03,
            "inventory_turnover_ratio": 3.1,
            "account_receivable_turnover_ratio": null,
            "reinvestment_rate": 37.81,
            "research_to_sale_ratio": null,
            "price_fair": 153.65,
            "eps_avg_yearly": 4.39,
            "eps_latest_yearly": 6.96,
            "eps_growth_yearly": 35.45
        },
        "20064": {
            "year_quarter": 20064,
            "year": 2006,
            "quarter": 4,
            "eps": 1.23,
            "eps_growth_year": -22.15,
            "eps_4q": 5,
            "eps_4q_growth_year": 23.96,
            "roe": 5.18,
            "gross_profit": 5804429,
            "gross_margin": 20.15,
            "net_income": 2787986,
            "revenue": 28809690,
            "common_shares": 19694450,
            "equity": 55064711,
            "current_ratio": 196.02,
            "debt_ratio": 38.21,
            "inventory_turnover_ratio": 2.88,
            "account_receivable_turnover_ratio": null,
            "reinvestment_rate": 11.66,
            "research_to_sale_ratio": null,
            "price_fair": 158.38,
            "eps_avg_yearly": 4.53,
            "eps_latest_yearly": 4.92,
            "eps_growth_yearly": 31.82
        },
        "20071": {
            "year_quarter": 20071,
            "year": 2007,
            "quarter": 1,
            "eps": 1.6,
            "eps_growth_year": 11.89,
            "eps_4q": 5.46,
            "eps_4q_growth_year": 21.89,
            "roe": 6.05,
            "gross_profit": 5917043,
            "gross_margin": 21.78,
            "net_income": 3475842,
            "revenue": 27170559,
            "common_shares": 19694450,
            "equity": 59831571,
            "current_ratio": 216.15,
            "debt_ratio": 35.16,
            "inventory_turnover_ratio": 2.69,
            "account_receivable_turnover_ratio": null,
            "reinvestment_rate": 37.36,
            "research_to_sale_ratio": null,
            "price_fair": 165.55,
            "eps_avg_yearly": 4.73,
            "eps_latest_yearly": 6.4,
            "eps_growth_yearly": 36.08
        },
        "20072": {
            "year_quarter": 20072,
            "year": 2007,
            "quarter": 2,
            "eps": 1.73,
            "eps_growth_year": 18.49,
            "eps_4q": 5.33,
            "eps_4q_growth_year": 7.49,
            "roe": 7.1,
            "gross_profit": 6823780,
            "gross_margin": 22.04,
            "net_income": 4100097,
            "revenue": 30956332,
            "common_shares": 19694450,
            "equity": 55736088,
            "current_ratio": 168.37,
            "debt_ratio": 44.36,
            "inventory_turnover_ratio": 3.14,
            "account_receivable_turnover_ratio": null,
            "reinvestment_rate": 36.35,
            "research_to_sale_ratio": null,
            "price_fair": 163.56,
            "eps_avg_yearly": 4.86,
            "eps_latest_yearly": 6.92,
            "eps_growth_yearly": 23.69
        },
        "20073": {
            "year_quarter": 20073,
            "year": 2007,
            "quarter": 3,
            "eps": 2.22,
            "eps_growth_year": 27.59,
            "eps_4q": 5.66,
            "eps_4q_growth_year": 1.92,
            "roe": 8.74,
            "gross_profit": 7699340,
            "gross_margin": 21.39,
            "net_income": 5449421,
            "revenue": 35991492,
            "common_shares": 21064173,
            "equity": 68914741,
            "current_ratio": 202.84,
            "debt_ratio": 39.21,
            "inventory_turnover_ratio": 3.25,
            "account_receivable_turnover_ratio": null,
            "reinvestment_rate": 16.8,
            "research_to_sale_ratio": null,
            "price_fair": 182.26,
            "eps_avg_yearly": 5.21,
            "eps_latest_yearly": 8.88,
            "eps_growth_yearly": 39.31
        },
        "20074": {
            "year_quarter": 20074,
            "year": 2007,
            "quarter": 4,
            "eps": 1.7,
            "eps_growth_year": 38.21,
            "eps_4q": 6.21,
            "eps_4q_growth_year": 24.26,
            "roe": 5.84,
            "gross_profit": 6963727,
            "gross_margin": 19.08,
            "net_income": 4121909,
            "revenue": 36495712,
            "common_shares": 21064173,
            "equity": 72365060,
            "current_ratio": 206.1,
            "debt_ratio": 38.63,
            "inventory_turnover_ratio": 2.97,
            "account_receivable_turnover_ratio": null,
            "reinvestment_rate": 18.91,
            "research_to_sale_ratio": null,
            "price_fair": 190.58,
            "eps_avg_yearly": 5.45,
            "eps_latest_yearly": 6.8,
            "eps_growth_yearly": 35.3
        },
        "20081": {
            "year_quarter": 20081,
            "year": 2008,
            "quarter": 1,
            "eps": 1.23,
            "eps_growth_year": -23.12,
            "eps_4q": 5.92,
            "eps_4q_growth_year": 8.44,
            "roe": 4.2,
            "gross_profit": 6239120,
            "gross_margin": 18.61,
            "net_income": 3010694,
            "revenue": 33519622,
            "common_shares": 21064173,
            "equity": 70997645,
            "current_ratio": 220.78,
            "debt_ratio": 39.21,
            "inventory_turnover_ratio": 2.75,
            "account_receivable_turnover_ratio": null,
            "reinvestment_rate": 19.26,
            "research_to_sale_ratio": null,
            "price_fair": 116.32,
            "eps_avg_yearly": 5.44,
            "eps_latest_yearly": 4.92,
            "eps_growth_yearly": 11.39
        },
        "20082": {
            "year_quarter": 20082,
            "year": 2008,
            "quarter": 2,
            "eps": 1.29,
            "eps_growth_year": -25.43,
            "eps_4q": 5.47,
            "eps_4q_growth_year": 2.6,
            "roe": 4.86,
            "gross_profit": 6334143,
            "gross_margin": 17.5,
            "net_income": 3228059,
            "revenue": 36198952,
            "common_shares": 21064173,
            "equity": 61910917,
            "current_ratio": 170.84,
            "debt_ratio": 48.96,
            "inventory_turnover_ratio": 2.89,
            "account_receivable_turnover_ratio": null,
            "reinvestment_rate": 21.01,
            "research_to_sale_ratio": null,
            "price_fair": 169.39,
            "eps_avg_yearly": 5.55,
            "eps_latest_yearly": 5.16,
            "eps_growth_yearly": 20.55
        },
        "20083": {
            "year_quarter": 20083,
            "year": 2008,
            "quarter": 3,
            "eps": 1.41,
            "eps_growth_year": -36.49,
            "eps_4q": 4.35,
            "eps_4q_growth_year": -23.15,
            "roe": 5.97,
            "gross_profit": 7605924,
            "gross_margin": 18.55,
            "net_income": 3916950,
            "revenue": 41007638,
            "common_shares": 21850456,
            "equity": 69382047,
            "current_ratio": 190.78,
            "debt_ratio": 43.86,
            "inventory_turnover_ratio": 3.04,
            "account_receivable_turnover_ratio": null,
            "reinvestment_rate": 22.45,
            "research_to_sale_ratio": null,
            "price_fair": 150.71,
            "eps_avg_yearly": 5.63,
            "eps_latest_yearly": 5.64,
            "eps_growth_yearly": 16.77
        },
        "20084": {
            "year_quarter": 20084,
            "year": 2008,
            "quarter": 4,
            "eps": 0.8,
            "eps_growth_year": -52.94,
            "eps_4q": 3.89,
            "eps_4q_growth_year": -37.34,
            "roe": 2.97,
            "gross_profit": 5538967,
            "gross_margin": 17.35,
            "net_income": 2107017,
            "revenue": 31918642,
            "common_shares": 21850456,
            "equity": 72588376,
            "current_ratio": 219.94,
            "debt_ratio": 38.25,
            "inventory_turnover_ratio": 2.58,
            "account_receivable_turnover_ratio": 2.57,
            "reinvestment_rate": 24.15,
            "research_to_sale_ratio": null,
            "price_fair": 84.73,
            "eps_avg_yearly": 5.56,
            "eps_latest_yearly": 3.2,
            "eps_growth_yearly": 5.25
        },
        "20091": {
            "year_quarter": 20091,
            "year": 2009,
            "quarter": 1,
            "eps": 0.78,
            "eps_growth_year": -36.59,
            "eps_4q": 3.49,
            "eps_4q_growth_year": -41.03,
            "roe": 2.79,
            "gross_profit": 4724451,
            "gross_margin": 18.46,
            "net_income": 2089761,
            "revenue": 25586994,
            "common_shares": 21850456,
            "equity": 77044511,
            "current_ratio": 259.21,
            "debt_ratio": 33.5,
            "inventory_turnover_ratio": 2.51,
            "account_receivable_turnover_ratio": 1.12,
            "reinvestment_rate": 23.21,
            "research_to_sale_ratio": null,
            "price_fair": 113.77,
            "eps_avg_yearly": 5.54,
            "eps_latest_yearly": 3.12,
            "eps_growth_yearly": 10.54
        },
        "20092": {
            "year_quarter": 20092,
            "year": 2009,
            "quarter": 2,
            "eps": 1.56,
            "eps_growth_year": 20.93,
            "eps_4q": 3.94,
            "eps_4q_growth_year": -27.96,
            "roe": 5.3,
            "gross_profit": 6201647,
            "gross_margin": 21.2,
            "net_income": 3961268,
            "revenue": 29250750,
            "common_shares": 21850456,
            "equity": 72520406,
            "current_ratio": 203.55,
            "debt_ratio": 40.24,
            "inventory_turnover_ratio": 3.08,
            "account_receivable_turnover_ratio": 1.29,
            "reinvestment_rate": 19.62,
            "research_to_sale_ratio": null,
            "price_fair": 200.46,
            "eps_avg_yearly": 5.73,
            "eps_latest_yearly": 6.24,
            "eps_growth_yearly": 36.43
        },
        "20093": {
            "year_quarter": 20093,
            "year": 2009,
            "quarter": 3,
            "eps": 1.6,
            "eps_growth_year": 13.48,
            "eps_4q": 4.12,
            "eps_4q_growth_year": -5.34,
            "roe": 5.68,
            "gross_profit": 7732739,
            "gross_margin": 22.55,
            "net_income": 4084908,
            "revenue": 34296593,
            "common_shares": 22535240,
            "equity": 71335336,
            "current_ratio": 187.56,
            "debt_ratio": 44.5,
            "inventory_turnover_ratio": 3.05,
            "account_receivable_turnover_ratio": 1.31,
            "reinvestment_rate": 17.6,
            "research_to_sale_ratio": null,
            "price_fair": 204.4,
            "eps_avg_yearly": 5.84,
            "eps_latest_yearly": 6.4,
            "eps_growth_yearly": 26.58
        },
        "20094": {
            "year_quarter": 20094,
            "year": 2009,
            "quarter": 4,
            "eps": 1.29,
            "eps_growth_year": 61.25,
            "eps_4q": 5.16,
            "eps_4q_growth_year": 32.69,
            "roe": 3.98,
            "gross_profit": 7708651,
            "gross_margin": 21.19,
            "net_income": 2932098,
            "revenue": 36376478,
            "common_shares": 22573091,
            "equity": 75844952,
            "current_ratio": 205.39,
            "debt_ratio": 43.36,
            "inventory_turnover_ratio": 2.93,
            "account_receivable_turnover_ratio": 2.57,
            "reinvestment_rate": 36.29,
            "research_to_sale_ratio": null,
            "price_fair": 129.1,
            "eps_avg_yearly": 5.77,
            "eps_latest_yearly": 5.16,
            "eps_growth_yearly": 12.38
        },
        "20101": {
            "year_quarter": 20101,
            "year": 2010,
            "quarter": 1,
            "eps": 1.3,
            "eps_growth_year": 66.67,
            "eps_4q": 5.41,
            "eps_4q_growth_year": 54.88,
            "roe": 3.98,
            "gross_profit": 6987331,
            "gross_margin": 20.88,
            "net_income": 3308416,
            "revenue": 33463453,
            "common_shares": 23834862,
            "equity": 90319616,
            "current_ratio": 204.21,
            "debt_ratio": 40.82,
            "inventory_turnover_ratio": 2.39,
            "account_receivable_turnover_ratio": 1.16,
            "reinvestment_rate": 40.86,
            "research_to_sale_ratio": 5.11,
            "price_fair": 143.1,
            "eps_avg_yearly": 5.74,
            "eps_latest_yearly": 5.2,
            "eps_growth_yearly": 14.95
        },
        "20102": {
            "year_quarter": 20102,
            "year": 2010,
            "quarter": 2,
            "eps": 2,
            "eps_growth_year": 27.92,
            "eps_4q": 5.95,
            "eps_4q_growth_year": 50.87,
            "roe": 6.04,
            "gross_profit": 9384914,
            "gross_margin": 21.86,
            "net_income": 5359150,
            "revenue": 42935478,
            "common_shares": 23845478,
            "equity": 86988539,
            "current_ratio": 175.62,
            "debt_ratio": 48.42,
            "inventory_turnover_ratio": 2.46,
            "account_receivable_turnover_ratio": 1.31,
            "reinvestment_rate": 40.32,
            "research_to_sale_ratio": 5.04,
            "price_fair": 205.45,
            "eps_avg_yearly": 5.87,
            "eps_latest_yearly": 8,
            "eps_growth_yearly": 27.89
        },
        "20103": {
            "year_quarter": 20103,
            "year": 2010,
            "quarter": 3,
            "eps": 1.95,
            "eps_growth_year": 21.9,
            "eps_4q": 6.38,
            "eps_4q_growth_year": 54.98,
            "roe": 6.25,
            "gross_profit": 10854660,
            "gross_margin": 22.16,
            "net_income": 5484660,
            "revenue": 48992702,
            "common_shares": 23899926,
            "equity": 88571268,
            "current_ratio": 182.45,
            "debt_ratio": 48.48,
            "inventory_turnover_ratio": 2.48,
            "account_receivable_turnover_ratio": 1.3,
            "reinvestment_rate": 39.69,
            "research_to_sale_ratio": 4.93,
            "price_fair": 192.3,
            "eps_avg_yearly": 5.92,
            "eps_latest_yearly": 7.8,
            "eps_growth_yearly": 22.47
        },
        "20104": {
            "year_quarter": 20104,
            "year": 2010,
            "quarter": 4,
            "eps": 1.41,
            "eps_growth_year": 9.65,
            "eps_4q": 6.58,
            "eps_4q_growth_year": 27.38,
            "roe": 4.24,
            "gross_profit": 9376651,
            "gross_margin": 20.42,
            "net_income": 3730299,
            "revenue": 45910820,
            "common_shares": 23947984,
            "equity": 87391993,
            "current_ratio": 194.46,
            "debt_ratio": 45.97,
            "inventory_turnover_ratio": 2.39,
            "account_receivable_turnover_ratio": 1.26,
            "reinvestment_rate": 38.81,
            "research_to_sale_ratio": 5.69,
            "price_fair": 196.18,
            "eps_avg_yearly": 5.97,
            "eps_latest_yearly": 5.64,
            "eps_growth_yearly": 22.87
        },
        "20111": {
            "year_quarter": 20111,
            "year": 2011,
            "quarter": 1,
            "eps": 1.3,
            "eps_growth_year": 0,
            "eps_4q": 6.63,
            "eps_4q_growth_year": 22.55,
            "roe": 3.97,
            "gross_profit": 8024641,
            "gross_margin": 19.94,
            "net_income": 3569022,
            "revenue": 40238515,
            "common_shares": 24010179,
            "equity": 92289810,
            "current_ratio": 195.49,
            "debt_ratio": 45.86,
            "inventory_turnover_ratio": 2.06,
            "account_receivable_turnover_ratio": 1.2,
            "reinvestment_rate": 42,
            "research_to_sale_ratio": 5.61,
            "price_fair": 137.9,
            "eps_avg_yearly": 5.89,
            "eps_latest_yearly": 5.2,
            "eps_growth_yearly": 13.4
        },
        "20112": {
            "year_quarter": 20112,
            "year": 2011,
            "quarter": 2,
            "eps": 1.07,
            "eps_growth_year": -46.6,
            "eps_4q": 5.71,
            "eps_4q_growth_year": -3.93,
            "roe": 3.35,
            "gross_profit": 8314038,
            "gross_margin": 19.03,
            "net_income": 2902969,
            "revenue": 43682638,
            "common_shares": 24019072,
            "equity": 81258844,
            "current_ratio": 157.04,
            "debt_ratio": 56.09,
            "inventory_turnover_ratio": 2.09,
            "account_receivable_turnover_ratio": 1.26,
            "reinvestment_rate": 49.36,
            "research_to_sale_ratio": 5.55,
            "price_fair": 97.07,
            "eps_avg_yearly": 5.73,
            "eps_latest_yearly": 4.28,
            "eps_growth_yearly": 6.95
        },
        "20113": {
            "year_quarter": 20113,
            "year": 2011,
            "quarter": 3,
            "eps": 1.19,
            "eps_growth_year": -39.12,
            "eps_4q": 4.96,
            "eps_4q_growth_year": -22.34,
            "roe": 3.61,
            "gross_profit": 8570401,
            "gross_margin": 19.24,
            "net_income": 3081033,
            "revenue": 44551993,
            "common_shares": 24031934,
            "equity": 89643770,
            "current_ratio": 182.71,
            "debt_ratio": 55.07,
            "inventory_turnover_ratio": 1.97,
            "account_receivable_turnover_ratio": 1.2,
            "reinvestment_rate": 58.74,
            "research_to_sale_ratio": 5.82,
            "price_fair": 69.31,
            "eps_avg_yearly": 5.47,
            "eps_latest_yearly": 4.76,
            "eps_growth_yearly": 2.67
        },
        "20114": {
            "year_quarter": 20114,
            "year": 2011,
            "quarter": 4,
            "eps": 1.03,
            "eps_growth_year": -27.53,
            "eps_4q": 4.57,
            "eps_4q_growth_year": -30.48,
            "roe": 2.65,
            "gross_profit": 7873264,
            "gross_margin": 18.06,
            "net_income": 2411633,
            "revenue": 43583165,
            "common_shares": 24033974,
            "equity": 92485669,
            "current_ratio": 189.09,
            "debt_ratio": 52.13,
            "inventory_turnover_ratio": 1.87,
            "account_receivable_turnover_ratio": 1.16,
            "reinvestment_rate": 59.38,
            "research_to_sale_ratio": 6.22,
            "price_fair": 80.42,
            "eps_avg_yearly": 5.3,
            "eps_latest_yearly": 4.12,
            "eps_growth_yearly": 5.17
        },
        "20121": {
            "year_quarter": 20121,
            "year": 2012,
            "quarter": 1,
            "eps": 1.52,
            "eps_growth_year": 16.92,
            "eps_4q": 4.79,
            "eps_4q_growth_year": -27.72,
            "roe": 4.06,
            "gross_profit": 8205265,
            "gross_margin": 20.49,
            "net_income": 3799525,
            "revenue": 40051236,
            "common_shares": 24061363,
            "equity": 94821203,
            "current_ratio": 184,
            "debt_ratio": 49.67,
            "inventory_turnover_ratio": 1.77,
            "account_receivable_turnover_ratio": 1.09,
            "reinvestment_rate": 65.97,
            "research_to_sale_ratio": 6.5,
            "price_fair": 182.6,
            "eps_avg_yearly": 5.38,
            "eps_latest_yearly": 6.08,
            "eps_growth_yearly": 23.97
        },
        "20122": {
            "year_quarter": 20122,
            "year": 2012,
            "quarter": 2,
            "eps": 1.66,
            "eps_growth_year": 55.74,
            "eps_4q": 5.38,
            "eps_4q_growth_year": -5.75,
            "roe": 4.85,
            "gross_profit": 10573649,
            "gross_margin": 23.01,
            "net_income": 4525074,
            "revenue": 45961512,
            "common_shares": 24087573,
            "equity": 91937137,
            "current_ratio": 171.62,
            "debt_ratio": 53.85,
            "inventory_turnover_ratio": 2.06,
            "account_receivable_turnover_ratio": 1.2,
            "reinvestment_rate": 63.26,
            "research_to_sale_ratio": 6.01,
            "price_fair": 191.36,
            "eps_avg_yearly": 5.47,
            "eps_latest_yearly": 6.64,
            "eps_growth_yearly": 25.05
        },
        "20123": {
            "year_quarter": 20123,
            "year": 2012,
            "quarter": 3,
            "eps": 1.95,
            "eps_growth_year": 64.01,
            "eps_4q": 6.13,
            "eps_4q_growth_year": 23.7,
            "roe": 5.32,
            "gross_profit": 11614298,
            "gross_margin": 24.45,
            "net_income": 4983968,
            "revenue": 47495873,
            "common_shares": 24170759,
            "equity": 95581150,
            "current_ratio": 182.11,
            "debt_ratio": 49.4,
            "inventory_turnover_ratio": 2.1,
            "account_receivable_turnover_ratio": 1.18,
            "reinvestment_rate": 57.38,
            "research_to_sale_ratio": 6.05,
            "price_fair": 196.09,
            "eps_avg_yearly": 5.6,
            "eps_latest_yearly": 7.8,
            "eps_growth_yearly": 27.1
        },
        "20124": {
            "year_quarter": 20124,
            "year": 2012,
            "quarter": 4,
            "eps": 1.55,
            "eps_growth_year": 51.07,
            "eps_4q": 6.65,
            "eps_4q_growth_year": 45.49,
            "roe": 4.01,
            "gross_profit": 11766941,
            "gross_margin": 30.76,
            "net_income": 3908921,
            "revenue": 38251303,
            "common_shares": 24211780,
            "equity": 99403826,
            "current_ratio": 207.67,
            "debt_ratio": 45.35,
            "inventory_turnover_ratio": 1.65,
            "account_receivable_turnover_ratio": 0.98,
            "reinvestment_rate": 42.53,
            "research_to_sale_ratio": 7.17,
            "price_fair": 202.65,
            "eps_avg_yearly": 5.79,
            "eps_latest_yearly": 6.2,
            "eps_growth_yearly": 32.78
        },
        "20131": {
            "year_quarter": 20131,
            "year": 2013,
            "quarter": 1,
            "eps": 1.73,
            "eps_growth_year": 13.82,
            "eps_4q": 6.86,
            "eps_4q_growth_year": 43.13,
            "roe": 4.07,
            "gross_profit": 9944077,
            "gross_margin": 25.61,
            "net_income": 4173956,
            "revenue": 38830600,
            "common_shares": 24260162,
            "equity": 105716662,
            "current_ratio": 199.53,
            "debt_ratio": 43.82,
            "inventory_turnover_ratio": 1.85,
            "account_receivable_turnover_ratio": 1.06,
            "reinvestment_rate": 43.03,
            "research_to_sale_ratio": 6.49,
            "price_fair": 210.96,
            "eps_avg_yearly": 6.03,
            "eps_latest_yearly": 6.92,
            "eps_growth_yearly": 36.31
        },
        "20132": {
            "year_quarter": 20132,
            "year": 2013,
            "quarter": 2,
            "eps": 1.78,
            "eps_growth_year": 7.26,
            "eps_4q": 6.99,
            "eps_4q_growth_year": 29.87,
            "roe": 4.73,
            "gross_profit": 10949029,
            "gross_margin": 25.2,
            "net_income": 4732859,
            "revenue": 43444097,
            "common_shares": 24273645,
            "equity": 94547637,
            "current_ratio": 164.07,
            "debt_ratio": 47.7,
            "inventory_turnover_ratio": 2.01,
            "account_receivable_turnover_ratio": 1.18,
            "reinvestment_rate": 48.02,
            "research_to_sale_ratio": 6.39,
            "price_fair": 134.02,
            "eps_avg_yearly": 6.08,
            "eps_latest_yearly": 7.12,
            "eps_growth_yearly": 12.03
        },
        "20133": {
            "year_quarter": 20133,
            "year": 2013,
            "quarter": 3,
            "eps": 1.86,
            "eps_growth_year": -4.49,
            "eps_4q": 6.91,
            "eps_4q_growth_year": 12.68,
            "roe": 5.03,
            "gross_profit": 11463324,
            "gross_margin": 24.84,
            "net_income": 4874010,
            "revenue": 46140469,
            "common_shares": 24303894,
            "equity": 99264768,
            "current_ratio": 212.14,
            "debt_ratio": 46.9,
            "inventory_turnover_ratio": 2.08,
            "account_receivable_turnover_ratio": 1.17,
            "reinvestment_rate": 48.06,
            "research_to_sale_ratio": 6.28,
            "price_fair": 138.42,
            "eps_avg_yearly": 6.15,
            "eps_latest_yearly": 7.44,
            "eps_growth_yearly": 12.52
        },
        "20134": {
            "year_quarter": 20134,
            "year": 2013,
            "quarter": 4,
            "eps": 1.94,
            "eps_growth_year": 25.33,
            "eps_4q": 7.29,
            "eps_4q_growth_year": 9.6,
            "roe": 5.07,
            "gross_profit": 12663500,
            "gross_margin": 26.04,
            "net_income": 5253571,
            "revenue": 48637956,
            "common_shares": 24375433,
            "equity": 107885630,
            "current_ratio": 213.08,
            "debt_ratio": 45.33,
            "inventory_turnover_ratio": 2.06,
            "account_receivable_turnover_ratio": 1.15,
            "reinvestment_rate": 33.23,
            "research_to_sale_ratio": 6.34,
            "price_fair": 179.43,
            "eps_avg_yearly": 6.31,
            "eps_latest_yearly": 7.76,
            "eps_growth_yearly": 18.44
        },
        "20141": {
            "year_quarter": 20141,
            "year": 2014,
            "quarter": 1,
            "eps": 1.87,
            "eps_growth_year": 8.09,
            "eps_4q": 7.45,
            "eps_4q_growth_year": 8.58,
            "roe": 4.46,
            "gross_profit": 11437384,
            "gross_margin": 26.58,
            "net_income": 4924335,
            "revenue": 43035596,
            "common_shares": 24375433,
            "equity": 113089215,
            "current_ratio": 197.88,
            "debt_ratio": 41.41,
            "inventory_turnover_ratio": 1.74,
            "account_receivable_turnover_ratio": 1.03,
            "reinvestment_rate": 24.73,
            "research_to_sale_ratio": 6.43,
            "price_fair": 176.41,
            "eps_avg_yearly": 6.45,
            "eps_latest_yearly": 7.48,
            "eps_growth_yearly": 17.34
        },
        "20142": {
            "year_quarter": 20142,
            "year": 2014,
            "quarter": 2,
            "eps": 2.16,
            "eps_growth_year": 21.35,
            "eps_4q": 7.83,
            "eps_4q_growth_year": 12.01,
            "roe": 5.34,
            "gross_profit": 13062860,
            "gross_margin": 27.43,
            "net_income": 5756758,
            "revenue": 47616288,
            "common_shares": 24375433,
            "equity": 102335675,
            "current_ratio": 169.58,
            "debt_ratio": 47.84,
            "inventory_turnover_ratio": 1.87,
            "account_receivable_turnover_ratio": 1.15,
            "reinvestment_rate": 22.02,
            "research_to_sale_ratio": 6.37,
            "price_fair": 115.28,
            "eps_avg_yearly": 6.49,
            "eps_latest_yearly": 8.64,
            "eps_growth_yearly": 7.76
        },
        "20143": {
            "year_quarter": 20143,
            "year": 2014,
            "quarter": 3,
            "eps": 2.4,
            "eps_growth_year": 29.03,
            "eps_4q": 8.37,
            "eps_4q_growth_year": 21.11,
            "roe": 5.92,
            "gross_profit": 13765756,
            "gross_margin": 27.28,
            "net_income": 6228162,
            "revenue": 50454895,
            "common_shares": 24375433,
            "equity": 108057506,
            "current_ratio": 208.78,
            "debt_ratio": 47.67,
            "inventory_turnover_ratio": 1.87,
            "account_receivable_turnover_ratio": 1.13,
            "reinvestment_rate": 20.6,
            "research_to_sale_ratio": 6.26,
            "price_fair": 139.75,
            "eps_avg_yearly": 6.61,
            "eps_latest_yearly": 9.6,
            "eps_growth_yearly": 11.16
        },
        "20144": {
            "year_quarter": 20144,
            "year": 2014,
            "quarter": 4,
            "eps": 2.06,
            "eps_growth_year": 6.3,
            "eps_4q": 8.49,
            "eps_4q_growth_year": 16.44,
            "roe": 4.83,
            "gross_profit": 13228538,
            "gross_margin": 26.71,
            "net_income": 5404116,
            "revenue": 49528341,
            "common_shares": 24375433,
            "equity": 115639077,
            "current_ratio": 228.76,
            "debt_ratio": 47.54,
            "inventory_turnover_ratio": 1.73,
            "account_receivable_turnover_ratio": 1.07,
            "reinvestment_rate": 21.82,
            "research_to_sale_ratio": 7.04,
            "price_fair": 166.07,
            "eps_avg_yearly": 6.77,
            "eps_latest_yearly": 8.24,
            "eps_growth_yearly": 14.54
        },
        "20151": {
            "year_quarter": 20151,
            "year": 2015,
            "quarter": 1,
            "eps": 1.59,
            "eps_growth_year": -14.97,
            "eps_4q": 8.2,
            "eps_4q_growth_year": 10.13,
            "roe": 3.68,
            "gross_profit": 11232238,
            "gross_margin": 26,
            "net_income": 4258167,
            "revenue": 43202985,
            "common_shares": 24375433,
            "equity": 115709708,
            "current_ratio": 219.38,
            "debt_ratio": 46.26,
            "inventory_turnover_ratio": 1.5,
            "account_receivable_turnover_ratio": 0.99,
            "reinvestment_rate": 16.44,
            "research_to_sale_ratio": 7.09,
            "price_fair": 142.18,
            "eps_avg_yearly": 6.84,
            "eps_latest_yearly": 6.36,
            "eps_growth_yearly": 10.79
        },
        "20152": {
            "year_quarter": 20152,
            "year": 2015,
            "quarter": 2,
            "eps": 1.55,
            "eps_growth_year": -28.24,
            "eps_4q": 7.6,
            "eps_4q_growth_year": -2.96,
            "roe": 3.89,
            "gross_profit": 13154445,
            "gross_margin": 26.99,
            "net_income": 4213408,
            "revenue": 48732287,
            "common_shares": 24375433,
            "equity": 101126081,
            "current_ratio": 156.74,
            "debt_ratio": 54.91,
            "inventory_turnover_ratio": 1.64,
            "account_receivable_turnover_ratio": 1.12,
            "reinvestment_rate": 11.53,
            "research_to_sale_ratio": 6.95,
            "price_fair": 171.08,
            "eps_avg_yearly": 6.96,
            "eps_latest_yearly": 6.2,
            "eps_growth_yearly": 14.58
        },
        "20153": {
            "year_quarter": 20153,
            "year": 2015,
            "quarter": 3,
            "eps": 2.42,
            "eps_growth_year": 0.83,
            "eps_4q": 7.62,
            "eps_4q_growth_year": -8.9,
            "roe": 6.08,
            "gross_profit": 15753016,
            "gross_margin": 28.18,
            "net_income": 6127529,
            "revenue": 55908144,
            "common_shares": 24375433,
            "equity": 100488590,
            "current_ratio": 169.01,
            "debt_ratio": 56.23,
            "inventory_turnover_ratio": 1.76,
            "account_receivable_turnover_ratio": 1.11,
            "reinvestment_rate": 11.21,
            "research_to_sale_ratio": 7.09,
            "price_fair": 254.36,
            "eps_avg_yearly": 7.27,
            "eps_latest_yearly": 9.68,
            "eps_growth_yearly": 25.81
        },
        "20154": {
            "year_quarter": 20154,
            "year": 2015,
            "quarter": 4,
            "eps": 1.99,
            "eps_growth_year": -3.76,
            "eps_4q": 7.2,
            "eps_4q_growth_year": -15.16,
            "roe": 4.59,
            "gross_profit": 15228966,
            "gross_margin": 27.39,
            "net_income": 5283270,
            "revenue": 55608245,
            "common_shares": 25975433,
            "equity": 129552809,
            "current_ratio": 173.08,
            "debt_ratio": 42.75,
            "inventory_turnover_ratio": 1.72,
            "account_receivable_turnover_ratio": 1.07,
            "reinvestment_rate": 12.76,
            "research_to_sale_ratio": 7.29,
            "price_fair": 260.72,
            "eps_avg_yearly": 7.51,
            "eps_latest_yearly": 7.96,
            "eps_growth_yearly": 24.73
        },
        "20161": {
            "year_quarter": 20161,
            "year": 2016,
            "quarter": 1,
            "eps": 1.5,
            "eps_growth_year": -5.66,
            "eps_4q": 7.21,
            "eps_4q_growth_year": -12.07,
            "roe": 3.1,
            "gross_profit": 12826595,
            "gross_margin": 26.94,
            "net_income": 4046315,
            "revenue": 47607216,
            "common_shares": 25975433,
            "equity": 131203909,
            "current_ratio": 187.37,
            "debt_ratio": 40.87,
            "inventory_turnover_ratio": 1.47,
            "account_receivable_turnover_ratio": 1.02,
            "reinvestment_rate": 6.19,
            "research_to_sale_ratio": 7.47,
            "price_fair": 125.13,
            "eps_avg_yearly": 7.5,
            "eps_latest_yearly": 6,
            "eps_growth_yearly": 6.68
        },
        "20162": {
            "year_quarter": 20162,
            "year": 2016,
            "quarter": 2,
            "eps": 1.65,
            "eps_growth_year": 6.45,
            "eps_4q": 7.4,
            "eps_4q_growth_year": -2.57,
            "roe": 3.46,
            "gross_profit": 14773326,
            "gross_margin": 28.05,
            "net_income": 4366382,
            "revenue": 52666047,
            "common_shares": 25975433,
            "equity": 121523225,
            "current_ratio": 154.54,
            "debt_ratio": 48.27,
            "inventory_turnover_ratio": 1.63,
            "account_receivable_turnover_ratio": 1.14,
            "reinvestment_rate": 4.14,
            "research_to_sale_ratio": 7.29,
            "price_fair": 126.57,
            "eps_avg_yearly": 7.5,
            "eps_latest_yearly": 6.6,
            "eps_growth_yearly": 6.88
        },
        "20163": {
            "year_quarter": 20163,
            "year": 2016,
            "quarter": 3,
            "eps": 2.18,
            "eps_growth_year": -9.92,
            "eps_4q": 7.32,
            "eps_4q_growth_year": -4.05,
            "roe": 4.71,
            "gross_profit": 16352345,
            "gross_margin": 28.65,
            "net_income": 5777361,
            "revenue": 57068020,
            "common_shares": 25975433,
            "equity": 123816995,
            "current_ratio": 182.49,
            "debt_ratio": 46.6,
            "inventory_turnover_ratio": 1.72,
            "account_receivable_turnover_ratio": 1.13,
            "reinvestment_rate": 4.37,
            "research_to_sale_ratio": 6.69,
            "price_fair": 155.23,
            "eps_avg_yearly": 7.56,
            "eps_latest_yearly": 8.72,
            "eps_growth_yearly": 10.54
        },
        "20164": {
            "year_quarter": 20164,
            "year": 2016,
            "quarter": 4,
            "eps": 1.91,
            "eps_growth_year": -4.01,
            "eps_4q": 7.24,
            "eps_4q_growth_year": 0.44,
            "roe": 4.01,
            "gross_profit": 15541465,
            "gross_margin": 27.26,
            "net_income": 5069924,
            "revenue": 57014288,
            "common_shares": 25975433,
            "equity": 129008866,
            "current_ratio": 170.31,
            "debt_ratio": 45.13,
            "inventory_turnover_ratio": 1.65,
            "account_receivable_turnover_ratio": 1.1,
            "reinvestment_rate": 13.67,
            "research_to_sale_ratio": 7.51,
            "price_fair": 172.61,
            "eps_avg_yearly": 7.65,
            "eps_latest_yearly": 7.64,
            "eps_growth_yearly": 12.57
        },
        "20171": {
            "year_quarter": 20171,
            "year": 2017,
            "quarter": 1,
            "eps": 1.51,
            "eps_growth_year": 0.67,
            "eps_4q": 7.25,
            "eps_4q_growth_year": 0.5,
            "roe": 3.1,
            "gross_profit": 13308754,
            "gross_margin": 27.2,
            "net_income": 3973686,
            "revenue": 48924659,
            "common_shares": 25975433,
            "equity": 127381910,
            "current_ratio": 185.95,
            "debt_ratio": 43.02,
            "inventory_turnover_ratio": 1.41,
            "account_receivable_turnover_ratio": 1.01,
            "reinvestment_rate": 8.91,
            "research_to_sale_ratio": 7.63,
            "price_fair": 109.58,
            "eps_avg_yearly": 7.59,
            "eps_latest_yearly": 6.04,
            "eps_growth_yearly": 4.43
        },
        "20172": {
            "year_quarter": 20172,
            "year": 2017,
            "quarter": 2,
            "eps": 1.63,
            "eps_growth_year": -1.21,
            "eps_4q": 7.23,
            "eps_4q_growth_year": -2.42,
            "roe": 3.48,
            "gross_profit": 14689587,
            "gross_margin": 27.47,
            "net_income": 4302850,
            "revenue": 53473330,
            "common_shares": 25975433,
            "equity": 119956093,
            "current_ratio": 151.62,
            "debt_ratio": 49.53,
            "inventory_turnover_ratio": 1.49,
            "account_receivable_turnover_ratio": 1.15,
            "reinvestment_rate": 9.31,
            "research_to_sale_ratio": 7.5,
            "price_fair": 118.59,
            "eps_avg_yearly": 7.56,
            "eps_latest_yearly": 6.52,
            "eps_growth_yearly": 5.7
        },
        "20173": {
            "year_quarter": 20173,
            "year": 2017,
            "quarter": 3,
            "eps": 2.1,
            "eps_growth_year": -3.67,
            "eps_4q": 7.15,
            "eps_4q_growth_year": -2.29,
            "roe": 4.53,
            "gross_profit": 16198338,
            "gross_margin": 27.08,
            "net_income": 5574808,
            "revenue": 59822476,
            "common_shares": 25975433,
            "equity": 126006387,
            "current_ratio": 175.25,
            "debt_ratio": 51.21,
            "inventory_turnover_ratio": 1.54,
            "account_receivable_turnover_ratio": 1.19,
            "reinvestment_rate": 9.85,
            "research_to_sale_ratio": 7.54,
            "price_fair": 165.87,
            "eps_avg_yearly": 7.62,
            "eps_latest_yearly": 8.4,
            "eps_growth_yearly": 11.78
        },
        "20174": {
            "year_quarter": 20174,
            "year": 2017,
            "quarter": 4,
            "eps": 1.83,
            "eps_growth_year": -3.81,
            "eps_4q": 7.08,
            "eps_4q_growth_year": -2.22,
            "roe": 3.78,
            "gross_profit": 16571595,
            "gross_margin": 27.01,
            "net_income": 4905608,
            "revenue": 61357049,
            "common_shares": 25975433,
            "equity": 133773474,
            "current_ratio": 165.55,
            "debt_ratio": 46.61,
            "inventory_turnover_ratio": 1.49,
            "account_receivable_turnover_ratio": 1.14,
            "reinvestment_rate": 8.57,
            "research_to_sale_ratio": 7.26,
            "price_fair": 132.72,
            "eps_avg_yearly": 7.59,
            "eps_latest_yearly": 7.32,
            "eps_growth_yearly": 7.49
        },
        "20181": {
            "year_quarter": 20181,
            "year": 2018,
            "quarter": 1,
            "eps": 1.07,
            "eps_growth_year": -29.14,
            "eps_4q": 6.64,
            "eps_4q_growth_year": -8.43,
            "roe": 2.13,
            "gross_profit": 13013817,
            "gross_margin": 25.58,
            "net_income": 2879122,
            "revenue": 50870024,
            "common_shares": 25975433,
            "equity": 136081158,
            "current_ratio": 174.46,
            "debt_ratio": 43.75,
            "inventory_turnover_ratio": 1.24,
            "account_receivable_turnover_ratio": 1.01,
            "reinvestment_rate": 7.37,
            "research_to_sale_ratio": 8.31,
            "price_fair": 22.16,
            "eps_avg_yearly": 7.39,
            "eps_latest_yearly": 4.28,
            "eps_growth_yearly": -1.99
        },
        "20182": {
            "year_quarter": 20182,
            "year": 2018,
            "quarter": 2,
            "eps": 1.26,
            "eps_growth_year": -22.7,
            "eps_4q": 6.27,
            "eps_4q_growth_year": -13.23,
            "roe": 2.58,
            "gross_profit": 14504343,
            "gross_margin": 25.05,
            "net_income": 3415796,
            "revenue": 57897107,
            "common_shares": 25975433,
            "equity": 128649077,
            "current_ratio": 157.13,
            "debt_ratio": 49,
            "inventory_turnover_ratio": 1.4,
            "account_receivable_turnover_ratio": 1.18,
            "reinvestment_rate": 10.57,
            "research_to_sale_ratio": 7.82,
            "price_fair": 21.49,
            "eps_avg_yearly": 7.16,
            "eps_latest_yearly": 5.04,
            "eps_growth_yearly": -1.43
        },
        "20183": {
            "year_quarter": 20183,
            "year": 2018,
            "quarter": 3,
            "eps": 2.35,
            "eps_growth_year": 11.9,
            "eps_4q": 6.51,
            "eps_4q_growth_year": -8.93,
            "roe": 4.76,
            "gross_profit": 17773906,
            "gross_margin": 27.94,
            "net_income": 6230637,
            "revenue": 63616800,
            "common_shares": 25975433,
            "equity": 133183179,
            "current_ratio": 182.36,
            "debt_ratio": 47.95,
            "inventory_turnover_ratio": 1.44,
            "account_receivable_turnover_ratio": 1.19,
            "reinvestment_rate": 10.16,
            "research_to_sale_ratio": 8.01,
            "price_fair": 196.07,
            "eps_avg_yearly": 7.15,
            "eps_latest_yearly": 9.4,
            "eps_growth_yearly": 17.42
        },
        "20184": {
            "year_quarter": 20184,
            "year": 2018,
            "quarter": 4,
            "eps": 2.33,
            "eps_growth_year": 26.91,
            "eps_4q": 7,
            "eps_4q_growth_year": -1.02,
            "roe": 4.49,
            "gross_profit": 18262321,
            "gross_margin": 28.26,
            "net_income": 6123029,
            "revenue": 64633878,
            "common_shares": 25975433,
            "equity": 139460908,
            "current_ratio": 195.1,
            "debt_ratio": 46.76,
            "inventory_turnover_ratio": 1.4,
            "account_receivable_turnover_ratio": 1.15,
            "reinvestment_rate": 8.73,
            "research_to_sale_ratio": 8.36,
            "price_fair": 221.95,
            "eps_avg_yearly": 7.22,
            "eps_latest_yearly": 9.32,
            "eps_growth_yearly": 20.75
        },
        "20191": {
            "year_quarter": 20191,
            "year": 2019,
            "quarter": 1,
            "eps": 1.3,
            "eps_growth_year": 21.5,
            "eps_4q": 7.23,
            "eps_4q_growth_year": 8.94,
            "roe": 2.43,
            "gross_profit": 14247553,
            "gross_margin": 26.33,
            "net_income": 3459161,
            "revenue": 54102227,
            "common_shares": 25975433,
            "equity": 144709270,
            "current_ratio": 211.27,
            "debt_ratio": 45.46,
            "inventory_turnover_ratio": 1.18,
            "account_receivable_turnover_ratio": 1.01,
            "reinvestment_rate": 13.54,
            "research_to_sale_ratio": 8.69,
            "price_fair": 181.51,
            "eps_avg_yearly": 7.15,
            "eps_latest_yearly": 5.2,
            "eps_growth_yearly": 15.4
        },
        "20192": {
            "year_quarter": 20192,
            "year": 2019,
            "quarter": 2,
            "eps": 3.67,
            "eps_growth_year": 191.27,
            "eps_4q": 9.64,
            "eps_4q_growth_year": 53.72,
            "roe": 6.27,
            "gross_profit": 19805964,
            "gross_margin": 26.99,
            "net_income": 10016530,
            "revenue": 73374101,
            "common_shares": 25975433,
            "equity": 174747911,
            "current_ratio": 162.47,
            "debt_ratio": 46.58,
            "inventory_turnover_ratio": 1.4,
            "account_receivable_turnover_ratio": 1.3,
            "reinvestment_rate": 18.19,
            "research_to_sale_ratio": 8.32,
            "price_fair": 268.63,
            "eps_avg_yearly": 7.68,
            "eps_latest_yearly": 14.68,
            "eps_growth_yearly": 61.61
        },
        "20193": {
            "year_quarter": 20193,
            "year": 2019,
            "quarter": 3,
            "eps": 1.97,
            "eps_growth_year": -16.17,
            "eps_4q": 9.27,
            "eps_4q_growth_year": 42.37,
            "roe": 3.03,
            "gross_profit": 20437831,
            "gross_margin": 28.2,
            "net_income": 5342855,
            "revenue": 72461809,
            "common_shares": 25975433,
            "equity": 177595957,
            "current_ratio": 184.84,
            "debt_ratio": 44.82,
            "inventory_turnover_ratio": 1.26,
            "account_receivable_turnover_ratio": 1.15,
            "reinvestment_rate": 12.32,
            "research_to_sale_ratio": 8.79,
            "price_fair": 264.69,
            "eps_avg_yearly": 7.56,
            "eps_latest_yearly": 7.88,
            "eps_growth_yearly": 36
        },
        "20194": {
            "year_quarter": 20194,
            "year": 2019,
            "quarter": 4,
            "eps": 1.96,
            "eps_growth_year": -15.86,
            "eps_4q": 8.9,
            "eps_4q_growth_year": 27.07,
            "roe": 2.9,
            "gross_profit": 20004797,
            "gross_margin": 29.34,
            "net_income": 5109210,
            "revenue": 68193260,
            "common_shares": 25975433,
            "equity": 174354442,
            "current_ratio": 172.13,
            "debt_ratio": 43.94,
            "inventory_turnover_ratio": 1.22,
            "account_receivable_turnover_ratio": 1.14,
            "reinvestment_rate": 11.04,
            "research_to_sale_ratio": 9.84,
            "price_fair": 264.43,
            "eps_avg_yearly": 7.56,
            "eps_latest_yearly": 7.84,
            "eps_growth_yearly": 40.31
        },
        "20201": {
            "year_quarter": 20201,
            "year": 2020,
            "quarter": 1,
            "eps": 0.8,
            "eps_growth_year": -38.46,
            "eps_4q": 8.4,
            "eps_4q_growth_year": 16.12,
            "roe": 1.29,
            "gross_profit": 14743727,
            "gross_margin": 26.48,
            "net_income": 2228069,
            "revenue": 55678341,
            "common_shares": 25975433,
            "equity": 172310373,
            "current_ratio": 175.12,
            "debt_ratio": 43.64,
            "inventory_turnover_ratio": 1.06,
            "account_receivable_turnover_ratio": 1.06,
            "reinvestment_rate": 12.58,
            "research_to_sale_ratio": 9.93,
            "price_fair": 258.3,
            "eps_avg_yearly": 7.38,
            "eps_latest_yearly": 3.2,
            "eps_growth_yearly": 31.67
        },
        "20202": {
            "year_quarter": 20202,
            "year": 2020,
            "quarter": 2,
            "eps": 2.92,
            "eps_growth_year": -20.44,
            "eps_4q": 7.65,
            "eps_4q_growth_year": -20.6,
            "roe": 4.8,
            "gross_profit": 23234308,
            "gross_margin": 32.87,
            "net_income": 8121261,
            "revenue": 70694451,
            "common_shares": 25975433,
            "equity": 165819092,
            "current_ratio": 158.13,
            "debt_ratio": 48.22,
            "inventory_turnover_ratio": 1.16,
            "account_receivable_turnover_ratio": 1.34,
            "reinvestment_rate": 15.51,
            "research_to_sale_ratio": 9.18,
            "price_fair": 269.41,
            "eps_avg_yearly": 7.7,
            "eps_latest_yearly": 11.68,
            "eps_growth_yearly": 95.42
        },
        "20203": {
            "year_quarter": 20203,
            "year": 2020,
            "quarter": 3,
            "eps": 3.23,
            "eps_growth_year": 63.96,
            "eps_4q": 8.91,
            "eps_4q_growth_year": -3.89,
            "roe": 5.38,
            "gross_profit": 24814734,
            "gross_margin": 31.94,
            "net_income": 9114085,
            "revenue": 77679681,
            "common_shares": 25975433,
            "equity": 173037641,
            "current_ratio": 191.96,
            "debt_ratio": 47.29,
            "inventory_turnover_ratio": 1.21,
            "account_receivable_turnover_ratio": 1.3,
            "reinvestment_rate": 17.02,
            "research_to_sale_ratio": 8.57,
            "price_fair": 278.6,
            "eps_avg_yearly": 7.96,
            "eps_latest_yearly": 12.92,
            "eps_growth_yearly": 90.05
        },
        "20204": {
            "year_quarter": 20204,
            "year": 2020,
            "quarter": 4,
            "eps": 2.86,
            "eps_growth_year": 46.1,
            "eps_4q": 9.81,
            "eps_4q_growth_year": 10.24,
            "roe": 4.51,
            "gross_profit": 24419609,
            "gross_margin": 31.09,
            "net_income": 7920924,
            "revenue": 78553020,
            "common_shares": 25975433,
            "equity": 178589641,
            "current_ratio": 186,
            "debt_ratio": 46.91,
            "inventory_turnover_ratio": 1.22,
            "account_receivable_turnover_ratio": 1.25,
            "reinvestment_rate": 19.08,
            "research_to_sale_ratio": 8.67,
            "price_fair": 286.91,
            "eps_avg_yearly": 8.2,
            "eps_latest_yearly": 11.44,
            "eps_growth_yearly": 90.28
        },
        "20211": {
            "year_quarter": 20211,
            "year": 2021,
            "quarter": 1,
            "eps": 2.53,
            "eps_growth_year": 216.25,
            "eps_4q": 11.55,
            "eps_4q_growth_year": 37.53,
            "roe": 3.87,
            "gross_profit": 21607221,
            "gross_margin": 29.81,
            "net_income": 7043295,
            "revenue": 72485283,
            "common_shares": 25975433,
            "equity": 185734898,
            "current_ratio": 184.77,
            "debt_ratio": 45.98,
            "inventory_turnover_ratio": 1.08,
            "account_receivable_turnover_ratio": 1.17,
            "reinvestment_rate": 24.3,
            "research_to_sale_ratio": 8.92,
            "price_fair": 295.84,
            "eps_avg_yearly": 8.45,
            "eps_latest_yearly": 10.12,
            "eps_growth_yearly": 92.63
        },
        "20212": {
            "year_quarter": 20212,
            "year": 2021,
            "quarter": 2,
            "eps": 2.92,
            "eps_growth_year": 0,
            "eps_4q": 11.55,
            "eps_4q_growth_year": 50.85,
            "roe": 4.47,
            "gross_profit": 23679865,
            "gross_margin": 30.06,
            "net_income": 8063477,
            "revenue": 78769884,
            "common_shares": 25975433,
            "equity": 175232427,
            "current_ratio": 164.59,
            "debt_ratio": 50.06,
            "inventory_turnover_ratio": 1.05,
            "account_receivable_turnover_ratio": 1.27,
            "reinvestment_rate": 21.78,
            "research_to_sale_ratio": 8.85,
            "price_fair": 307.13,
            "eps_avg_yearly": 8.78,
            "eps_latest_yearly": 11.68,
            "eps_growth_yearly": 94.5
        },
        "20213": {
            "year_quarter": 20213,
            "year": 2021,
            "quarter": 3,
            "eps": 2.45,
            "eps_growth_year": -24.15,
            "eps_4q": 10.77,
            "eps_4q_growth_year": 20.87,
            "roe": 3.71,
            "gross_profit": 22543598,
            "gross_margin": 28.3,
            "net_income": 6597820,
            "revenue": 79646172,
            "common_shares": 25975433,
            "equity": 180078293,
            "current_ratio": 185.53,
            "debt_ratio": 49.36,
            "inventory_turnover_ratio": 0.97,
            "account_receivable_turnover_ratio": 1.24,
            "reinvestment_rate": 23.16,
            "research_to_sale_ratio": 8.65,
            "price_fair": 310.19,
            "eps_avg_yearly": 8.86,
            "eps_latest_yearly": 9.8,
            "eps_growth_yearly": 83.26
        },
        "20214": {
            "year_quarter": 20214,
            "year": 2021,
            "quarter": 4,
            "eps": 2.41,
            "eps_growth_year": -15.79,
            "eps_4q": 10.32,
            "eps_4q_growth_year": 5.14,
            "roe": 3.71,
            "gross_profit": 22378767,
            "gross_margin": 26.71,
            "net_income": 6794641,
            "revenue": 83769457,
            "common_shares": 25975433,
            "equity": 186124658,
            "current_ratio": 182.01,
            "debt_ratio": 49.02,
            "inventory_turnover_ratio": 0.96,
            "account_receivable_turnover_ratio": 1.23,
            "reinvestment_rate": 22.85,
            "research_to_sale_ratio": 8.21,
            "price_fair": 315.26,
            "eps_avg_yearly": 9.01,
            "eps_latest_yearly": 9.64,
            "eps_growth_yearly": 86.07
        },
        "20221": {
            "year_quarter": 20221,
            "year": 2022,
            "quarter": 1,
            "eps": 2.33,
            "eps_growth_year": -7.91,
            "eps_4q": 10.12,
            "eps_4q_growth_year": -12.41,
            "roe": 3.54,
            "gross_profit": 22512556,
            "gross_margin": 27.28,
            "net_income": 6830790,
            "revenue": 82538075,
            "common_shares": 25975433,
            "equity": 199853204,
            "current_ratio": 194.6,
            "debt_ratio": 46.59,
            "inventory_turnover_ratio": 0.9,
            "account_receivable_turnover_ratio": 1.16,
            "reinvestment_rate": 27.57,
            "research_to_sale_ratio": 8.32,
            "price_fair": 326.29,
            "eps_avg_yearly": 9.32,
            "eps_latest_yearly": 9.32,
            "eps_growth_yearly": 95.62
        },
        "20222": {
            "year_quarter": 20222,
            "year": 2022,
            "quarter": 2,
            "eps": 2.94,
            "eps_growth_year": 0.68,
            "eps_4q": 10.13,
            "eps_4q_growth_year": -12.26,
            "roe": 4.46,
            "gross_profit": 26470173,
            "gross_margin": 29.41,
            "net_income": 8841522,
            "revenue": 89996793,
            "common_shares": 25975433,
            "equity": 197034555,
            "current_ratio": 177.63,
            "debt_ratio": 49.98,
            "inventory_turnover_ratio": 0.92,
            "account_receivable_turnover_ratio": 1.23,
            "reinvestment_rate": 25.48,
            "research_to_sale_ratio": 8.55,
            "price_fair": 340.99,
            "eps_avg_yearly": 9.74,
            "eps_latest_yearly": 11.76,
            "eps_growth_yearly": 97.73
        },
        "20223": {
            "year_quarter": 20223,
            "year": 2022,
            "quarter": 3,
            "eps": 4.26,
            "eps_growth_year": 73.88,
            "eps_4q": 11.94,
            "eps_4q_growth_year": 10.88,
            "roe": 5.87,
            "gross_profit": 32177330,
            "gross_margin": 30.29,
            "net_income": 12221770,
            "revenue": 106248153,
            "common_shares": 25975433,
            "equity": 219234866,
            "current_ratio": 198.34,
            "debt_ratio": 48.81,
            "inventory_turnover_ratio": 0.99,
            "account_receivable_turnover_ratio": 1.3,
            "reinvestment_rate": 28.08,
            "research_to_sale_ratio": 7.99,
            "price_fair": 357.7,
            "eps_avg_yearly": 10.22,
            "eps_latest_yearly": 17.04,
            "eps_growth_yearly": 87.33
        },
        "20224": {
            "year_quarter": 20224,
            "year": 2022,
            "quarter": 4,
            "eps": 3.05,
            "eps_growth_year": 26.41,
            "eps_4q": 12.58,
            "eps_4q_growth_year": 21.9,
            "roe": 4.09,
            "gross_profit": 29612504,
            "gross_margin": 28.03,
            "net_income": 9096656,
            "revenue": 105660287,
            "common_shares": 25975433,
            "equity": 225367185,
            "current_ratio": 192.34,
            "debt_ratio": 47.08,
            "inventory_turnover_ratio": 0.96,
            "account_receivable_turnover_ratio": 1.2,
            "reinvestment_rate": 28.61,
            "research_to_sale_ratio": 8.26,
            "price_fair": 364,
            "eps_avg_yearly": 10.4,
            "eps_latest_yearly": 12.2,
            "eps_growth_yearly": 80.44
        },
        "20231": {
            "year_quarter": 20231,
            "year": 2023,
            "quarter": 1,
            "eps": 2.66,
            "eps_growth_year": 14.16,
            "eps_4q": 12.9,
            "eps_4q_growth_year": 27.56,
            "roe": 3.47,
            "gross_profit": 25567704,
            "gross_margin": 27.53,
            "net_income": 7971081,
            "revenue": 92859244,
            "common_shares": 25975433,
            "equity": 233838979,
            "current_ratio": 203.39,
            "debt_ratio": 45.19,
            "inventory_turnover_ratio": 0.84,
            "account_receivable_turnover_ratio": 1.14,
            "reinvestment_rate": 27.6,
            "research_to_sale_ratio": 8.26,
            "price_fair": 375.9,
            "eps_avg_yearly": 10.74,
            "eps_latest_yearly": 10.64,
            "eps_growth_yearly": 88.29
        }
    },
    "months": {
        "2001-06": {
            "month": "2001-06",
            "price": "83.05",
            "revenue": 2114516
        },
        "2001-07": {
            "month": "2001-07",
            "price": "64.48",
            "revenue": 1961884
        },
        "2001-08": {
            "month": "2001-08",
            "price": "60.91",
            "revenue": 1950840
        },
        "2001-09": {
            "month": "2001-09",
            "price": "41.41",
            "revenue": 2258139
        },
        "2001-10": {
            "month": "2001-10",
            "price": "37.32",
            "revenue": 1880749
        },
        "2001-11": {
            "month": "2001-11",
            "price": "44.48",
            "revenue": 2427220
        },
        "2001-12": {
            "month": "2001-12",
            "price": "59.35",
            "revenue": 1854526
        },
        "2002-01": {
            "month": "2002-01",
            "price": "62.32",
            "revenue": 1992252
        },
        "2002-02": {
            "month": "2002-02",
            "price": "58.04",
            "revenue": 1634328
        },
        "2002-03": {
            "month": "2002-03",
            "price": "57.74",
            "revenue": 2086174
        },
        "2002-04": {
            "month": "2002-04",
            "price": "61.95",
            "revenue": 2359125
        },
        "2002-05": {
            "month": "2002-05",
            "price": "60.02",
            "revenue": 1974963
        },
        "2002-06": {
            "month": "2002-06",
            "price": "54.14",
            "revenue": 1938761
        },
        "2002-07": {
            "month": "2002-07",
            "price": "45.93",
            "revenue": 1977955
        },
        "2002-08": {
            "month": "2002-08",
            "price": "49.88",
            "revenue": 2970694
        },
        "2002-09": {
            "month": "2002-09",
            "price": "46.32",
            "revenue": 3854893
        },
        "2002-10": {
            "month": "2002-10",
            "price": "43.58",
            "revenue": 3998723
        },
        "2002-11": {
            "month": "2002-11",
            "price": "46.07",
            "revenue": 3968027
        },
        "2002-12": {
            "month": "2002-12",
            "price": "43.28",
            "revenue": 3280755
        },
        "2003-01": {
            "month": "2003-01",
            "price": "42.09",
            "revenue": 3931901
        },
        "2003-02": {
            "month": "2003-02",
            "price": "38.53",
            "revenue": 2973280
        },
        "2003-03": {
            "month": "2003-03",
            "price": "37.56",
            "revenue": 3479026
        },
        "2003-04": {
            "month": "2003-04",
            "price": "40.44",
            "revenue": 3285838
        },
        "2003-05": {
            "month": "2003-05",
            "price": "43.01",
            "revenue": 3142790
        },
        "2003-06": {
            "month": "2003-06",
            "price": "45.24",
            "revenue": 3427958
        },
        "2003-07": {
            "month": "2003-07",
            "price": "44.86",
            "revenue": 3330751
        },
        "2003-08": {
            "month": "2003-08",
            "price": "47.35",
            "revenue": 3193232
        },
        "2003-09": {
            "month": "2003-09",
            "price": "43.96",
            "revenue": 3364585
        },
        "2003-10": {
            "month": "2003-10",
            "price": "44.75",
            "revenue": 3585966
        },
        "2003-11": {
            "month": "2003-11",
            "price": "44.42",
            "revenue": 3519544
        },
        "2003-12": {
            "month": "2003-12",
            "price": "43.73",
            "revenue": 3365526
        },
        "2004-01": {
            "month": "2004-01",
            "price": "44.63",
            "revenue": 2650239
        },
        "2004-02": {
            "month": "2004-02",
            "price": "44.54",
            "revenue": 3044730
        },
        "2004-03": {
            "month": "2004-03",
            "price": "43.43",
            "revenue": 3535791
        },
        "2004-04": {
            "month": "2004-04",
            "price": "42.19",
            "revenue": 3603786
        },
        "2004-05": {
            "month": "2004-05",
            "price": "44.40",
            "revenue": 3346250
        },
        "2004-06": {
            "month": "2004-06",
            "price": "44.08",
            "revenue": 3505355
        },
        "2004-07": {
            "month": "2004-07",
            "price": "41.20",
            "revenue": 3722803
        },
        "2004-08": {
            "month": "2004-08",
            "price": "42.62",
            "revenue": 4406737
        },
        "2004-09": {
            "month": "2004-09",
            "price": "45.60",
            "revenue": 4624699
        },
        "2004-10": {
            "month": "2004-10",
            "price": "49.50",
            "revenue": 4526105
        },
        "2004-11": {
            "month": "2004-11",
            "price": "51.34",
            "revenue": 4889145
        },
        "2004-12": {
            "month": "2004-12",
            "price": "52.67",
            "revenue": 4560053
        },
        "2005-01": {
            "month": "2005-01",
            "price": "51.93",
            "revenue": 4628243
        },
        "2005-02": {
            "month": "2005-02",
            "price": "53.38",
            "revenue": 3357147
        },
        "2005-03": {
            "month": "2005-03",
            "price": "51.65",
            "revenue": 4551153
        },
        "2005-04": {
            "month": "2005-04",
            "price": "50.36",
            "revenue": 4660543
        },
        "2005-05": {
            "month": "2005-05",
            "price": "51.23",
            "revenue": 4476766
        },
        "2005-06": {
            "month": "2005-06",
            "price": "50.95",
            "revenue": 5088304
        },
        "2005-07": {
            "month": "2005-07",
            "price": "53.33",
            "revenue": 6310932
        },
        "2005-08": {
            "month": "2005-08",
            "price": "58.32",
            "revenue": 7413596
        },
        "2005-09": {
            "month": "2005-09",
            "price": "55.24",
            "revenue": 8476799
        },
        "2005-10": {
            "month": "2005-10",
            "price": "56.02",
            "revenue": 8730205
        },
        "2005-11": {
            "month": "2005-11",
            "price": "60.67",
            "revenue": 9135014
        },
        "2005-12": {
            "month": "2005-12",
            "price": "67.21",
            "revenue": 8145429
        },
        "2006-01": {
            "month": "2006-01",
            "price": "68.17",
            "revenue": 6955972
        },
        "2006-02": {
            "month": "2006-02",
            "price": "68.08",
            "revenue": 6929592
        },
        "2006-03": {
            "month": "2006-03",
            "price": "76.87",
            "revenue": 8305079
        },
        "2006-04": {
            "month": "2006-04",
            "price": "84.49",
            "revenue": 8069749
        },
        "2006-05": {
            "month": "2006-05",
            "price": "96.90",
            "revenue": 8141484
        },
        "2006-06": {
            "month": "2006-06",
            "price": "86.50",
            "revenue": 9082488
        },
        "2006-07": {
            "month": "2006-07",
            "price": "88.39",
            "revenue": 8741740
        },
        "2006-08": {
            "month": "2006-08",
            "price": "91.90",
            "revenue": 9788860
        },
        "2006-09": {
            "month": "2006-09",
            "price": "94.60",
            "revenue": 10391456
        },
        "2006-10": {
            "month": "2006-10",
            "price": "95.56",
            "revenue": 10001433
        },
        "2006-11": {
            "month": "2006-11",
            "price": "95.80",
            "revenue": 9817600
        },
        "2006-12": {
            "month": "2006-12",
            "price": "103.59",
            "revenue": 8990935
        },
        "2007-01": {
            "month": "2007-01",
            "price": "109.39",
            "revenue": 9412759
        },
        "2007-02": {
            "month": "2007-02",
            "price": "105.12",
            "revenue": 7411459
        },
        "2007-03": {
            "month": "2007-03",
            "price": "102.02",
            "revenue": 10345197
        },
        "2007-04": {
            "month": "2007-04",
            "price": "104.30",
            "revenue": 10601526
        },
        "2007-05": {
            "month": "2007-05",
            "price": "112.27",
            "revenue": 10085953
        },
        "2007-06": {
            "month": "2007-06",
            "price": "121.72",
            "revenue": 10712592
        },
        "2007-07": {
            "month": "2007-07",
            "price": "124.41",
            "revenue": 11106354
        },
        "2007-08": {
            "month": "2007-08",
            "price": "118.87",
            "revenue": 12635248
        },
        "2007-09": {
            "month": "2007-09",
            "price": "124.92",
            "revenue": 12563055
        },
        "2007-10": {
            "month": "2007-10",
            "price": "128.50",
            "revenue": 12703698
        },
        "2007-11": {
            "month": "2007-11",
            "price": "116.80",
            "revenue": 12636675
        },
        "2007-12": {
            "month": "2007-12",
            "price": "106.79",
            "revenue": 11341053
        },
        "2008-01": {
            "month": "2008-01",
            "price": "86.79",
            "revenue": 12333358
        },
        "2008-02": {
            "month": "2008-02",
            "price": "84.96",
            "revenue": 9170142
        },
        "2008-03": {
            "month": "2008-03",
            "price": "85.80",
            "revenue": 12015804
        },
        "2008-04": {
            "month": "2008-04",
            "price": "92.40",
            "revenue": 11795876
        },
        "2008-05": {
            "month": "2008-05",
            "price": "90.35",
            "revenue": 12272865
        },
        "2008-06": {
            "month": "2008-06",
            "price": "86.12",
            "revenue": 12130406
        },
        "2008-07": {
            "month": "2008-07",
            "price": "79.74",
            "revenue": 13448988
        },
        "2008-08": {
            "month": "2008-08",
            "price": "84.00",
            "revenue": 13669591
        },
        "2008-09": {
            "month": "2008-09",
            "price": "80.96",
            "revenue": 13889107
        },
        "2008-10": {
            "month": "2008-10",
            "price": "75.89",
            "revenue": 12936990
        },
        "2008-11": {
            "month": "2008-11",
            "price": "64.97",
            "revenue": 10774662
        },
        "2008-12": {
            "month": "2008-12",
            "price": "61.75",
            "revenue": 8207441
        },
        "2009-01": {
            "month": "2009-01",
            "price": "62.45",
            "revenue": 7965358
        },
        "2009-02": {
            "month": "2009-02",
            "price": "54.28",
            "revenue": 7820294
        },
        "2009-03": {
            "month": "2009-03",
            "price": "58.31",
            "revenue": 9801848
        },
        "2009-04": {
            "month": "2009-04",
            "price": "65.34",
            "revenue": 9726811
        },
        "2009-05": {
            "month": "2009-05",
            "price": "76.72",
            "revenue": 9395128
        },
        "2009-06": {
            "month": "2009-06",
            "price": "72.68",
            "revenue": 10128552
        },
        "2009-07": {
            "month": "2009-07",
            "price": "78.76",
            "revenue": 10578189
        },
        "2009-08": {
            "month": "2009-08",
            "price": "85.60",
            "revenue": 11152444
        },
        "2009-09": {
            "month": "2009-09",
            "price": "91.81",
            "revenue": 12571295
        },
        "2009-10": {
            "month": "2009-10",
            "price": "92.64",
            "revenue": 11768133
        },
        "2009-11": {
            "month": "2009-11",
            "price": "89.36",
            "revenue": 12207934
        },
        "2009-12": {
            "month": "2009-12",
            "price": "94.40",
            "revenue": 12400142
        },
        "2010-01": {
            "month": "2010-01",
            "price": "97.16",
            "revenue": 11818598
        },
        "2010-02": {
            "month": "2010-02",
            "price": "93.90",
            "revenue": 9221352
        },
        "2010-03": {
            "month": "2010-03",
            "price": "98.06",
            "revenue": 12428426
        },
        "2010-04": {
            "month": "2010-04",
            "price": "102.21",
            "revenue": 13968884
        },
        "2010-05": {
            "month": "2010-05",
            "price": "99.72",
            "revenue": 13938001
        },
        "2010-06": {
            "month": "2010-06",
            "price": "101.11",
            "revenue": 14977082
        },
        "2010-07": {
            "month": "2010-07",
            "price": "111.66",
            "revenue": 16161426
        },
        "2010-08": {
            "month": "2010-08",
            "price": "113.55",
            "revenue": 16266742
        },
        "2010-09": {
            "month": "2010-09",
            "price": "125.57",
            "revenue": 16605243
        },
        "2010-10": {
            "month": "2010-10",
            "price": "128.10",
            "revenue": 15276800
        },
        "2010-11": {
            "month": "2010-11",
            "price": "131.59",
            "revenue": 16102014
        },
        "2010-12": {
            "month": "2010-12",
            "price": "138.93",
            "revenue": 14535198
        },
        "2011-01": {
            "month": "2011-01",
            "price": "137.48",
            "revenue": 13817382
        },
        "2011-02": {
            "month": "2011-02",
            "price": "124.54",
            "revenue": 11095652
        },
        "2011-03": {
            "month": "2011-03",
            "price": "123.83",
            "revenue": 15325477
        },
        "2011-04": {
            "month": "2011-04",
            "price": "128.53",
            "revenue": 14257327
        },
        "2011-05": {
            "month": "2011-05",
            "price": "119.83",
            "revenue": 14364071
        },
        "2011-06": {
            "month": "2011-06",
            "price": "106.79",
            "revenue": 15061581
        },
        "2011-07": {
            "month": "2011-07",
            "price": "104.95",
            "revenue": 14482043
        },
        "2011-08": {
            "month": "2011-08",
            "price": "85.54",
            "revenue": 15349915
        },
        "2011-09": {
            "month": "2011-09",
            "price": "77.98",
            "revenue": 14715120
        },
        "2011-10": {
            "month": "2011-10",
            "price": "71.58",
            "revenue": 15188162
        },
        "2011-11": {
            "month": "2011-11",
            "price": "69.93",
            "revenue": 14958750
        },
        "2011-12": {
            "month": "2011-12",
            "price": "66.73",
            "revenue": 13443954
        },
        "2012-01": {
            "month": "2012-01",
            "price": "75.54",
            "revenue": 12061347
        },
        "2012-02": {
            "month": "2012-02",
            "price": "79.68",
            "revenue": 12769677
        },
        "2012-03": {
            "month": "2012-03",
            "price": "85.07",
            "revenue": 15219576
        },
        "2012-04": {
            "month": "2012-04",
            "price": "87.00",
            "revenue": 14707567
        },
        "2012-05": {
            "month": "2012-05",
            "price": "90.07",
            "revenue": 15609729
        },
        "2012-06": {
            "month": "2012-06",
            "price": "86.05",
            "revenue": 15645713
        },
        "2012-07": {
            "month": "2012-07",
            "price": "94.67",
            "revenue": 16050513
        },
        "2012-08": {
            "month": "2012-08",
            "price": "101.85",
            "revenue": 16246202
        },
        "2012-09": {
            "month": "2012-09",
            "price": "111.02",
            "revenue": 15197701
        },
        "2012-10": {
            "month": "2012-10",
            "price": "104.67",
            "revenue": 14389417
        },
        "2012-11": {
            "month": "2012-11",
            "price": "104.64",
            "revenue": 14674452
        },
        "2012-12": {
            "month": "2012-12",
            "price": "106.24",
            "revenue": 13432026
        },
        "2013-01": {
            "month": "2013-01",
            "price": "105.55",
            "revenue": 14401434
        },
        "2013-02": {
            "month": "2013-02",
            "price": "110.15",
            "revenue": 10339773
        },
        "2013-03": {
            "month": "2013-03",
            "price": "117.95",
            "revenue": 14093906
        },
        "2013-04": {
            "month": "2013-04",
            "price": "134.18",
            "revenue": 14387001
        },
        "2013-05": {
            "month": "2013-05",
            "price": "145.18",
            "revenue": 14880079
        },
        "2013-06": {
            "month": "2013-06",
            "price": "137.63",
            "revenue": 14172504
        },
        "2013-07": {
            "month": "2013-07",
            "price": "144.59",
            "revenue": 14765827
        },
        "2013-08": {
            "month": "2013-08",
            "price": "135.33",
            "revenue": 15411305
        },
        "2013-09": {
            "month": "2013-09",
            "price": "138.60",
            "revenue": 15963337
        },
        "2013-10": {
            "month": "2013-10",
            "price": "148.43",
            "revenue": 16186071
        },
        "2013-11": {
            "month": "2013-11",
            "price": "148.67",
            "revenue": 16213524
        },
        "2013-12": {
            "month": "2013-12",
            "price": "161.64",
            "revenue": 16238361
        },
        "2014-01": {
            "month": "2014-01",
            "price": "167.03",
            "revenue": 14743548
        },
        "2014-02": {
            "month": "2014-02",
            "price": "163.00",
            "revenue": 12939436
        },
        "2014-03": {
            "month": "2014-03",
            "price": "176.02",
            "revenue": 15352612
        },
        "2014-04": {
            "month": "2014-04",
            "price": "184.60",
            "revenue": 16214800
        },
        "2014-05": {
            "month": "2014-05",
            "price": "188.26",
            "revenue": 15881302
        },
        "2014-06": {
            "month": "2014-06",
            "price": "199.50",
            "revenue": 15520186
        },
        "2014-07": {
            "month": "2014-07",
            "price": "207.25",
            "revenue": 16566925
        },
        "2014-08": {
            "month": "2014-08",
            "price": "206.76",
            "revenue": 16436693
        },
        "2014-09": {
            "month": "2014-09",
            "price": "198.98",
            "revenue": 17451277
        },
        "2014-10": {
            "month": "2014-10",
            "price": "187.11",
            "revenue": 16494786
        },
        "2014-11": {
            "month": "2014-11",
            "price": "175.72",
            "revenue": 16797072
        },
        "2014-12": {
            "month": "2014-12",
            "price": "184.33",
            "revenue": 16236482
        },
        "2015-01": {
            "month": "2015-01",
            "price": "186.55",
            "revenue": 16785051
        },
        "2015-02": {
            "month": "2015-02",
            "price": "199.46",
            "revenue": 11673008
        },
        "2015-03": {
            "month": "2015-03",
            "price": "203.00",
            "revenue": 14744926
        },
        "2015-04": {
            "month": "2015-04",
            "price": "193.05",
            "revenue": 15516504
        },
        "2015-05": {
            "month": "2015-05",
            "price": "176.72",
            "revenue": 16163528
        },
        "2015-06": {
            "month": "2015-06",
            "price": "164.67",
            "revenue": 17052255
        },
        "2015-07": {
            "month": "2015-07",
            "price": "157.89",
            "revenue": 18023341
        },
        "2015-08": {
            "month": "2015-08",
            "price": "153.21",
            "revenue": 18207429
        },
        "2015-09": {
            "month": "2015-09",
            "price": "160.30",
            "revenue": 19681956
        },
        "2015-10": {
            "month": "2015-10",
            "price": "164.31",
            "revenue": 18884560
        },
        "2015-11": {
            "month": "2015-11",
            "price": "161.90",
            "revenue": 18248999
        },
        "2015-12": {
            "month": "2015-12",
            "price": "156.80",
            "revenue": 18459051
        },
        "2016-01": {
            "month": "2016-01",
            "price": "141.05",
            "revenue": 17147998
        },
        "2016-02": {
            "month": "2016-02",
            "price": "136.58",
            "revenue": 12420728
        },
        "2016-03": {
            "month": "2016-03",
            "price": "141.02",
            "revenue": 18038490
        },
        "2016-04": {
            "month": "2016-04",
            "price": "145.71",
            "revenue": 17007532
        },
        "2016-05": {
            "month": "2016-05",
            "price": "141.81",
            "revenue": 17784648
        },
        "2016-06": {
            "month": "2016-06",
            "price": "152.36",
            "revenue": 17873867
        },
        "2016-07": {
            "month": "2016-07",
            "price": "164.92",
            "revenue": 18716402
        },
        "2016-08": {
            "month": "2016-08",
            "price": "172.07",
            "revenue": 18737411
        },
        "2016-09": {
            "month": "2016-09",
            "price": "167.55",
            "revenue": 19614120
        },
        "2016-10": {
            "month": "2016-10",
            "price": "166.40",
            "revenue": 18204555
        },
        "2016-11": {
            "month": "2016-11",
            "price": "159.95",
            "revenue": 19320829
        },
        "2016-12": {
            "month": "2016-12",
            "price": "158.36",
            "revenue": 19488991
        },
        "2017-01": {
            "month": "2017-01",
            "price": "165.75",
            "revenue": 14433964
        },
        "2017-02": {
            "month": "2017-02",
            "price": "173.64",
            "revenue": 16025797
        },
        "2017-03": {
            "month": "2017-03",
            "price": "166.30",
            "revenue": 18464898
        },
        "2017-04": {
            "month": "2017-04",
            "price": "167.22",
            "revenue": 17492850
        },
        "2017-05": {
            "month": "2017-05",
            "price": "169.42",
            "revenue": 17286218
        },
        "2017-06": {
            "month": "2017-06",
            "price": "166.63",
            "revenue": 18694262
        },
        "2017-07": {
            "month": "2017-07",
            "price": "162.17",
            "revenue": 19152574
        },
        "2017-08": {
            "month": "2017-08",
            "price": "161.52",
            "revenue": 19920756
        },
        "2017-09": {
            "month": "2017-09",
            "price": "159.80",
            "revenue": 20749145
        },
        "2017-10": {
            "month": "2017-10",
            "price": "148.68",
            "revenue": 19442817
        },
        "2017-11": {
            "month": "2017-11",
            "price": "139.39",
            "revenue": 21113263
        },
        "2017-12": {
            "month": "2017-12",
            "price": "138.50",
            "revenue": 20800971
        },
        "2018-01": {
            "month": "2018-01",
            "price": "142.45",
            "revenue": 18938071
        },
        "2018-02": {
            "month": "2018-02",
            "price": "139.42",
            "revenue": 13374183
        },
        "2018-03": {
            "month": "2018-03",
            "price": "133.98",
            "revenue": 18557770
        },
        "2018-04": {
            "month": "2018-04",
            "price": "119.42",
            "revenue": 18269675
        },
        "2018-05": {
            "month": "2018-05",
            "price": "112.91",
            "revenue": 19807110
        },
        "2018-06": {
            "month": "2018-06",
            "price": "112.08",
            "revenue": 19820322
        },
        "2018-07": {
            "month": "2018-07",
            "price": "103.39",
            "revenue": 20547056
        },
        "2018-08": {
            "month": "2018-08",
            "price": "108.39",
            "revenue": 21457243
        },
        "2018-09": {
            "month": "2018-09",
            "price": "120.58",
            "revenue": 21612501
        },
        "2018-10": {
            "month": "2018-10",
            "price": "120.93",
            "revenue": 21300694
        },
        "2018-11": {
            "month": "2018-11",
            "price": "127.34",
            "revenue": 22126305
        },
        "2018-12": {
            "month": "2018-12",
            "price": "129.17",
            "revenue": 21206879
        },
        "2019-01": {
            "month": "2019-01",
            "price": "145.31",
            "revenue": 18782688
        },
        "2019-02": {
            "month": "2019-02",
            "price": "153.65",
            "revenue": 15156604
        },
        "2019-03": {
            "month": "2019-03",
            "price": "154.82",
            "revenue": 20162935
        },
        "2019-04": {
            "month": "2019-04",
            "price": "161.58",
            "revenue": 23424926
        },
        "2019-05": {
            "month": "2019-05",
            "price": "146.61",
            "revenue": 24559192
        },
        "2019-06": {
            "month": "2019-06",
            "price": "152.92",
            "revenue": 25390976
        },
        "2019-07": {
            "month": "2019-07",
            "price": "151.78",
            "revenue": 24732194
        },
        "2019-08": {
            "month": "2019-08",
            "price": "148.36",
            "revenue": 24314750
        },
        "2019-09": {
            "month": "2019-09",
            "price": "144.39",
            "revenue": 23413872
        },
        "2019-10": {
            "month": "2019-10",
            "price": "134.62",
            "revenue": 23115554
        },
        "2019-11": {
            "month": "2019-11",
            "price": "137.88",
            "revenue": 22674177
        },
        "2019-12": {
            "month": "2019-12",
            "price": "145.68",
            "revenue": 22403529
        },
        "2020-01": {
            "month": "2020-01",
            "price": "149.47",
            "revenue": 19330593
        },
        "2020-02": {
            "month": "2020-02",
            "price": "143.34",
            "revenue": 15264060
        },
        "2020-03": {
            "month": "2020-03",
            "price": "124.59",
            "revenue": 21083381
        },
        "2020-04": {
            "month": "2020-04",
            "price": "129.88",
            "revenue": 23297848
        },
        "2020-05": {
            "month": "2020-05",
            "price": "139.22",
            "revenue": 23584220
        },
        "2020-06": {
            "month": "2020-06",
            "price": "158.68",
            "revenue": 23812690
        },
        "2020-07": {
            "month": "2020-07",
            "price": "183.61",
            "revenue": 25782308
        },
        "2020-08": {
            "month": "2020-08",
            "price": "198.81",
            "revenue": 25092922
        },
        "2020-09": {
            "month": "2020-09",
            "price": "186.73",
            "revenue": 26804451
        },
        "2020-10": {
            "month": "2020-10",
            "price": "194.63",
            "revenue": 26152175
        },
        "2020-11": {
            "month": "2020-11",
            "price": "202.71",
            "revenue": 25492411
        },
        "2020-12": {
            "month": "2020-12",
            "price": "248.20",
            "revenue": 26908434
        },
        "2021-01": {
            "month": "2021-01",
            "price": "296.02",
            "revenue": 25115225
        },
        "2021-02": {
            "month": "2021-02",
            "price": "292.38",
            "revenue": 20344163
        },
        "2021-03": {
            "month": "2021-03",
            "price": "282.32",
            "revenue": 27025895
        },
        "2021-04": {
            "month": "2021-04",
            "price": "297.84",
            "revenue": 26438926
        },
        "2021-05": {
            "month": "2021-05",
            "price": "283.00",
            "revenue": 26126461
        },
        "2021-06": {
            "month": "2021-06",
            "price": "297.38",
            "revenue": 26204497
        },
        "2021-07": {
            "month": "2021-07",
            "price": "302.55",
            "revenue": 26377260
        },
        "2021-08": {
            "month": "2021-08",
            "price": "276.55",
            "revenue": 25923957
        },
        "2021-09": {
            "month": "2021-09",
            "price": "262.00",
            "revenue": 27344955
        },
        "2021-10": {
            "month": "2021-10",
            "price": "246.72",
            "revenue": 26378454
        },
        "2021-11": {
            "month": "2021-11",
            "price": "257.80",
            "revenue": 27335881
        },
        "2021-12": {
            "month": "2021-12",
            "price": "267.70",
            "revenue": 30055122
        },
        "2022-01": {
            "month": "2022-01",
            "price": "278.94",
            "revenue": 26269545
        },
        "2022-02": {
            "month": "2022-02",
            "price": "260.73",
            "revenue": 25620385
        },
        "2022-03": {
            "month": "2022-03",
            "price": "257.67",
            "revenue": 30648145
        },
        "2022-04": {
            "month": "2022-04",
            "price": "251.89",
            "revenue": 27273711
        },
        "2022-05": {
            "month": "2022-05",
            "price": "228.98",
            "revenue": 30567954
        },
        "2022-06": {
            "month": "2022-06",
            "price": "231.71",
            "revenue": 32155128
        },
        "2022-07": {
            "month": "2022-07",
            "price": "238.86",
            "revenue": 34141054
        },
        "2022-08": {
            "month": "2022-08",
            "price": "266.85",
            "revenue": 35181808
        },
        "2022-09": {
            "month": "2022-09",
            "price": "262.71",
            "revenue": 36925291
        },
        "2022-10": {
            "month": "2022-10",
            "price": "265.15",
            "revenue": 35530437
        },
        "2022-11": {
            "month": "2022-11",
            "price": "285.14",
            "revenue": 35707731
        },
        "2022-12": {
            "month": "2022-12",
            "price": "291.09",
            "revenue": 34422119
        },
        "2023-01": {
            "month": "2023-01",
            "price": "282.46",
            "revenue": 29562916
        },
        "2023-02": {
            "month": "2023-02",
            "price": "294.58",
            "revenue": 29116665
        },
        "2023-03": {
            "month": "2023-03",
            "price": "293.15",
            "revenue": 34179663
        },
        "2023-04": {
            "month": "2023-04",
            "price": "301.03",
            "revenue": 31542219
        }
    }
}
