{
    "summary": {
        "stock_name": "日月光",
        "stock_id": "2311",
        "category": "電子工業",
        "main_business": "從事各型積體電路之製造、組合、加工、測試及外銷",
        "website_url": "",
        "ceo": "吳田玉",
        "pe_ratio": 17,
        "report_year_from": 2001,
        "report_year_to": 2019,
        "age": 22,
        "eps_negative_percentage": 11,
        "eps_growth_avg": {
            "last_all": -0.93,
            "last_2y": -26.76,
            "last_4y": -9.99,
            "last_8y": 1.61,
            "last_12y": -5.18,
            "last_16y": -0.93,
            "last_20y": null,
            "at_2006_last_3y": 16.03,
            "at_2007_last_3y": -29.84,
            "at_2008_last_3y": -63.82,
            "at_2009_last_3y": -25.52,
            "at_2010_last_3y": 5.86,
            "at_2011_last_3y": 7.37,
            "at_2012_last_3y": 16.87,
            "at_2013_last_3y": 16.1,
            "at_2014_last_3y": 3,
            "at_2015_last_3y": 6.58,
            "at_2016_last_3y": 14.18,
            "at_2017_last_3y": 10.28,
            "at_2018_last_3y": -24.39,
            "at_2019_last_3y": -24.39,
            "at_2020_last_3y": -24.39,
            "at_2021_last_3y": -24.39,
            "at_2022_last_3y": -24.39,
            "at_2023_last_3y": -24.39,
            "at_2006_last_all": 16.03,
            "at_2007_last_all": 2.62,
            "at_2008_last_all": -8.67,
            "at_2009_last_all": -4.74,
            "at_2010_last_all": 10.22,
            "at_2011_last_all": 5,
            "at_2012_last_all": 2.68,
            "at_2013_last_all": 3.6,
            "at_2014_last_all": 7.6,
            "at_2015_last_all": 5.52,
            "at_2016_last_all": 6.22,
            "at_2017_last_all": 5.51,
            "at_2018_last_all": -0.93,
            "at_2019_last_all": -0.93,
            "at_2020_last_all": -0.93,
            "at_2021_last_all": -0.93,
            "at_2022_last_all": -0.93,
            "at_2023_last_all": -0.93
        },
        "latest_eps": 2.65,
        "latest_price": 44.5,
        "latest_roe": 12.57,
        "latest_gross_margin": 15.99,
        "latest_equity": 206027371,
        "latest_revenue": 64965852,
        "latest_gross_profit": 10387974,
        "latest_net_income": 2355737,
        "latest_debt_ratio": 42.27,
        "latest_current_ratio": 154.99,
        "latest_account_receivable_turnover_ratio": 1.31,
        "latest_inventory_turnover_ratio": 1.6,
        "latest_reinvestment_rate": 58,
        "latest_research_to_sale_ratio": 4.27
    },
    "eps_dividends": {
        "1990": {
            "cash": 0,
            "stock": 2,
            "eps": 0
        },
        "1991": {
            "cash": 0,
            "stock": 4,
            "eps": 0
        },
        "1992": {
            "cash": 0,
            "stock": 2,
            "eps": 0
        },
        "1993": {
            "cash": 0,
            "stock": 1,
            "eps": 0
        },
        "1994": {
            "cash": 0,
            "stock": 4,
            "eps": 0
        },
        "1995": {
            "cash": 0,
            "stock": 3.6,
            "eps": 0
        },
        "1997": {
            "cash": 0,
            "stock": 3.8,
            "eps": 0
        },
        "1998": {
            "cash": 0,
            "stock": 7.2,
            "eps": 0
        },
        "1999": {
            "cash": 0,
            "stock": 1.07,
            "eps": 0
        },
        "2000": {
            "cash": 0,
            "stock": 3.15,
            "eps": 0
        },
        "2001": {
            "cash": 0,
            "stock": 1.7,
            "eps": -0.65
        },
        "2002": {
            "cash": 0,
            "stock": 0,
            "eps": 0.04
        },
        "2003": {
            "cash": 0,
            "stock": 1,
            "eps": 0.79
        },
        "2004": {
            "cash": 0,
            "stock": 0.57,
            "eps": 1.17
        },
        "2005": {
            "cash": 0.1,
            "stock": 1,
            "eps": -1.31
        },
        "2006": {
            "cash": 0,
            "stock": 0,
            "eps": 3.96
        },
        "2007": {
            "cash": 1.48,
            "stock": 1.48,
            "eps": 2.47
        },
        "2008": {
            "cash": 1.71,
            "stock": 0.29,
            "eps": 1.14
        },
        "2009": {
            "cash": 0.5,
            "stock": 0,
            "eps": 1.31
        },
        "2010": {
            "cash": 0.36,
            "stock": 1,
            "eps": 3.23
        },
        "2011": {
            "cash": 0.65,
            "stock": 1.15,
            "eps": 2.21
        },
        "2012": {
            "cash": 0.65,
            "stock": 1.4,
            "eps": 1.86
        },
        "2013": {
            "cash": 1.05,
            "stock": 0,
            "eps": 2.08
        },
        "2014": {
            "cash": 1.3,
            "stock": 0,
            "eps": 3.07
        },
        "2015": {
            "cash": 2,
            "stock": 0,
            "eps": 2.54
        },
        "2016": {
            "cash": 1.6,
            "stock": 0,
            "eps": 2.91
        },
        "2017": {
            "cash": 1.4,
            "stock": 0,
            "eps": 2.8
        },
        "2018": {
            "cash": 0,
            "stock": 0,
            "eps": 0.25
        }
    },
    "dividends": {
        "1990-03-31": {
            "cash": 0,
            "stock": 2
        },
        "1991-03-30": {
            "cash": 0,
            "stock": 4
        },
        "1992-04-11": {
            "cash": 0,
            "stock": 2
        },
        "1993-04-28": {
            "cash": 0,
            "stock": 1
        },
        "1994-03-21": {
            "cash": 0,
            "stock": 4
        },
        "1995-03-21": {
            "cash": 0,
            "stock": 3.6
        },
        "1997-04-12": {
            "cash": 0,
            "stock": 3.8
        },
        "1998-03-21": {
            "cash": 0,
            "stock": 7.2
        },
        "1999-06-09": {
            "cash": 0,
            "stock": 1.07
        },
        "2000-07-11": {
            "cash": 0,
            "stock": 3.15
        },
        "2001-06-01": {
            "cash": 0,
            "stock": 1.7
        },
        "2003-03-28": {
            "cash": 0,
            "stock": 1
        },
        "2004-03-24": {
            "cash": 0,
            "stock": 0.57
        },
        "2005-04-08": {
            "cash": 0.1,
            "stock": 1
        },
        "2007-03-29": {
            "cash": 1.48,
            "stock": 1.48
        },
        "2008-03-31": {
            "cash": 1.71,
            "stock": 0.29
        },
        "2009-04-08": {
            "cash": 0.5,
            "stock": 0
        },
        "2010-03-26": {
            "cash": 0.36,
            "stock": 1
        },
        "2011-03-30": {
            "cash": 0.65,
            "stock": 1.15
        },
        "2012-03-29": {
            "cash": 0.65,
            "stock": 1.4
        },
        "2013-04-08": {
            "cash": 1.05,
            "stock": 0
        },
        "2014-09-19": {
            "cash": 1.3,
            "stock": 0
        },
        "2015-09-11": {
            "cash": 2,
            "stock": 0
        },
        "2016-09-09": {
            "cash": 1.6,
            "stock": 0
        },
        "2017-09-08": {
            "cash": 1.4,
            "stock": 0
        }
    },
    "prices": {
        "200101": "29.38",
        "200102": "34.51",
        "200103": "29.98",
        "200104": "27.77",
        "200105": "26.35",
        "200106": "23.22",
        "200107": "19.07",
        "200108": "18.37",
        "200109": "16.51",
        "200110": "17.24",
        "200111": "21.21",
        "200112": "30.18",
        "200201": "30.59",
        "200202": "27.34",
        "200203": "33.28",
        "200204": "36.00",
        "200205": "31.06",
        "200206": "25.19",
        "200207": "22.27",
        "200208": "19.98",
        "200209": "19.00",
        "200210": "18.30",
        "200211": "21.06",
        "200212": "21.61",
        "200301": "20.97",
        "200302": "18.34",
        "200303": "18.70",
        "200304": "19.71",
        "200305": "18.65",
        "200306": "20.98",
        "200307": "24.36",
        "200308": "25.10",
        "200309": "26.99",
        "200310": "29.20",
        "200311": "33.10",
        "200312": "32.60",
        "200401": "37.35",
        "200402": "37.24",
        "200403": "36.23",
        "200404": "33.24",
        "200405": "24.03",
        "200406": "24.37",
        "200407": "24.43",
        "200408": "23.74",
        "200409": "23.20",
        "200410": "23.03",
        "200411": "24.55",
        "200412": "23.56",
        "200501": "22.02",
        "200502": "23.91",
        "200503": "23.48",
        "200504": "22.35",
        "200505": "20.90",
        "200506": "23.66",
        "200507": "24.47",
        "200508": "23.72",
        "200509": "21.93",
        "200510": "21.10",
        "200511": "22.19",
        "200512": "27.32",
        "200601": "28.95",
        "200602": "28.07",
        "200603": "28.14",
        "200604": "33.09",
        "200605": "34.90",
        "200606": "30.85",
        "200607": "29.29",
        "200608": "30.93",
        "200609": "32.89",
        "200610": "30.53",
        "200611": "33.50",
        "200612": "36.61",
        "200701": "37.29",
        "200702": "37.75",
        "200703": "39.66",
        "200704": "40.32",
        "200705": "38.89",
        "200706": "43.26",
        "200707": "45.82",
        "200708": "36.73",
        "200709": "33.49",
        "200710": "36.21",
        "200711": "35.08",
        "200712": "31.76",
        "200801": "27.64",
        "200802": "27.42",
        "200803": "28.04",
        "200804": "31.21",
        "200805": "32.75",
        "200806": "29.95",
        "200807": "26.12",
        "200808": "24.67",
        "200809": "19.19",
        "200810": "14.19",
        "200811": "11.29",
        "200812": "11.19",
        "200901": "11.86",
        "200902": "12.10",
        "200903": "15.22",
        "200904": "17.00",
        "200905": "20.02",
        "200906": "18.70",
        "200907": "20.83",
        "200908": "23.35",
        "200909": "25.94",
        "200910": "27.01",
        "200911": "27.62",
        "200912": "27.55",
        "201001": "29.08",
        "201002": "26.26",
        "201003": "27.49",
        "201004": "30.73",
        "201005": "28.01",
        "201006": "26.71",
        "201007": "26.28",
        "201008": "24.38",
        "201009": "23.93",
        "201010": "25.07",
        "201011": "28.23",
        "201012": "32.79",
        "201101": "34.90",
        "201102": "34.38",
        "201103": "32.46",
        "201104": "31.26",
        "201105": "33.81",
        "201106": "33.63",
        "201107": "31.21",
        "201108": "27.13",
        "201109": "27.21",
        "201110": "26.24",
        "201111": "27.36",
        "201112": "26.66",
        "201201": "27.62",
        "201202": "28.83",
        "201203": "28.66",
        "201204": "29.17",
        "201205": "28.47",
        "201206": "25.64",
        "201207": "23.86",
        "201208": "23.77",
        "201209": "22.94",
        "201210": "21.86",
        "201211": "22.75",
        "201212": "24.56",
        "201301": "24.96",
        "201302": "24.37",
        "201303": "24.68",
        "201304": "25.06",
        "201305": "25.81",
        "201306": "24.85",
        "201307": "25.18",
        "201308": "24.86",
        "201309": "27.66",
        "201310": "29.04",
        "201311": "29.18",
        "201312": "28.02",
        "201401": "28.00",
        "201402": "29.30",
        "201403": "31.58",
        "201404": "33.83",
        "201405": "36.00",
        "201406": "38.13",
        "201407": "38.71",
        "201408": "37.26",
        "201409": "36.70",
        "201410": "35.98",
        "201411": "36.88",
        "201412": "37.78",
        "201501": "38.34",
        "201502": "41.46",
        "201503": "44.45",
        "201504": "43.52",
        "201505": "43.32",
        "201506": "41.87",
        "201507": "39.40",
        "201508": "32.77",
        "201509": "34.58",
        "201510": "36.76",
        "201511": "36.33",
        "201512": "36.51",
        "201601": "34.99",
        "201602": "36.23",
        "201603": "37.15",
        "201604": "34.17",
        "201605": "31.00",
        "201606": "36.02",
        "201607": "36.58",
        "201608": "38.49",
        "201609": "37.86",
        "201610": "38.12",
        "201611": "35.10",
        "201612": "33.46",
        "201701": "34.00",
        "201702": "38.02",
        "201703": "38.78",
        "201704": "38.15",
        "201705": "37.70",
        "201706": "38.17",
        "201707": "39.54",
        "201708": "37.78",
        "201709": "36.56",
        "201710": "37.44",
        "201711": "37.79",
        "201712": "38.19",
        "201801": "40.45",
        "201802": "39.68",
        "201803": "41.95",
        "201804": "43.30",
        "201805": "無",
        "201806": "無",
        "201807": "無",
        "201808": "無",
        "201809": "無",
        "201810": "無",
        "201811": "無",
        "201812": "無",
        "201901": "無",
        "201902": "無",
        "201903": "無",
        "201904": "無",
        "201905": "無",
        "201906": "無",
        "201907": "無",
        "201908": "無",
        "201909": "無",
        "201910": "無",
        "201911": "無",
        "201912": "無",
        "202001": "無",
        "202002": "無",
        "202003": "無",
        "202004": "無",
        "202005": "無",
        "202006": "無",
        "202007": "無",
        "202008": "無",
        "202009": "無",
        "202010": "無",
        "202011": "無",
        "202012": "無",
        "202101": "無",
        "202102": "無",
        "202103": "無",
        "202104": "無",
        "202105": "無",
        "202106": "無",
        "202107": "無",
        "202108": "無",
        "202109": "無",
        "202110": "無",
        "202111": "無",
        "202112": "無",
        "202201": "無",
        "202202": "無",
        "202203": "無",
        "202204": "無",
        "202205": "無",
        "202206": "無",
        "202207": "無",
        "202208": "無",
        "202209": "無",
        "202210": "無",
        "202211": "無",
        "202212": "無",
        "202301": "無",
        "202302": "無",
        "202303": "無",
        "202304": "無",
        "202305": "無"
    },
    "quarters": {
        "20011": {
            "year_quarter": 20011,
            "year": 2001,
            "quarter": 1,
            "eps": 0.12,
            "eps_growth_year": -78.18,
            "eps_4q": 1.08,
            "eps_4q_growth_year": -41.18,
            "roe": 0.94,
            "roe_4q": 0.94,
            "gross_profit": 2383000,
            "gross_margin": 21.18,
            "gross_margin_4q_avg": 21.18,
            "net_income": 526000,
            "revenue": 11250000,
            "common_shares": 27520000,
            "book_valuer_per_share": 16,
            "book_valuer_per_share_4q_avg": 16,
            "equity": 56295000,
            "current_ratio": 122.11,
            "debt_ratio": 47.97,
            "inventory_turnover_ratio": 2.9,
            "account_receivable_turnover_ratio": null,
            "reinvestment_rate": null,
            "research_to_sale_ratio": null,
            "price_fair": 0,
            "eps_avg_yearly": 0,
            "eps_latest_yearly": 0,
            "eps_growth_yearly": 0
        },
        "20012": {
            "year_quarter": 20012,
            "year": 2001,
            "quarter": 2,
            "eps": -0.19,
            "eps_growth_year": -134.55,
            "eps_4q": 0.96,
            "eps_4q_growth_year": -48.65,
            "roe": -1.79,
            "roe_4q": -0.8500000000000001,
            "gross_profit": 887000,
            "gross_margin": 10.46,
            "gross_margin_4q_avg": 15.82,
            "net_income": -1004000,
            "revenue": 8483000,
            "common_shares": 27520000,
            "book_valuer_per_share": 15.79,
            "book_valuer_per_share_4q_avg": 15.9,
            "equity": 55817000,
            "current_ratio": 144.56,
            "debt_ratio": 47.47,
            "inventory_turnover_ratio": 2.74,
            "account_receivable_turnover_ratio": null,
            "reinvestment_rate": null,
            "research_to_sale_ratio": null,
            "price_fair": 0,
            "eps_avg_yearly": 0,
            "eps_latest_yearly": 0,
            "eps_growth_yearly": 0
        },
        "20013": {
            "year_quarter": 20013,
            "year": 2001,
            "quarter": 3,
            "eps": -0.21,
            "eps_growth_year": -140.38,
            "eps_4q": 0.11,
            "eps_4q_growth_year": -94.2,
            "roe": -1.98,
            "roe_4q": -2.83,
            "gross_profit": 703000,
            "gross_margin": 8.39,
            "gross_margin_4q_avg": 13.34,
            "net_income": -1092000,
            "revenue": 8380000,
            "common_shares": 32548000,
            "book_valuer_per_share": 13.12,
            "book_valuer_per_share_4q_avg": 14.97,
            "equity": 54623000,
            "current_ratio": 144.94,
            "debt_ratio": 47.42,
            "inventory_turnover_ratio": 2.85,
            "account_receivable_turnover_ratio": null,
            "reinvestment_rate": null,
            "research_to_sale_ratio": null,
            "price_fair": 0,
            "eps_avg_yearly": 0,
            "eps_latest_yearly": 0,
            "eps_growth_yearly": 0
        },
        "20014": {
            "year_quarter": 20014,
            "year": 2001,
            "quarter": 4,
            "eps": -0.37,
            "eps_growth_year": -177.08,
            "eps_4q": -0.48,
            "eps_4q_growth_year": -130.44,
            "roe": -2.5,
            "roe_4q": -5.33,
            "gross_profit": 1437812,
            "gross_margin": 14.02,
            "gross_margin_4q_avg": 13.51,
            "net_income": -1360904,
            "revenue": 10254826,
            "common_shares": 32548000,
            "book_valuer_per_share": 12.89,
            "book_valuer_per_share_4q_avg": 14.45,
            "equity": 54088680,
            "current_ratio": 139.4,
            "debt_ratio": 49.13,
            "inventory_turnover_ratio": 3.21,
            "account_receivable_turnover_ratio": null,
            "reinvestment_rate": null,
            "research_to_sale_ratio": null,
            "price_fair": 0,
            "eps_avg_yearly": 0,
            "eps_latest_yearly": 0,
            "eps_growth_yearly": 0
        },
        "20021": {
            "year_quarter": 20021,
            "year": 2002,
            "quarter": 1,
            "eps": -0.07,
            "eps_growth_year": -158.33,
            "eps_4q": -0.38,
            "eps_4q_growth_year": -134.82,
            "roe": -0.97,
            "roe_4q": -7.239999999999999,
            "gross_profit": 1248000,
            "gross_margin": 12.43,
            "gross_margin_4q_avg": 11.33,
            "net_income": -508000,
            "revenue": 10044000,
            "common_shares": 32548000,
            "book_valuer_per_share": 12,
            "book_valuer_per_share_4q_avg": 13.45,
            "equity": 50679000,
            "current_ratio": 125.63,
            "debt_ratio": 50.88,
            "inventory_turnover_ratio": 3.25,
            "account_receivable_turnover_ratio": null,
            "reinvestment_rate": null,
            "research_to_sale_ratio": null,
            "price_fair": 0,
            "eps_avg_yearly": 0,
            "eps_latest_yearly": 0,
            "eps_growth_yearly": 0
        },
        "20022": {
            "year_quarter": 20022,
            "year": 2002,
            "quarter": 2,
            "eps": 0.02,
            "eps_growth_year": null,
            "eps_4q": -0.23,
            "eps_4q_growth_year": -124.13,
            "roe": -0.35,
            "roe_4q": -5.8,
            "gross_profit": 1616000,
            "gross_margin": 14.92,
            "gross_margin_4q_avg": 12.44,
            "net_income": -175000,
            "revenue": 10828000,
            "common_shares": 32548000,
            "book_valuer_per_share": 11.9,
            "book_valuer_per_share_4q_avg": 12.48,
            "equity": 49877000,
            "current_ratio": 111.64,
            "debt_ratio": 51.32,
            "inventory_turnover_ratio": 3.31,
            "account_receivable_turnover_ratio": null,
            "reinvestment_rate": null,
            "research_to_sale_ratio": null,
            "price_fair": 0,
            "eps_avg_yearly": 0,
            "eps_latest_yearly": 0,
            "eps_growth_yearly": 0
        },
        "20023": {
            "year_quarter": 20023,
            "year": 2002,
            "quarter": 3,
            "eps": 0.1,
            "eps_growth_year": null,
            "eps_4q": -5.77,
            "eps_4q_growth_year": -5482.06,
            "roe": 0.04,
            "roe_4q": -3.7800000000000002,
            "gross_profit": 1909000,
            "gross_margin": 16.09,
            "gross_margin_4q_avg": 14.37,
            "net_income": 18000,
            "revenue": 11861000,
            "common_shares": 32548000,
            "book_valuer_per_share": 12.14,
            "book_valuer_per_share_4q_avg": 12.23,
            "equity": 50534000,
            "current_ratio": 101.59,
            "debt_ratio": 51.82,
            "inventory_turnover_ratio": 3.37,
            "account_receivable_turnover_ratio": null,
            "reinvestment_rate": null,
            "research_to_sale_ratio": null,
            "price_fair": 14,
            "eps_avg_yearly": 0.4,
            "eps_latest_yearly": 0.4,
            "eps_growth_yearly": 1600
        },
        "20024": {
            "year_quarter": 20024,
            "year": 2002,
            "quarter": 4,
            "eps": -0.01,
            "eps_growth_year": null,
            "eps_4q": 0,
            "eps_4q_growth_year": null,
            "roe": -1.88,
            "roe_4q": -3.16,
            "gross_profit": 2321568,
            "gross_margin": 18.06,
            "gross_margin_4q_avg": 15.38,
            "net_income": -938994,
            "revenue": 12853838,
            "common_shares": 32548000,
            "book_valuer_per_share": 12.11,
            "book_valuer_per_share_4q_avg": 12.04,
            "equity": 49508995,
            "current_ratio": 110.83,
            "debt_ratio": 52.81,
            "inventory_turnover_ratio": 3.45,
            "account_receivable_turnover_ratio": null,
            "reinvestment_rate": 374.65,
            "research_to_sale_ratio": null,
            "price_fair": 14,
            "eps_avg_yearly": 0.4,
            "eps_latest_yearly": 0.4,
            "eps_growth_yearly": 1600
        },
        "20031": {
            "year_quarter": 20031,
            "year": 2003,
            "quarter": 1,
            "eps": -0.11,
            "eps_growth_year": null,
            "eps_4q": 0,
            "eps_4q_growth_year": null,
            "roe": -1.43,
            "roe_4q": -3.6199999999999997,
            "gross_profit": 1511000,
            "gross_margin": 13.04,
            "gross_margin_4q_avg": 15.53,
            "net_income": -703000,
            "revenue": 11584000,
            "common_shares": 32548000,
            "book_valuer_per_share": 12.01,
            "book_valuer_per_share_4q_avg": 12.04,
            "equity": 48800000,
            "current_ratio": 111.14,
            "debt_ratio": 54.58,
            "inventory_turnover_ratio": 3.2,
            "account_receivable_turnover_ratio": null,
            "reinvestment_rate": 914.78,
            "research_to_sale_ratio": null,
            "price_fair": 14,
            "eps_avg_yearly": 0.4,
            "eps_latest_yearly": 0.4,
            "eps_growth_yearly": 1600
        },
        "20032": {
            "year_quarter": 20032,
            "year": 2003,
            "quarter": 2,
            "eps": 0.12,
            "eps_growth_year": 500,
            "eps_4q": 0.1,
            "eps_4q_growth_year": null,
            "roe": 0.72,
            "roe_4q": -2.55,
            "gross_profit": 1970000,
            "gross_margin": 15.42,
            "gross_margin_4q_avg": 15.65,
            "net_income": 365000,
            "revenue": 12773000,
            "common_shares": 32548000,
            "book_valuer_per_share": 13.09,
            "book_valuer_per_share_4q_avg": 12.34,
            "equity": 52297000,
            "current_ratio": 117.34,
            "debt_ratio": 54.42,
            "inventory_turnover_ratio": 3.22,
            "account_receivable_turnover_ratio": null,
            "reinvestment_rate": 1033.33,
            "research_to_sale_ratio": null,
            "price_fair": 14,
            "eps_avg_yearly": 0.4,
            "eps_latest_yearly": 0.4,
            "eps_growth_yearly": 1600
        },
        "20033": {
            "year_quarter": 20033,
            "year": 2003,
            "quarter": 3,
            "eps": 0.17,
            "eps_growth_year": 70,
            "eps_4q": 0.17,
            "eps_4q_growth_year": null,
            "roe": 1.09,
            "roe_4q": -1.4999999999999998,
            "gross_profit": 2783000,
            "gross_margin": 19.16,
            "gross_margin_4q_avg": 16.42,
            "net_income": 573000,
            "revenue": 14525000,
            "common_shares": 35802800,
            "book_valuer_per_share": 11.98,
            "book_valuer_per_share_4q_avg": 12.3,
            "equity": 52540000,
            "current_ratio": 138.46,
            "debt_ratio": 54.17,
            "inventory_turnover_ratio": 3,
            "account_receivable_turnover_ratio": null,
            "reinvestment_rate": 1057.01,
            "research_to_sale_ratio": null,
            "price_fair": 18.9,
            "eps_avg_yearly": 0.54,
            "eps_latest_yearly": 0.68,
            "eps_growth_yearly": 883.33
        },
        "20034": {
            "year_quarter": 20034,
            "year": 2003,
            "quarter": 4,
            "eps": 0.61,
            "eps_growth_year": null,
            "eps_4q": 0.68,
            "eps_4q_growth_year": 21076.23,
            "roe": 4.56,
            "roe_4q": 4.9399999999999995,
            "gross_profit": 4581317,
            "gross_margin": 24.86,
            "gross_margin_4q_avg": 18.12,
            "net_income": 2455210,
            "revenue": 18429770,
            "common_shares": 35802800,
            "book_valuer_per_share": 12.6,
            "book_valuer_per_share_4q_avg": 12.42,
            "equity": 55200177,
            "current_ratio": 113.72,
            "debt_ratio": 51.72,
            "inventory_turnover_ratio": 3.08,
            "account_receivable_turnover_ratio": null,
            "reinvestment_rate": 532.17,
            "research_to_sale_ratio": null,
            "price_fair": 41.07,
            "eps_avg_yearly": 1.17,
            "eps_latest_yearly": 2.44,
            "eps_growth_yearly": 933.99
        },
        "20041": {
            "year_quarter": 20041,
            "year": 2004,
            "quarter": 1,
            "eps": 0.46,
            "eps_growth_year": null,
            "eps_4q": 1.18,
            "eps_4q_growth_year": 68302.26,
            "roe": 3.29,
            "roe_4q": 9.66,
            "gross_profit": 3769000,
            "gross_margin": 21.89,
            "gross_margin_4q_avg": 20.33,
            "net_income": 1841000,
            "revenue": 17221000,
            "common_shares": 35802800,
            "book_valuer_per_share": 12.98,
            "book_valuer_per_share_4q_avg": 12.66,
            "equity": 56744000,
            "current_ratio": 106.57,
            "debt_ratio": 51.96,
            "inventory_turnover_ratio": 2.46,
            "account_receivable_turnover_ratio": null,
            "reinvestment_rate": 1229.85,
            "research_to_sale_ratio": null,
            "price_fair": 46.9,
            "eps_avg_yearly": 1.34,
            "eps_latest_yearly": 1.84,
            "eps_growth_yearly": 675.9
        },
        "20042": {
            "year_quarter": 20042,
            "year": 2004,
            "quarter": 2,
            "eps": 0.56,
            "eps_growth_year": 366.67,
            "eps_4q": 1.36,
            "eps_4q_growth_year": 1288.97,
            "roe": 4.51,
            "roe_4q": 13.45,
            "gross_profit": 4469000,
            "gross_margin": 22.03,
            "gross_margin_4q_avg": 21.99,
            "net_income": 2625000,
            "revenue": 20290000,
            "common_shares": 35802800,
            "book_valuer_per_share": 13.6,
            "book_valuer_per_share_4q_avg": 12.79,
            "equity": 59562000,
            "current_ratio": 108.75,
            "debt_ratio": 55.16,
            "inventory_turnover_ratio": 2.16,
            "account_receivable_turnover_ratio": null,
            "reinvestment_rate": 411.44,
            "research_to_sale_ratio": null,
            "price_fair": 53.2,
            "eps_avg_yearly": 1.52,
            "eps_latest_yearly": 2.24,
            "eps_growth_yearly": 558.11
        },
        "20043": {
            "year_quarter": 20043,
            "year": 2004,
            "quarter": 3,
            "eps": 0.51,
            "eps_growth_year": 200,
            "eps_4q": 1.75,
            "eps_4q_growth_year": 941.1,
            "roe": 3.71,
            "roe_4q": 16.069999999999997,
            "gross_profit": 4435000,
            "gross_margin": 20.14,
            "gross_margin_4q_avg": 22.23,
            "net_income": 2265000,
            "revenue": 22023000,
            "common_shares": 41000000,
            "book_valuer_per_share": 13.08,
            "book_valuer_per_share_4q_avg": 13.07,
            "equity": 62478000,
            "current_ratio": 109.74,
            "debt_ratio": 54.49,
            "inventory_turnover_ratio": 2.01,
            "account_receivable_turnover_ratio": null,
            "reinvestment_rate": 357.27,
            "research_to_sale_ratio": null,
            "price_fair": 56.23,
            "eps_avg_yearly": 1.61,
            "eps_latest_yearly": 2.04,
            "eps_growth_yearly": 459.14
        },
        "20044": {
            "year_quarter": 20044,
            "year": 2004,
            "quarter": 4,
            "eps": -0.36,
            "eps_growth_year": -159.02,
            "eps_4q": 0.94,
            "eps_4q_growth_year": 37.38,
            "roe": -2.99,
            "roe_4q": 8.52,
            "gross_profit": 3592505,
            "gross_margin": 16.2,
            "gross_margin_4q_avg": 20.07,
            "net_income": -1829702,
            "revenue": 22178644,
            "common_shares": 41000000,
            "book_valuer_per_share": 12.52,
            "book_valuer_per_share_4q_avg": 13.05,
            "equity": 59716585,
            "current_ratio": 142.42,
            "debt_ratio": 55.42,
            "inventory_turnover_ratio": 2.01,
            "account_receivable_turnover_ratio": null,
            "reinvestment_rate": 713.89,
            "research_to_sale_ratio": null,
            "price_fair": 56.23,
            "eps_avg_yearly": 1.61,
            "eps_latest_yearly": 2.04,
            "eps_growth_yearly": 459.14
        },
        "20051": {
            "year_quarter": 20051,
            "year": 2005,
            "quarter": 1,
            "eps": -0.03,
            "eps_growth_year": -106.52,
            "eps_4q": 0.2,
            "eps_4q_growth_year": -82.85,
            "roe": -0.61,
            "roe_4q": 4.619999999999999,
            "gross_profit": 1888000,
            "gross_margin": 10.17,
            "gross_margin_4q_avg": 17.14,
            "net_income": -362000,
            "revenue": 18569000,
            "common_shares": 41006606,
            "book_valuer_per_share": 12.45,
            "book_valuer_per_share_4q_avg": 12.91,
            "equity": 59232000,
            "current_ratio": 145.03,
            "debt_ratio": 55.56,
            "inventory_turnover_ratio": 1.79,
            "account_receivable_turnover_ratio": null,
            "reinvestment_rate": 943.28,
            "research_to_sale_ratio": null,
            "price_fair": 56.23,
            "eps_avg_yearly": 1.61,
            "eps_latest_yearly": 2.04,
            "eps_growth_yearly": 459.14
        },
        "20052": {
            "year_quarter": 20052,
            "year": 2005,
            "quarter": 2,
            "eps": -2.31,
            "eps_growth_year": -512.5,
            "eps_4q": -2.11,
            "eps_4q_growth_year": -254.73,
            "roe": -18.69,
            "roe_4q": -18.58,
            "gross_profit": 2135263,
            "gross_margin": 11.35,
            "gross_margin_4q_avg": 14.47,
            "net_income": -10094975,
            "revenue": 18819576,
            "common_shares": 41117288,
            "book_valuer_per_share": 10.12,
            "book_valuer_per_share_4q_avg": 12.04,
            "equity": 48803452,
            "current_ratio": 154.72,
            "debt_ratio": 61.05,
            "inventory_turnover_ratio": 1.97,
            "account_receivable_turnover_ratio": null,
            "reinvestment_rate": null,
            "research_to_sale_ratio": null,
            "price_fair": 56.23,
            "eps_avg_yearly": 1.61,
            "eps_latest_yearly": 2.04,
            "eps_growth_yearly": 459.14
        },
        "20053": {
            "year_quarter": 20053,
            "year": 2005,
            "quarter": 3,
            "eps": 0.36,
            "eps_growth_year": -29.41,
            "eps_4q": -1.84,
            "eps_4q_growth_year": -205,
            "roe": 3.53,
            "roe_4q": -18.76,
            "gross_profit": 4148737,
            "gross_margin": 18.57,
            "gross_margin_4q_avg": 14.07,
            "net_income": 1772975,
            "revenue": 22339424,
            "common_shares": 45505328,
            "book_valuer_per_share": 9.72,
            "book_valuer_per_share_4q_avg": 11.2,
            "equity": 51581000,
            "current_ratio": 144.51,
            "debt_ratio": 60.44,
            "inventory_turnover_ratio": 2.29,
            "account_receivable_turnover_ratio": null,
            "reinvestment_rate": null,
            "research_to_sale_ratio": null,
            "price_fair": 56.23,
            "eps_avg_yearly": 1.61,
            "eps_latest_yearly": 2.04,
            "eps_growth_yearly": 459.14
        },
        "20054": {
            "year_quarter": 20054,
            "year": 2005,
            "quarter": 4,
            "eps": 0.67,
            "eps_growth_year": null,
            "eps_4q": -0.9,
            "eps_4q_growth_year": -196.41,
            "roe": 6.54,
            "roe_4q": -9.23,
            "gross_profit": 6345794,
            "gross_margin": 26.11,
            "gross_margin_4q_avg": 16.55,
            "net_income": 3482509,
            "revenue": 24307798,
            "common_shares": 45573723,
            "book_valuer_per_share": 10.33,
            "book_valuer_per_share_4q_avg": 10.66,
            "equity": 54979416,
            "current_ratio": 154.03,
            "debt_ratio": 58.11,
            "inventory_turnover_ratio": 2.27,
            "account_receivable_turnover_ratio": null,
            "reinvestment_rate": 952.35,
            "research_to_sale_ratio": null,
            "price_fair": 61.6,
            "eps_avg_yearly": 1.76,
            "eps_latest_yearly": 2.68,
            "eps_growth_yearly": 442.76
        },
        "20061": {
            "year_quarter": 20061,
            "year": 2006,
            "quarter": 1,
            "eps": 0.72,
            "eps_growth_year": null,
            "eps_4q": -0.28,
            "eps_4q_growth_year": -236.04,
            "roe": 6.34,
            "roe_4q": -2.280000000000001,
            "gross_profit": 6635000,
            "gross_margin": 26.71,
            "gross_margin_4q_avg": 20.69,
            "net_income": 3608000,
            "revenue": 24837000,
            "common_shares": 45638775,
            "book_valuer_per_share": 11.05,
            "book_valuer_per_share_4q_avg": 10.31,
            "equity": 58814000,
            "current_ratio": 162.51,
            "debt_ratio": 54.61,
            "inventory_turnover_ratio": 2.38,
            "account_receivable_turnover_ratio": null,
            "reinvestment_rate": 164.14,
            "research_to_sale_ratio": null,
            "price_fair": 66.5,
            "eps_avg_yearly": 1.9,
            "eps_latest_yearly": 2.88,
            "eps_growth_yearly": 391.14
        },
        "20062": {
            "year_quarter": 20062,
            "year": 2006,
            "quarter": 2,
            "eps": 1.67,
            "eps_growth_year": null,
            "eps_4q": 3.08,
            "eps_4q_growth_year": null,
            "roe": 12.93,
            "roe_4q": 29.34,
            "gross_profit": 7500109,
            "gross_margin": 28.53,
            "gross_margin_4q_avg": 24.98,
            "net_income": 8156261,
            "revenue": 26286978,
            "common_shares": 45738950,
            "book_valuer_per_share": 12.7,
            "book_valuer_per_share_4q_avg": 10.95,
            "equity": 67357983,
            "current_ratio": 170.65,
            "debt_ratio": 52.32,
            "inventory_turnover_ratio": 2.67,
            "account_receivable_turnover_ratio": null,
            "reinvestment_rate": 100.56,
            "research_to_sale_ratio": null,
            "price_fair": 85.09,
            "eps_avg_yearly": 2.43,
            "eps_latest_yearly": 6.68,
            "eps_growth_yearly": 406.32
        },
        "20063": {
            "year_quarter": 20063,
            "year": 2006,
            "quarter": 3,
            "eps": 0.95,
            "eps_growth_year": 163.89,
            "eps_4q": 3.5,
            "eps_4q_growth_year": null,
            "roe": 6.79,
            "roe_4q": 32.6,
            "gross_profit": 8274891,
            "gross_margin": 30.96,
            "gross_margin_4q_avg": 28.08,
            "net_income": 4787739,
            "revenue": 26726022,
            "common_shares": 45775688,
            "book_valuer_per_share": 13.77,
            "book_valuer_per_share_4q_avg": 11.96,
            "equity": 73596000,
            "current_ratio": 166.2,
            "debt_ratio": 49.08,
            "inventory_turnover_ratio": 2.97,
            "account_receivable_turnover_ratio": null,
            "reinvestment_rate": 51.83,
            "research_to_sale_ratio": null,
            "price_fair": 98.31,
            "eps_avg_yearly": 2.81,
            "eps_latest_yearly": 3.8,
            "eps_growth_yearly": 209.38
        },
        "20064": {
            "year_quarter": 20064,
            "year": 2006,
            "quarter": 4,
            "eps": 0.62,
            "eps_growth_year": -7.46,
            "eps_4q": 3.3,
            "eps_4q_growth_year": null,
            "roe": 4.34,
            "roe_4q": 30.4,
            "gross_profit": 6370380,
            "gross_margin": 28.22,
            "gross_margin_4q_avg": 28.61,
            "net_income": 3272134,
            "revenue": 22573647,
            "common_shares": 45925086,
            "book_valuer_per_share": 14.38,
            "book_valuer_per_share_4q_avg": 12.98,
            "equity": 77126759,
            "current_ratio": 174.09,
            "debt_ratio": 43.72,
            "inventory_turnover_ratio": 2.8,
            "account_receivable_turnover_ratio": null,
            "reinvestment_rate": 47.06,
            "research_to_sale_ratio": null,
            "price_fair": 97.16,
            "eps_avg_yearly": 2.78,
            "eps_latest_yearly": 2.48,
            "eps_growth_yearly": 174.55
        },
        "20071": {
            "year_quarter": 20071,
            "year": 2007,
            "quarter": 1,
            "eps": 0.37,
            "eps_growth_year": -48.61,
            "eps_4q": 3.02,
            "eps_4q_growth_year": null,
            "roe": 2.48,
            "roe_4q": 26.54,
            "gross_profit": 4997000,
            "gross_margin": 23.69,
            "gross_margin_4q_avg": 27.85,
            "net_income": 1950000,
            "revenue": 21093000,
            "common_shares": 46113115,
            "book_valuer_per_share": 14.88,
            "book_valuer_per_share_4q_avg": 13.93,
            "equity": 80066000,
            "current_ratio": 171.9,
            "debt_ratio": 44.23,
            "inventory_turnover_ratio": 2.88,
            "account_receivable_turnover_ratio": null,
            "reinvestment_rate": 58.17,
            "research_to_sale_ratio": null,
            "price_fair": 93.04,
            "eps_avg_yearly": 2.66,
            "eps_latest_yearly": 1.48,
            "eps_growth_yearly": 144.02
        },
        "20072": {
            "year_quarter": 20072,
            "year": 2007,
            "quarter": 2,
            "eps": 0.58,
            "eps_growth_year": -65.27,
            "eps_4q": 2.37,
            "eps_4q_growth_year": -23.08,
            "roe": 3.51,
            "roe_4q": 17.12,
            "gross_profit": 6403219,
            "gross_margin": 27.41,
            "gross_margin_4q_avg": 27.57,
            "net_income": 2731991,
            "revenue": 23361563,
            "common_shares": 46296395,
            "book_valuer_per_share": 13.78,
            "book_valuer_per_share_4q_avg": 14.2,
            "equity": 75539328,
            "current_ratio": 154.64,
            "debt_ratio": 46.86,
            "inventory_turnover_ratio": 3.06,
            "account_receivable_turnover_ratio": null,
            "reinvestment_rate": 47.12,
            "research_to_sale_ratio": null,
            "price_fair": 92.05,
            "eps_avg_yearly": 2.63,
            "eps_latest_yearly": 2.32,
            "eps_growth_yearly": 150.94
        },
        "20073": {
            "year_quarter": 20073,
            "year": 2007,
            "quarter": 3,
            "eps": 0.81,
            "eps_growth_year": -14.74,
            "eps_4q": 1.88,
            "eps_4q_growth_year": -46.22,
            "roe": 6.03,
            "roe_4q": 16.36,
            "gross_profit": 8429781,
            "gross_margin": 30.4,
            "gross_margin_4q_avg": 27.43,
            "net_income": 4821009,
            "revenue": 27733437,
            "common_shares": 53928993,
            "book_valuer_per_share": 13.17,
            "book_valuer_per_share_4q_avg": 14.05,
            "equity": 84289000,
            "current_ratio": 168.53,
            "debt_ratio": 42.61,
            "inventory_turnover_ratio": 3.41,
            "account_receivable_turnover_ratio": null,
            "reinvestment_rate": 48.38,
            "research_to_sale_ratio": null,
            "price_fair": 99.52,
            "eps_avg_yearly": 2.84,
            "eps_latest_yearly": 3.24,
            "eps_growth_yearly": 150.27
        },
        "20074": {
            "year_quarter": 20074,
            "year": 2007,
            "quarter": 4,
            "eps": 0.71,
            "eps_growth_year": 14.52,
            "eps_4q": 1.92,
            "eps_4q_growth_year": -41.73,
            "roe": 5.16,
            "roe_4q": 17.18,
            "gross_profit": 9258363,
            "gross_margin": 31.95,
            "gross_margin_4q_avg": 28.36,
            "net_income": 4491484,
            "revenue": 28975069,
            "common_shares": 54475589,
            "book_valuer_per_share": 13.8,
            "book_valuer_per_share_4q_avg": 13.91,
            "equity": 89739888,
            "current_ratio": 159.16,
            "debt_ratio": 41.11,
            "inventory_turnover_ratio": 3.48,
            "account_receivable_turnover_ratio": null,
            "reinvestment_rate": 43.11,
            "research_to_sale_ratio": null,
            "price_fair": 100.68,
            "eps_avg_yearly": 2.88,
            "eps_latest_yearly": 2.84,
            "eps_growth_yearly": 59.88
        },
        "20081": {
            "year_quarter": 20081,
            "year": 2008,
            "quarter": 1,
            "eps": 0.44,
            "eps_growth_year": 18.92,
            "eps_4q": 1.97,
            "eps_4q_growth_year": -34.75,
            "roe": 3.16,
            "roe_4q": 17.86,
            "gross_profit": 6062411,
            "gross_margin": 24.55,
            "gross_margin_4q_avg": 28.58,
            "net_income": 2871193,
            "revenue": 24694728,
            "common_shares": 54660309,
            "book_valuer_per_share": 14.06,
            "book_valuer_per_share_4q_avg": 13.7,
            "equity": 91815208,
            "current_ratio": 157.14,
            "debt_ratio": 39.24,
            "inventory_turnover_ratio": 3.45,
            "account_receivable_turnover_ratio": null,
            "reinvestment_rate": 35,
            "research_to_sale_ratio": null,
            "price_fair": 100.45,
            "eps_avg_yearly": 2.87,
            "eps_latest_yearly": 1.76,
            "eps_growth_yearly": 55.4
        },
        "20082": {
            "year_quarter": 20082,
            "year": 2008,
            "quarter": 2,
            "eps": 0.44,
            "eps_growth_year": -24.14,
            "eps_4q": 2,
            "eps_4q_growth_year": -15.33,
            "roe": 3.46,
            "roe_4q": 17.810000000000002,
            "gross_profit": 6367327,
            "gross_margin": 24.86,
            "gross_margin_4q_avg": 27.94,
            "net_income": 2782791,
            "revenue": 25609663,
            "common_shares": 54769492,
            "book_valuer_per_share": 12.05,
            "book_valuer_per_share_4q_avg": 13.27,
            "equity": 68993292,
            "current_ratio": 123.6,
            "debt_ratio": 58.01,
            "inventory_turnover_ratio": 3.63,
            "account_receivable_turnover_ratio": null,
            "reinvestment_rate": 21.86,
            "research_to_sale_ratio": null,
            "price_fair": 99.05,
            "eps_avg_yearly": 2.83,
            "eps_latest_yearly": 1.76,
            "eps_growth_yearly": 48.15
        },
        "20083": {
            "year_quarter": 20083,
            "year": 2008,
            "quarter": 3,
            "eps": 0.41,
            "eps_growth_year": -49.38,
            "eps_4q": 1.84,
            "eps_4q_growth_year": -2.19,
            "roe": 3.33,
            "roe_4q": 15.11,
            "gross_profit": 6403206,
            "gross_margin": 24.8,
            "gross_margin_4q_avg": 26.54,
            "net_income": 2376681,
            "revenue": 25815096,
            "common_shares": 56819348,
            "book_valuer_per_share": 12.47,
            "book_valuer_per_share_4q_avg": 13.1,
            "equity": 73674498,
            "current_ratio": 162.38,
            "debt_ratio": 54.5,
            "inventory_turnover_ratio": 3.54,
            "account_receivable_turnover_ratio": null,
            "reinvestment_rate": 15.37,
            "research_to_sale_ratio": null,
            "price_fair": 97.88,
            "eps_avg_yearly": 2.8,
            "eps_latest_yearly": 1.64,
            "eps_growth_yearly": 48.85
        },
        "20084": {
            "year_quarter": 20084,
            "year": 2008,
            "quarter": 4,
            "eps": -0.15,
            "eps_growth_year": -121.13,
            "eps_4q": 0.97,
            "eps_4q_growth_year": -49.33,
            "roe": -1.13,
            "roe_4q": 8.82,
            "gross_profit": 2936530,
            "gross_margin": 16.04,
            "gross_margin_4q_avg": 22.56,
            "net_income": -823182,
            "revenue": 18311425,
            "common_shares": 56904278,
            "book_valuer_per_share": 12.24,
            "book_valuer_per_share_4q_avg": 12.71,
            "equity": 71960742,
            "current_ratio": 183.48,
            "debt_ratio": 52.72,
            "inventory_turnover_ratio": 2.97,
            "account_receivable_turnover_ratio": 3.22,
            "reinvestment_rate": 6.62,
            "research_to_sale_ratio": null,
            "price_fair": 97.88,
            "eps_avg_yearly": 2.8,
            "eps_latest_yearly": 1.64,
            "eps_growth_yearly": 48.85
        },
        "20091": {
            "year_quarter": 20091,
            "year": 2009,
            "quarter": 1,
            "eps": -0.3,
            "eps_growth_year": -168.18,
            "eps_4q": 0.41,
            "eps_4q_growth_year": -79.33,
            "roe": -2.25,
            "roe_4q": 3.41,
            "gross_profit": 658231,
            "gross_margin": 4.91,
            "gross_margin_4q_avg": 17.65,
            "net_income": -1596225,
            "revenue": 13397013,
            "common_shares": 55467052,
            "book_valuer_per_share": 12.26,
            "book_valuer_per_share_4q_avg": 12.26,
            "equity": 70051865,
            "current_ratio": 210.16,
            "debt_ratio": 52.98,
            "inventory_turnover_ratio": 2.76,
            "account_receivable_turnover_ratio": 1.23,
            "reinvestment_rate": 3.9,
            "research_to_sale_ratio": null,
            "price_fair": 97.88,
            "eps_avg_yearly": 2.8,
            "eps_latest_yearly": 1.64,
            "eps_growth_yearly": 48.85
        },
        "20092": {
            "year_quarter": 20092,
            "year": 2009,
            "quarter": 2,
            "eps": 0.32,
            "eps_growth_year": -27.27,
            "eps_4q": 0.3,
            "eps_4q_growth_year": -85.27,
            "roe": 2.39,
            "roe_4q": 2.3400000000000003,
            "gross_profit": 4588414,
            "gross_margin": 21.97,
            "gross_margin_4q_avg": 16.93,
            "net_income": 1646927,
            "revenue": 20881113,
            "common_shares": 54731277,
            "book_valuer_per_share": 11.98,
            "book_valuer_per_share_4q_avg": 12.24,
            "equity": 67758776,
            "current_ratio": 189.44,
            "debt_ratio": 55.15,
            "inventory_turnover_ratio": 3.37,
            "account_receivable_turnover_ratio": 1.68,
            "reinvestment_rate": 23.96,
            "research_to_sale_ratio": null,
            "price_fair": 97.88,
            "eps_avg_yearly": 2.8,
            "eps_latest_yearly": 1.64,
            "eps_growth_yearly": 48.85
        },
        "20093": {
            "year_quarter": 20093,
            "year": 2009,
            "quarter": 3,
            "eps": 0.62,
            "eps_growth_year": 51.22,
            "eps_4q": 0.47,
            "eps_4q_growth_year": -74.51,
            "roe": 4.75,
            "roe_4q": 3.7600000000000007,
            "gross_profit": 6402539,
            "gross_margin": 25.4,
            "gross_margin_4q_avg": 17.08,
            "net_income": 3298949,
            "revenue": 25204679,
            "common_shares": 54735299,
            "book_valuer_per_share": 12.53,
            "book_valuer_per_share_4q_avg": 12.25,
            "equity": 71237927,
            "current_ratio": 152.16,
            "debt_ratio": 55.08,
            "inventory_turnover_ratio": 3.44,
            "account_receivable_turnover_ratio": 1.6,
            "reinvestment_rate": 20.32,
            "research_to_sale_ratio": null,
            "price_fair": 97.03,
            "eps_avg_yearly": 2.77,
            "eps_latest_yearly": 2.48,
            "eps_growth_yearly": 73.94
        },
        "20094": {
            "year_quarter": 20094,
            "year": 2009,
            "quarter": 4,
            "eps": 0.67,
            "eps_growth_year": null,
            "eps_4q": 1.3,
            "eps_4q_growth_year": 33.87,
            "roe": 4.87,
            "roe_4q": 9.760000000000002,
            "gross_profit": 6692486,
            "gross_margin": 25.45,
            "gross_margin_4q_avg": 19.43,
            "net_income": 3553817,
            "revenue": 26292509,
            "common_shares": 54798783,
            "book_valuer_per_share": 13.86,
            "book_valuer_per_share_4q_avg": 12.66,
            "equity": 74713694,
            "current_ratio": 177.63,
            "debt_ratio": 53.9,
            "inventory_turnover_ratio": 2.19,
            "account_receivable_turnover_ratio": 2.95,
            "reinvestment_rate": 34.43,
            "research_to_sale_ratio": null,
            "price_fair": 97.03,
            "eps_avg_yearly": 2.77,
            "eps_latest_yearly": 2.68,
            "eps_growth_yearly": 49.93
        },
        "20101": {
            "year_quarter": 20101,
            "year": 2010,
            "quarter": 1,
            "eps": 0.64,
            "eps_growth_year": null,
            "eps_4q": 2.17,
            "eps_4q_growth_year": 433.47,
            "roe": 4.46,
            "roe_4q": 16.47,
            "gross_profit": 7555512,
            "gross_margin": 20.12,
            "gross_margin_4q_avg": 23.24,
            "net_income": 3617891,
            "revenue": 37554530,
            "common_shares": 54884582,
            "book_valuer_per_share": 14.88,
            "book_valuer_per_share_4q_avg": 13.31,
            "equity": 87439897,
            "current_ratio": 160.75,
            "debt_ratio": 58.32,
            "inventory_turnover_ratio": 1.82,
            "account_receivable_turnover_ratio": 1.47,
            "reinvestment_rate": 44.75,
            "research_to_sale_ratio": 3.46,
            "price_fair": 96.17,
            "eps_avg_yearly": 2.75,
            "eps_latest_yearly": 2.56,
            "eps_growth_yearly": 46.25
        },
        "20102": {
            "year_quarter": 20102,
            "year": 2010,
            "quarter": 2,
            "eps": 0.85,
            "eps_growth_year": 167.04,
            "eps_4q": 2.71,
            "eps_4q_growth_year": 819.04,
            "roe": 5.35,
            "roe_4q": 19.43,
            "gross_profit": 9916375,
            "gross_margin": 21.36,
            "gross_margin_4q_avg": 23.08,
            "net_income": 4771691,
            "revenue": 46415912,
            "common_shares": 54952125,
            "book_valuer_per_share": 15.57,
            "book_valuer_per_share_4q_avg": 14.21,
            "equity": 91078538,
            "current_ratio": 140.92,
            "debt_ratio": 56.89,
            "inventory_turnover_ratio": 1.6,
            "account_receivable_turnover_ratio": 1.37,
            "reinvestment_rate": 56.8,
            "research_to_sale_ratio": 3.36,
            "price_fair": 64.26,
            "eps_avg_yearly": 2.5,
            "eps_latest_yearly": 3.4,
            "eps_growth_yearly": 15.75
        },
        "20103": {
            "year_quarter": 20103,
            "year": 2010,
            "quarter": 3,
            "eps": 0.92,
            "eps_growth_year": 48.29,
            "eps_4q": 2.85,
            "eps_4q_growth_year": 507.59,
            "roe": 6.21,
            "roe_4q": 20.89,
            "gross_profit": 11105412,
            "gross_margin": 21.57,
            "gross_margin_4q_avg": 22.13,
            "net_income": 5704142,
            "revenue": 51489257,
            "common_shares": 60491571,
            "book_valuer_per_share": 14.93,
            "book_valuer_per_share_4q_avg": 14.81,
            "equity": 92562763,
            "current_ratio": 142.6,
            "debt_ratio": 58.41,
            "inventory_turnover_ratio": 1.61,
            "account_receivable_turnover_ratio": 1.45,
            "reinvestment_rate": 71.39,
            "research_to_sale_ratio": 3.24,
            "price_fair": 87.02,
            "eps_avg_yearly": 2.49,
            "eps_latest_yearly": 3.68,
            "eps_growth_yearly": 31.55
        },
        "20104": {
            "year_quarter": 20104,
            "year": 2010,
            "quarter": 4,
            "eps": 0.82,
            "eps_growth_year": 22.56,
            "eps_4q": 3.09,
            "eps_4q_growth_year": 137.07,
            "roe": 5.53,
            "roe_4q": 21.55,
            "gross_profit": 11967274,
            "gross_margin": 22.46,
            "gross_margin_4q_avg": 21.38,
            "net_income": 5101165,
            "revenue": 53283098,
            "common_shares": 60519872,
            "book_valuer_per_share": 14.97,
            "book_valuer_per_share_4q_avg": 15.09,
            "equity": 91839325,
            "current_ratio": 143.3,
            "debt_ratio": 55.88,
            "inventory_turnover_ratio": 1.7,
            "account_receivable_turnover_ratio": 1.54,
            "reinvestment_rate": 62.03,
            "research_to_sale_ratio": 3.06,
            "price_fair": 89.17,
            "eps_avg_yearly": 2.55,
            "eps_latest_yearly": 3.28,
            "eps_growth_yearly": 38.9
        },
        "20111": {
            "year_quarter": 20111,
            "year": 2011,
            "quarter": 1,
            "eps": 0.67,
            "eps_growth_year": 4.69,
            "eps_4q": 3.17,
            "eps_4q_growth_year": 46.27,
            "roe": 4.37,
            "roe_4q": 21.46,
            "gross_profit": 8657672,
            "gross_margin": 18.82,
            "gross_margin_4q_avg": 21.05,
            "net_income": 4133310,
            "revenue": 46005423,
            "common_shares": 60291184,
            "book_valuer_per_share": 15.83,
            "book_valuer_per_share_4q_avg": 15.33,
            "equity": 97402701,
            "current_ratio": 132.39,
            "debt_ratio": 54.37,
            "inventory_turnover_ratio": 1.58,
            "account_receivable_turnover_ratio": 1.39,
            "reinvestment_rate": 50.89,
            "research_to_sale_ratio": 3.55,
            "price_fair": 92.4,
            "eps_avg_yearly": 2.64,
            "eps_latest_yearly": 2.68,
            "eps_growth_yearly": 45.67
        },
        "20112": {
            "year_quarter": 20112,
            "year": 2011,
            "quarter": 2,
            "eps": 0.61,
            "eps_growth_year": -28.19,
            "eps_4q": 3.02,
            "eps_4q_growth_year": 11.37,
            "roe": 3.88,
            "roe_4q": 19.990000000000002,
            "gross_profit": 8964777,
            "gross_margin": 19.38,
            "gross_margin_4q_avg": 20.56,
            "net_income": 3751248,
            "revenue": 46254191,
            "common_shares": 60500605,
            "book_valuer_per_share": 15.66,
            "book_valuer_per_share_4q_avg": 15.35,
            "equity": 96151437,
            "current_ratio": 114.87,
            "debt_ratio": 54.24,
            "inventory_turnover_ratio": 1.55,
            "account_receivable_turnover_ratio": 1.39,
            "reinvestment_rate": 60.43,
            "research_to_sale_ratio": 3.68,
            "price_fair": 92.72,
            "eps_avg_yearly": 2.65,
            "eps_latest_yearly": 2.44,
            "eps_growth_yearly": 25.46
        },
        "20113": {
            "year_quarter": 20113,
            "year": 2011,
            "quarter": 3,
            "eps": 0.53,
            "eps_growth_year": -42.31,
            "eps_4q": 2.44,
            "eps_4q_growth_year": -14.34,
            "roe": 3.51,
            "roe_4q": 17.29,
            "gross_profit": 8911950,
            "gross_margin": 19.08,
            "gross_margin_4q_avg": 19.94,
            "net_income": 3482890,
            "revenue": 46697871,
            "common_shares": 67479549,
            "book_valuer_per_share": 15.12,
            "book_valuer_per_share_4q_avg": 15.4,
            "equity": 102108574,
            "current_ratio": 132.14,
            "debt_ratio": 56.31,
            "inventory_turnover_ratio": 1.48,
            "account_receivable_turnover_ratio": 1.39,
            "reinvestment_rate": 69.43,
            "research_to_sale_ratio": 3.92,
            "price_fair": 49.26,
            "eps_avg_yearly": 2.56,
            "eps_latest_yearly": 2.12,
            "eps_growth_yearly": 9.22
        },
        "20114": {
            "year_quarter": 20114,
            "year": 2011,
            "quarter": 4,
            "eps": 0.4,
            "eps_growth_year": -50.73,
            "eps_4q": 2.1,
            "eps_4q_growth_year": -31.96,
            "roe": 2.56,
            "roe_4q": 14.32,
            "gross_profit": 8474404,
            "gross_margin": 18.27,
            "gross_margin_4q_avg": 18.89,
            "net_income": 2611501,
            "revenue": 46389721,
            "common_shares": 67535632,
            "book_valuer_per_share": 15.51,
            "book_valuer_per_share_4q_avg": 15.53,
            "equity": 102282494,
            "current_ratio": 135,
            "debt_ratio": 54.31,
            "inventory_turnover_ratio": 1.33,
            "account_receivable_turnover_ratio": 1.43,
            "reinvestment_rate": 70,
            "research_to_sale_ratio": 4.21,
            "price_fair": 38.18,
            "eps_avg_yearly": 2.47,
            "eps_latest_yearly": 1.6,
            "eps_growth_yearly": 5.47
        },
        "20121": {
            "year_quarter": 20121,
            "year": 2012,
            "quarter": 1,
            "eps": 0.32,
            "eps_growth_year": -52.24,
            "eps_4q": 1.81,
            "eps_4q_growth_year": -43.05,
            "roe": 2.03,
            "roe_4q": 11.98,
            "gross_profit": 7187737,
            "gross_margin": 16.68,
            "gross_margin_4q_avg": 18.35,
            "net_income": 2118441,
            "revenue": 43100630,
            "common_shares": 66501308,
            "book_valuer_per_share": 15.93,
            "book_valuer_per_share_4q_avg": 15.56,
            "equity": 106605747,
            "current_ratio": 132.7,
            "debt_ratio": 53.04,
            "inventory_turnover_ratio": 1.22,
            "account_receivable_turnover_ratio": 1.44,
            "reinvestment_rate": 71.84,
            "research_to_sale_ratio": 4.08,
            "price_fair": 51.09,
            "eps_avg_yearly": 2.43,
            "eps_latest_yearly": 1.28,
            "eps_growth_yearly": 11.02
        },
        "20122": {
            "year_quarter": 20122,
            "year": 2012,
            "quarter": 2,
            "eps": 0.49,
            "eps_growth_year": -20.13,
            "eps_4q": 1.74,
            "eps_4q_growth_year": -42.43,
            "roe": 3.09,
            "roe_4q": 11.19,
            "gross_profit": 8857664,
            "gross_margin": 19.31,
            "gross_margin_4q_avg": 18.34,
            "net_income": 3295630,
            "revenue": 45872457,
            "common_shares": 66547168,
            "book_valuer_per_share": 15.88,
            "book_valuer_per_share_4q_avg": 15.61,
            "equity": 106392812,
            "current_ratio": 116.12,
            "debt_ratio": 54.46,
            "inventory_turnover_ratio": 1.22,
            "account_receivable_turnover_ratio": 1.51,
            "reinvestment_rate": 86.08,
            "research_to_sale_ratio": 4.25,
            "price_fair": 85.62,
            "eps_avg_yearly": 2.45,
            "eps_latest_yearly": 1.96,
            "eps_growth_yearly": 27.36
        },
        "20123": {
            "year_quarter": 20123,
            "year": 2012,
            "quarter": 3,
            "eps": 0.46,
            "eps_growth_year": -12.79,
            "eps_4q": 1.52,
            "eps_4q_growth_year": -37.61,
            "roe": 3.34,
            "roe_4q": 11.02,
            "gross_profit": 9604513,
            "gross_margin": 19.6,
            "gross_margin_4q_avg": 18.47,
            "net_income": 3593659,
            "revenue": 48991374,
            "common_shares": 75894546,
            "book_valuer_per_share": 14.21,
            "book_valuer_per_share_4q_avg": 15.38,
            "equity": 108668468,
            "current_ratio": 113.95,
            "debt_ratio": 55.09,
            "inventory_turnover_ratio": 1.22,
            "account_receivable_turnover_ratio": 1.5,
            "reinvestment_rate": 90.34,
            "research_to_sale_ratio": 4.14,
            "price_fair": 86.15,
            "eps_avg_yearly": 2.46,
            "eps_latest_yearly": 1.84,
            "eps_growth_yearly": 27.58
        },
        "20124": {
            "year_quarter": 20124,
            "year": 2012,
            "quarter": 4,
            "eps": 0.59,
            "eps_growth_year": 45.36,
            "eps_4q": 1.76,
            "eps_4q_growth_year": -16.58,
            "roe": 4.11,
            "roe_4q": 12.569999999999999,
            "gross_profit": 10973856,
            "gross_margin": 19.59,
            "gross_margin_4q_avg": 18.8,
            "net_income": 4541178,
            "revenue": 56007931,
            "common_shares": 75941496,
            "book_valuer_per_share": 14.69,
            "book_valuer_per_share_4q_avg": 15.18,
            "equity": 112459068,
            "current_ratio": 115.75,
            "debt_ratio": 54.38,
            "inventory_turnover_ratio": 1.39,
            "account_receivable_turnover_ratio": 1.58,
            "reinvestment_rate": 84.31,
            "research_to_sale_ratio": 3.82,
            "price_fair": 85.9,
            "eps_avg_yearly": 2.45,
            "eps_latest_yearly": 2.36,
            "eps_growth_yearly": 33.68
        },
        "20131": {
            "year_quarter": 20131,
            "year": 2013,
            "quarter": 1,
            "eps": 0.3,
            "eps_growth_year": -6.25,
            "eps_4q": 1.78,
            "eps_4q_growth_year": -1.72,
            "roe": 2.07,
            "roe_4q": 12.61,
            "gross_profit": 8280572,
            "gross_margin": 17.18,
            "gross_margin_4q_avg": 18.92,
            "net_income": 2355988,
            "revenue": 48189873,
            "common_shares": 76021217,
            "book_valuer_per_share": 15,
            "book_valuer_per_share_4q_avg": 14.95,
            "equity": 115681993,
            "current_ratio": 123.35,
            "debt_ratio": 53.16,
            "inventory_turnover_ratio": 1.25,
            "account_receivable_turnover_ratio": 1.36,
            "reinvestment_rate": 84.79,
            "research_to_sale_ratio": 4.12,
            "price_fair": 67.16,
            "eps_avg_yearly": 2.37,
            "eps_latest_yearly": 1.2,
            "eps_growth_yearly": 18.33
        },
        "20132": {
            "year_quarter": 20132,
            "year": 2013,
            "quarter": 2,
            "eps": 0.51,
            "eps_growth_year": 4.06,
            "eps_4q": 1.86,
            "eps_4q_growth_year": 6.9,
            "roe": 3.42,
            "roe_4q": 12.940000000000001,
            "gross_profit": 10431896,
            "gross_margin": 20.55,
            "gross_margin_4q_avg": 19.23,
            "net_income": 3911138,
            "revenue": 50759768,
            "common_shares": 76075029,
            "book_valuer_per_share": 14.59,
            "book_valuer_per_share_4q_avg": 14.62,
            "equity": 112720603,
            "current_ratio": 113.6,
            "debt_ratio": 55.83,
            "inventory_turnover_ratio": 1.27,
            "account_receivable_turnover_ratio": 1.49,
            "reinvestment_rate": 93.43,
            "research_to_sale_ratio": 4.45,
            "price_fair": 82.25,
            "eps_avg_yearly": 2.35,
            "eps_latest_yearly": 2.04,
            "eps_growth_yearly": 34.68
        },
        "20133": {
            "year_quarter": 20133,
            "year": 2013,
            "quarter": 3,
            "eps": 0.59,
            "eps_growth_year": 27.56,
            "eps_4q": 1.9,
            "eps_4q_growth_year": 24.57,
            "roe": 3.91,
            "roe_4q": 13.510000000000002,
            "gross_profit": 11587233,
            "gross_margin": 20.42,
            "gross_margin_4q_avg": 19.44,
            "net_income": 4546244,
            "revenue": 56748403,
            "common_shares": 76098162,
            "book_valuer_per_share": 15.26,
            "book_valuer_per_share_4q_avg": 14.89,
            "equity": 120094174,
            "current_ratio": 128.69,
            "debt_ratio": 56.49,
            "inventory_turnover_ratio": 1.34,
            "account_receivable_turnover_ratio": 1.54,
            "reinvestment_rate": 94.87,
            "research_to_sale_ratio": 4.27,
            "price_fair": 58.96,
            "eps_avg_yearly": 2.34,
            "eps_latest_yearly": 2.36,
            "eps_growth_yearly": 15.17
        },
        "20134": {
            "year_quarter": 20134,
            "year": 2013,
            "quarter": 4,
            "eps": 0.68,
            "eps_growth_year": 15.41,
            "eps_4q": 2.04,
            "eps_4q_growth_year": 16.51,
            "roe": 4.32,
            "roe_4q": 13.72,
            "gross_profit": 12510237,
            "gross_margin": 19.5,
            "gross_margin_4q_avg": 19.41,
            "net_income": 5341670,
            "revenue": 64164402,
            "common_shares": 77560040,
            "book_valuer_per_share": 16.1,
            "book_valuer_per_share_4q_avg": 15.24,
            "equity": 127164959,
            "current_ratio": 131.08,
            "debt_ratio": 55.66,
            "inventory_turnover_ratio": 1.47,
            "account_receivable_turnover_ratio": 1.57,
            "reinvestment_rate": 81.08,
            "research_to_sale_ratio": 3.75,
            "price_fair": 63.23,
            "eps_avg_yearly": 2.35,
            "eps_latest_yearly": 2.72,
            "eps_growth_yearly": 16.97
        },
        "20141": {
            "year_quarter": 20141,
            "year": 2014,
            "quarter": 1,
            "eps": 0.45,
            "eps_growth_year": 50,
            "eps_4q": 2.2,
            "eps_4q_growth_year": 23.7,
            "roe": 2.73,
            "roe_4q": 14.38,
            "gross_profit": 10349064,
            "gross_margin": 18.92,
            "gross_margin_4q_avg": 19.85,
            "net_income": 3556478,
            "revenue": 54699586,
            "common_shares": 77871596,
            "book_valuer_per_share": 16.78,
            "book_valuer_per_share_4q_avg": 15.68,
            "equity": 133001016,
            "current_ratio": 144.19,
            "debt_ratio": 52.47,
            "inventory_turnover_ratio": 1.25,
            "account_receivable_turnover_ratio": 1.35,
            "reinvestment_rate": 72.02,
            "research_to_sale_ratio": 4.19,
            "price_fair": 45.1,
            "eps_avg_yearly": 2.3,
            "eps_latest_yearly": 1.8,
            "eps_growth_yearly": 9.63
        },
        "20142": {
            "year_quarter": 20142,
            "year": 2014,
            "quarter": 2,
            "eps": 0.66,
            "eps_growth_year": 29.41,
            "eps_4q": 2.36,
            "eps_4q_growth_year": 26.9,
            "roe": 4.03,
            "roe_4q": 14.99,
            "gross_profit": 12599898,
            "gross_margin": 21.5,
            "gross_margin_4q_avg": 20.09,
            "net_income": 5232937,
            "revenue": 58615249,
            "common_shares": 78104549,
            "book_valuer_per_share": 15.95,
            "book_valuer_per_share_4q_avg": 16.02,
            "equity": 126876242,
            "current_ratio": 123.33,
            "debt_ratio": 55.88,
            "inventory_turnover_ratio": 1.25,
            "account_receivable_turnover_ratio": 1.48,
            "reinvestment_rate": 64.91,
            "research_to_sale_ratio": 4.57,
            "price_fair": 51.96,
            "eps_avg_yearly": 2.25,
            "eps_latest_yearly": 2.64,
            "eps_growth_yearly": 13.09
        },
        "20143": {
            "year_quarter": 20143,
            "year": 2014,
            "quarter": 3,
            "eps": 0.94,
            "eps_growth_year": 59.32,
            "eps_4q": 2.71,
            "eps_4q_growth_year": 42.71,
            "roe": 5.59,
            "roe_4q": 16.67,
            "gross_profit": 14197564,
            "gross_margin": 21.31,
            "gross_margin_4q_avg": 20.31,
            "net_income": 7352694,
            "revenue": 66631897,
            "common_shares": 78242200,
            "book_valuer_per_share": 17.06,
            "book_valuer_per_share_4q_avg": 16.47,
            "equity": 136110909,
            "current_ratio": 124.34,
            "debt_ratio": 55.33,
            "inventory_turnover_ratio": 1.32,
            "account_receivable_turnover_ratio": 1.49,
            "reinvestment_rate": 73.59,
            "research_to_sale_ratio": 3.83,
            "price_fair": 71.35,
            "eps_avg_yearly": 2.26,
            "eps_latest_yearly": 3.76,
            "eps_growth_yearly": 21.64
        },
        "20144": {
            "year_quarter": 20144,
            "year": 2014,
            "quarter": 4,
            "eps": 1.02,
            "eps_growth_year": 49.81,
            "eps_4q": 3.05,
            "eps_4q_growth_year": 49.34,
            "roe": 5.49,
            "roe_4q": 17.84,
            "gross_profit": 16393230,
            "gross_margin": 21.39,
            "gross_margin_4q_avg": 20.78,
            "net_income": 8079977,
            "revenue": 76644715,
            "common_shares": 78525378,
            "book_valuer_per_share": 19.47,
            "book_valuer_per_share_4q_avg": 17.32,
            "equity": 158436091,
            "current_ratio": 143.85,
            "debt_ratio": 52.56,
            "inventory_turnover_ratio": 1.39,
            "account_receivable_turnover_ratio": 1.51,
            "reinvestment_rate": 78.32,
            "research_to_sale_ratio": 3.61,
            "price_fair": 80.68,
            "eps_avg_yearly": 2.31,
            "eps_latest_yearly": 4.08,
            "eps_growth_yearly": 26.48
        },
        "20151": {
            "year_quarter": 20151,
            "year": 2015,
            "quarter": 1,
            "eps": 0.58,
            "eps_growth_year": 28.89,
            "eps_4q": 3.22,
            "eps_4q_growth_year": 46.4,
            "roe": 2.95,
            "roe_4q": 18.060000000000002,
            "gross_profit": 12313415,
            "gross_margin": 19.04,
            "gross_margin_4q_avg": 20.81,
            "net_income": 4650436,
            "revenue": 64662158,
            "common_shares": 78604915,
            "book_valuer_per_share": 19.46,
            "book_valuer_per_share_4q_avg": 17.99,
            "equity": 156648071,
            "current_ratio": 148.48,
            "debt_ratio": 51.43,
            "inventory_turnover_ratio": 1.14,
            "account_receivable_turnover_ratio": 1.35,
            "reinvestment_rate": 73.54,
            "research_to_sale_ratio": 3.94,
            "price_fair": 69.1,
            "eps_avg_yearly": 2.28,
            "eps_latest_yearly": 2.32,
            "eps_growth_yearly": 20.27
        },
        "20152": {
            "year_quarter": 20152,
            "year": 2015,
            "quarter": 2,
            "eps": 0.48,
            "eps_growth_year": -27.27,
            "eps_4q": 3.04,
            "eps_4q_growth_year": 28.63,
            "roe": 2.46,
            "roe_4q": 16.490000000000002,
            "gross_profit": 11565288,
            "gross_margin": 16.47,
            "gross_margin_4q_avg": 19.55,
            "net_income": 3803635,
            "revenue": 70221812,
            "common_shares": 78878816,
            "book_valuer_per_share": 18.69,
            "book_valuer_per_share_4q_avg": 18.67,
            "equity": 152688423,
            "current_ratio": 133.62,
            "debt_ratio": 54.44,
            "inventory_turnover_ratio": 1.25,
            "account_receivable_turnover_ratio": 1.5,
            "reinvestment_rate": 71.66,
            "research_to_sale_ratio": 3.89,
            "price_fair": 63.45,
            "eps_avg_yearly": 2.25,
            "eps_latest_yearly": 1.92,
            "eps_growth_yearly": 18.2
        },
        "20153": {
            "year_quarter": 20153,
            "year": 2015,
            "quarter": 3,
            "eps": 0.83,
            "eps_growth_year": -11.7,
            "eps_4q": 2.92,
            "eps_4q_growth_year": 7.94,
            "roe": 4.22,
            "roe_4q": 15.12,
            "gross_profit": 12987653,
            "gross_margin": 17.82,
            "gross_margin_4q_avg": 18.68,
            "net_income": 6682881,
            "revenue": 72870404,
            "common_shares": 78931576,
            "book_valuer_per_share": 20.1,
            "book_valuer_per_share_4q_avg": 19.43,
            "equity": 164283220,
            "current_ratio": 131.07,
            "debt_ratio": 55.41,
            "inventory_turnover_ratio": 1.21,
            "account_receivable_turnover_ratio": 1.4,
            "reinvestment_rate": 111.62,
            "research_to_sale_ratio": 3.9,
            "price_fair": 81.38,
            "eps_avg_yearly": 2.33,
            "eps_latest_yearly": 3.32,
            "eps_growth_yearly": 39.71
        },
        "20154": {
            "year_quarter": 20154,
            "year": 2015,
            "quarter": 4,
            "eps": 0.65,
            "eps_growth_year": -35.88,
            "eps_4q": 2.55,
            "eps_4q_growth_year": -16.65,
            "roe": 3.19,
            "roe_4q": 12.82,
            "gross_profit": 13268872,
            "gross_margin": 17.56,
            "gross_margin_4q_avg": 17.72,
            "net_income": 5312055,
            "revenue": 75548162,
            "common_shares": 79029290,
            "book_valuer_per_share": 20.53,
            "book_valuer_per_share_4q_avg": 19.7,
            "equity": 168419882,
            "current_ratio": 130.07,
            "debt_ratio": 53.89,
            "inventory_turnover_ratio": 1.23,
            "account_receivable_turnover_ratio": 1.54,
            "reinvestment_rate": 103.47,
            "research_to_sale_ratio": 3.72,
            "price_fair": 83.56,
            "eps_avg_yearly": 2.39,
            "eps_latest_yearly": 2.6,
            "eps_growth_yearly": 40.42
        },
        "20161": {
            "year_quarter": 20161,
            "year": 2016,
            "quarter": 1,
            "eps": 0.54,
            "eps_growth_year": -6.9,
            "eps_4q": 2.5,
            "eps_4q_growth_year": -22.23,
            "roe": 2.57,
            "roe_4q": 12.440000000000001,
            "gross_profit": 11449281,
            "gross_margin": 18.36,
            "gross_margin_4q_avg": 17.55,
            "net_income": 4337596,
            "revenue": 62371082,
            "common_shares": 79097419,
            "book_valuer_per_share": 20.65,
            "book_valuer_per_share_4q_avg": 19.99,
            "equity": 168737402,
            "current_ratio": 125.2,
            "debt_ratio": 52.67,
            "inventory_turnover_ratio": 1.09,
            "account_receivable_turnover_ratio": 1.46,
            "reinvestment_rate": 115.53,
            "research_to_sale_ratio": 4.18,
            "price_fair": 85.49,
            "eps_avg_yearly": 2.44,
            "eps_latest_yearly": 2.16,
            "eps_growth_yearly": 41.19
        },
        "20162": {
            "year_quarter": 20162,
            "year": 2016,
            "quarter": 2,
            "eps": 0.61,
            "eps_growth_year": 27.08,
            "eps_4q": 2.64,
            "eps_4q_growth_year": -13.17,
            "roe": 3.01,
            "roe_4q": 12.989999999999998,
            "gross_profit": 12254906,
            "gross_margin": 19.58,
            "gross_margin_4q_avg": 18.33,
            "net_income": 4950703,
            "revenue": 62600703,
            "common_shares": 79182729,
            "book_valuer_per_share": 19.5,
            "book_valuer_per_share_4q_avg": 20.2,
            "equity": 160228824,
            "current_ratio": 113.42,
            "debt_ratio": 54.86,
            "inventory_turnover_ratio": 1.14,
            "account_receivable_turnover_ratio": 1.47,
            "reinvestment_rate": 98.79,
            "research_to_sale_ratio": 4.38,
            "price_fair": 86.54,
            "eps_avg_yearly": 2.47,
            "eps_latest_yearly": 2.44,
            "eps_growth_yearly": 31.15
        },
        "20163": {
            "year_quarter": 20163,
            "year": 2016,
            "quarter": 3,
            "eps": 0.72,
            "eps_growth_year": -13.25,
            "eps_4q": 2.52,
            "eps_4q_growth_year": -13.87,
            "roe": 3.67,
            "roe_4q": 12.44,
            "gross_profit": 14112912,
            "gross_margin": 19.39,
            "gross_margin_4q_avg": 18.72,
            "net_income": 5899343,
            "revenue": 72783689,
            "common_shares": 79236226,
            "book_valuer_per_share": 19.58,
            "book_valuer_per_share_4q_avg": 20.07,
            "equity": 161217443,
            "current_ratio": 121.09,
            "debt_ratio": 55.3,
            "inventory_turnover_ratio": 1.27,
            "account_receivable_turnover_ratio": 1.51,
            "reinvestment_rate": 88.64,
            "research_to_sale_ratio": 4.05,
            "price_fair": 88.81,
            "eps_avg_yearly": 2.54,
            "eps_latest_yearly": 2.88,
            "eps_growth_yearly": 37.19
        },
        "20164": {
            "year_quarter": 20164,
            "year": 2016,
            "quarter": 4,
            "eps": 1.04,
            "eps_growth_year": 58.83,
            "eps_4q": 2.9,
            "eps_4q_growth_year": 13.98,
            "roe": 5.08,
            "roe_4q": 14.33,
            "gross_profit": 15377120,
            "gross_margin": 19.94,
            "gross_margin_4q_avg": 19.32,
            "net_income": 8394685,
            "revenue": 77128633,
            "common_shares": 79364735,
            "book_valuer_per_share": 20.49,
            "book_valuer_per_share_4q_avg": 20.06,
            "equity": 169347376,
            "current_ratio": 136.67,
            "debt_ratio": 52.69,
            "inventory_turnover_ratio": 1.32,
            "account_receivable_turnover_ratio": 1.5,
            "reinvestment_rate": 81.68,
            "research_to_sale_ratio": 4.01,
            "price_fair": 92.75,
            "eps_avg_yearly": 2.65,
            "eps_latest_yearly": 4.16,
            "eps_growth_yearly": 41.23
        },
        "20171": {
            "year_quarter": 20171,
            "year": 2017,
            "quarter": 1,
            "eps": 0.33,
            "eps_growth_year": -38.89,
            "eps_4q": 2.58,
            "eps_4q_growth_year": 2.94,
            "roe": 1.72,
            "roe_4q": 13.479999999999999,
            "gross_profit": 11977960,
            "gross_margin": 18,
            "gross_margin_4q_avg": 19.23,
            "net_income": 2971262,
            "revenue": 66550684,
            "common_shares": 82448753,
            "book_valuer_per_share": 20.58,
            "book_valuer_per_share_4q_avg": 20.04,
            "equity": 176790423,
            "current_ratio": 138.32,
            "debt_ratio": 49.13,
            "inventory_turnover_ratio": 1.24,
            "account_receivable_turnover_ratio": 1.4,
            "reinvestment_rate": 75.33,
            "research_to_sale_ratio": 4.15,
            "price_fair": 93.01,
            "eps_avg_yearly": 2.66,
            "eps_latest_yearly": 1.32,
            "eps_growth_yearly": 36.45
        },
        "20172": {
            "year_quarter": 20172,
            "year": 2017,
            "quarter": 2,
            "eps": 0.97,
            "eps_growth_year": 59.02,
            "eps_4q": 2.94,
            "eps_4q_growth_year": 11.68,
            "roe": 4.6,
            "roe_4q": 15.069999999999999,
            "gross_profit": 12115547,
            "gross_margin": 18.35,
            "gross_margin_4q_avg": 18.92,
            "net_income": 8183013,
            "revenue": 66026105,
            "common_shares": 82735460,
            "book_valuer_per_share": 20.82,
            "book_valuer_per_share_4q_avg": 20.37,
            "equity": 179062818,
            "current_ratio": 129.94,
            "debt_ratio": 49.79,
            "inventory_turnover_ratio": 1.26,
            "account_receivable_turnover_ratio": 1.47,
            "reinvestment_rate": 67.14,
            "research_to_sale_ratio": 4.47,
            "price_fair": 97.04,
            "eps_avg_yearly": 2.77,
            "eps_latest_yearly": 3.88,
            "eps_growth_yearly": 67.44
        },
        "20173": {
            "year_quarter": 20173,
            "year": 2017,
            "quarter": 3,
            "eps": 0.76,
            "eps_growth_year": 5.56,
            "eps_4q": 2.92,
            "eps_4q_growth_year": 16.11,
            "roe": 3.57,
            "roe_4q": 14.97,
            "gross_profit": 13847680,
            "gross_margin": 18.74,
            "gross_margin_4q_avg": 18.76,
            "net_income": 6731053,
            "revenue": 73878365,
            "common_shares": 83804781,
            "book_valuer_per_share": 21.89,
            "book_valuer_per_share_4q_avg": 20.95,
            "equity": 197955606,
            "current_ratio": 136.63,
            "debt_ratio": 45.01,
            "inventory_turnover_ratio": 1.5,
            "account_receivable_turnover_ratio": 1.51,
            "reinvestment_rate": 61.02,
            "research_to_sale_ratio": 4.04,
            "price_fair": 98.53,
            "eps_avg_yearly": 2.82,
            "eps_latest_yearly": 3.04,
            "eps_growth_yearly": 58.11
        },
        "20174": {
            "year_quarter": 20174,
            "year": 2017,
            "quarter": 4,
            "eps": 0.74,
            "eps_growth_year": -28.81,
            "eps_4q": 2.71,
            "eps_4q_growth_year": -6.43,
            "roe": 3.38,
            "roe_4q": 13.27,
            "gross_profit": 14793723,
            "gross_margin": 17.61,
            "gross_margin_4q_avg": 18.18,
            "net_income": 6793620,
            "revenue": 83986054,
            "common_shares": 87246194,
            "book_valuer_per_share": 22.52,
            "book_valuer_per_share_4q_avg": 21.45,
            "equity": 204001480,
            "current_ratio": 137.22,
            "debt_ratio": 43.93,
            "inventory_turnover_ratio": 1.94,
            "account_receivable_turnover_ratio": 1.57,
            "reinvestment_rate": 57.85,
            "research_to_sale_ratio": 3.63,
            "price_fair": 99.05,
            "eps_avg_yearly": 2.83,
            "eps_latest_yearly": 2.96,
            "eps_growth_yearly": 53.63
        },
        "20181": {
            "year_quarter": 20181,
            "year": 2018,
            "quarter": 1,
            "eps": 0.25,
            "eps_growth_year": -24.24,
            "eps_4q": 2.65,
            "eps_4q_growth_year": 3.06,
            "roe": 1.15,
            "roe_4q": 12.7,
            "gross_profit": 10387974,
            "gross_margin": 15.99,
            "gross_margin_4q_avg": 17.67,
            "net_income": 2355737,
            "revenue": 64965852,
            "common_shares": 87373067,
            "book_valuer_per_share": 22.77,
            "book_valuer_per_share_4q_avg": 22,
            "equity": 206027371,
            "current_ratio": 154.99,
            "debt_ratio": 42.27,
            "inventory_turnover_ratio": 1.6,
            "account_receivable_turnover_ratio": 1.31,
            "reinvestment_rate": 58,
            "research_to_sale_ratio": 4.27,
            "price_fair": 97.3,
            "eps_avg_yearly": 2.78,
            "eps_latest_yearly": 1,
            "eps_growth_yearly": 45.54
        }
    },
    "months": {
        "2001-06": {
            "month": "2001-06",
            "price": "23.22",
            "revenue": 1226722
        },
        "2001-07": {
            "month": "2001-07",
            "price": "19.07",
            "revenue": 1358858
        },
        "2001-08": {
            "month": "2001-08",
            "price": "18.37",
            "revenue": 1560868
        },
        "2001-09": {
            "month": "2001-09",
            "price": "16.51",
            "revenue": 1646229
        },
        "2001-10": {
            "month": "2001-10",
            "price": "17.24",
            "revenue": 1902833
        },
        "2001-11": {
            "month": "2001-11",
            "price": "21.21",
            "revenue": 2104595
        },
        "2001-12": {
            "month": "2001-12",
            "price": "30.18",
            "revenue": 1943204
        },
        "2002-01": {
            "month": "2002-01",
            "price": "30.59",
            "revenue": 1940000
        },
        "2002-02": {
            "month": "2002-02",
            "price": "27.34",
            "revenue": 1928653
        },
        "2002-03": {
            "month": "2002-03",
            "price": "33.28",
            "revenue": 2177784
        },
        "2002-04": {
            "month": "2002-04",
            "price": "36.00",
            "revenue": 2200319
        },
        "2002-05": {
            "month": "2002-05",
            "price": "31.06",
            "revenue": 1902857
        },
        "2002-06": {
            "month": "2002-06",
            "price": "25.19",
            "revenue": 1916704
        },
        "2002-07": {
            "month": "2002-07",
            "price": "22.27",
            "revenue": 2122125
        },
        "2002-08": {
            "month": "2002-08",
            "price": "19.98",
            "revenue": 2187695
        },
        "2002-09": {
            "month": "2002-09",
            "price": "19.00",
            "revenue": 2103465
        },
        "2002-10": {
            "month": "2002-10",
            "price": "18.30",
            "revenue": 2400024
        },
        "2002-11": {
            "month": "2002-11",
            "price": "21.06",
            "revenue": 2437297
        },
        "2002-12": {
            "month": "2002-12",
            "price": "21.61",
            "revenue": 2344079
        },
        "2003-01": {
            "month": "2003-01",
            "price": "20.97",
            "revenue": 2277324
        },
        "2003-02": {
            "month": "2003-02",
            "price": "18.34",
            "revenue": 2083986
        },
        "2003-03": {
            "month": "2003-03",
            "price": "18.70",
            "revenue": 2256333
        },
        "2003-04": {
            "month": "2003-04",
            "price": "19.71",
            "revenue": 2362847
        },
        "2003-05": {
            "month": "2003-05",
            "price": "18.65",
            "revenue": 2217294
        },
        "2003-06": {
            "month": "2003-06",
            "price": "20.98",
            "revenue": 2274107
        },
        "2003-07": {
            "month": "2003-07",
            "price": "24.36",
            "revenue": 2412917
        },
        "2003-08": {
            "month": "2003-08",
            "price": "25.10",
            "revenue": 2636730
        },
        "2003-09": {
            "month": "2003-09",
            "price": "26.99",
            "revenue": 2937907
        },
        "2003-10": {
            "month": "2003-10",
            "price": "29.20",
            "revenue": 3204848
        },
        "2003-11": {
            "month": "2003-11",
            "price": "33.10",
            "revenue": 3400037
        },
        "2003-12": {
            "month": "2003-12",
            "price": "32.60",
            "revenue": 3436460
        },
        "2004-01": {
            "month": "2004-01",
            "price": "37.35",
            "revenue": 2701952
        },
        "2004-02": {
            "month": "2004-02",
            "price": "37.24",
            "revenue": 3000081
        },
        "2004-03": {
            "month": "2004-03",
            "price": "36.23",
            "revenue": 3181839
        },
        "2004-04": {
            "month": "2004-04",
            "price": "33.24",
            "revenue": 2983029
        },
        "2004-05": {
            "month": "2004-05",
            "price": "24.03",
            "revenue": 3110267
        },
        "2004-06": {
            "month": "2004-06",
            "price": "24.37",
            "revenue": 3128018
        },
        "2004-07": {
            "month": "2004-07",
            "price": "24.43",
            "revenue": 3211408
        },
        "2004-08": {
            "month": "2004-08",
            "price": "23.74",
            "revenue": 4249391
        },
        "2004-09": {
            "month": "2004-09",
            "price": "23.20",
            "revenue": 4336752
        },
        "2004-10": {
            "month": "2004-10",
            "price": "23.03",
            "revenue": 4743006
        },
        "2004-11": {
            "month": "2004-11",
            "price": "24.55",
            "revenue": 4448597
        },
        "2004-12": {
            "month": "2004-12",
            "price": "23.56",
            "revenue": 4159627
        },
        "2005-01": {
            "month": "2005-01",
            "price": "22.02",
            "revenue": 3977683
        },
        "2005-02": {
            "month": "2005-02",
            "price": "23.91",
            "revenue": 3396501
        },
        "2005-03": {
            "month": "2005-03",
            "price": "23.48",
            "revenue": 3894843
        },
        "2005-04": {
            "month": "2005-04",
            "price": "22.35",
            "revenue": 3728499
        },
        "2005-05": {
            "month": "2005-05",
            "price": "20.90",
            "revenue": 3460809
        },
        "2005-06": {
            "month": "2005-06",
            "price": "23.66",
            "revenue": 3927398
        },
        "2005-07": {
            "month": "2005-07",
            "price": "24.47",
            "revenue": 6777314
        },
        "2005-08": {
            "month": "2005-08",
            "price": "23.72",
            "revenue": 7612126
        },
        "2005-09": {
            "month": "2005-09",
            "price": "21.93",
            "revenue": 7950546
        },
        "2005-10": {
            "month": "2005-10",
            "price": "21.10",
            "revenue": 8583227
        },
        "2005-11": {
            "month": "2005-11",
            "price": "22.19",
            "revenue": 8761950
        },
        "2005-12": {
            "month": "2005-12",
            "price": "27.32",
            "revenue": 9058784
        },
        "2006-01": {
            "month": "2006-01",
            "price": "28.95",
            "revenue": 8248470
        },
        "2006-02": {
            "month": "2006-02",
            "price": "28.07",
            "revenue": 7845824
        },
        "2006-03": {
            "month": "2006-03",
            "price": "28.14",
            "revenue": 8741426
        },
        "2006-04": {
            "month": "2006-04",
            "price": "33.09",
            "revenue": 8627990
        },
        "2006-05": {
            "month": "2006-05",
            "price": "34.90",
            "revenue": 8696942
        },
        "2006-06": {
            "month": "2006-06",
            "price": "30.85",
            "revenue": 8964467
        },
        "2006-07": {
            "month": "2006-07",
            "price": "29.29",
            "revenue": 8969205
        },
        "2006-08": {
            "month": "2006-08",
            "price": "30.93",
            "revenue": 9069896
        },
        "2006-09": {
            "month": "2006-09",
            "price": "32.89",
            "revenue": 8686755
        },
        "2006-10": {
            "month": "2006-10",
            "price": "30.53",
            "revenue": 8262148
        },
        "2006-11": {
            "month": "2006-11",
            "price": "33.50",
            "revenue": 7416872
        },
        "2006-12": {
            "month": "2006-12",
            "price": "36.61",
            "revenue": 6892337
        },
        "2007-01": {
            "month": "2007-01",
            "price": "37.29",
            "revenue": 7143556
        },
        "2007-02": {
            "month": "2007-02",
            "price": "37.75",
            "revenue": 6518077
        },
        "2007-03": {
            "month": "2007-03",
            "price": "39.66",
            "revenue": 7431084
        },
        "2007-04": {
            "month": "2007-04",
            "price": "40.32",
            "revenue": 7408258
        },
        "2007-05": {
            "month": "2007-05",
            "price": "38.89",
            "revenue": 7979090
        },
        "2007-06": {
            "month": "2007-06",
            "price": "43.26",
            "revenue": 7974498
        },
        "2007-07": {
            "month": "2007-07",
            "price": "45.82",
            "revenue": 8546359
        },
        "2007-08": {
            "month": "2007-08",
            "price": "36.73",
            "revenue": 9386859
        },
        "2007-09": {
            "month": "2007-09",
            "price": "33.49",
            "revenue": 9799647
        },
        "2007-10": {
            "month": "2007-10",
            "price": "36.21",
            "revenue": 10160496
        },
        "2007-11": {
            "month": "2007-11",
            "price": "35.08",
            "revenue": 9565706
        },
        "2007-12": {
            "month": "2007-12",
            "price": "31.76",
            "revenue": 9249737
        },
        "2008-01": {
            "month": "2008-01",
            "price": "27.64",
            "revenue": 8591692
        },
        "2008-02": {
            "month": "2008-02",
            "price": "27.42",
            "revenue": 7719100
        },
        "2008-03": {
            "month": "2008-03",
            "price": "28.04",
            "revenue": 8383936
        },
        "2008-04": {
            "month": "2008-04",
            "price": "31.21",
            "revenue": 8387425
        },
        "2008-05": {
            "month": "2008-05",
            "price": "32.75",
            "revenue": 8640100
        },
        "2008-06": {
            "month": "2008-06",
            "price": "29.95",
            "revenue": 8584189
        },
        "2008-07": {
            "month": "2008-07",
            "price": "26.12",
            "revenue": 8713446
        },
        "2008-08": {
            "month": "2008-08",
            "price": "24.67",
            "revenue": 8781315
        },
        "2008-09": {
            "month": "2008-09",
            "price": "19.19",
            "revenue": 8318284
        },
        "2008-10": {
            "month": "2008-10",
            "price": "14.19",
            "revenue": 8025324
        },
        "2008-11": {
            "month": "2008-11",
            "price": "11.29",
            "revenue": 6140163
        },
        "2008-12": {
            "month": "2008-12",
            "price": "11.19",
            "revenue": 4141436
        },
        "2009-01": {
            "month": "2009-01",
            "price": "11.86",
            "revenue": 3616564
        },
        "2009-02": {
            "month": "2009-02",
            "price": "12.10",
            "revenue": 4285950
        },
        "2009-03": {
            "month": "2009-03",
            "price": "15.22",
            "revenue": 5494499
        },
        "2009-04": {
            "month": "2009-04",
            "price": "17.00",
            "revenue": 6115570
        },
        "2009-05": {
            "month": "2009-05",
            "price": "20.02",
            "revenue": 7037180
        },
        "2009-06": {
            "month": "2009-06",
            "price": "18.70",
            "revenue": 7728363
        },
        "2009-07": {
            "month": "2009-07",
            "price": "20.83",
            "revenue": 8048396
        },
        "2009-08": {
            "month": "2009-08",
            "price": "23.35",
            "revenue": 8349107
        },
        "2009-09": {
            "month": "2009-09",
            "price": "25.94",
            "revenue": 8807176
        },
        "2009-10": {
            "month": "2009-10",
            "price": "27.01",
            "revenue": 8910430
        },
        "2009-11": {
            "month": "2009-11",
            "price": "27.62",
            "revenue": 8685735
        },
        "2009-12": {
            "month": "2009-12",
            "price": "27.55",
            "revenue": 8696344
        },
        "2010-01": {
            "month": "2010-01",
            "price": "29.08",
            "revenue": 8723415
        },
        "2010-02": {
            "month": "2010-02",
            "price": "26.26",
            "revenue": 12984173
        },
        "2010-03": {
            "month": "2010-03",
            "price": "27.49",
            "revenue": 15846942
        },
        "2010-04": {
            "month": "2010-04",
            "price": "30.73",
            "revenue": 14662585
        },
        "2010-05": {
            "month": "2010-05",
            "price": "28.01",
            "revenue": 15495920
        },
        "2010-06": {
            "month": "2010-06",
            "price": "26.71",
            "revenue": 16257407
        },
        "2010-07": {
            "month": "2010-07",
            "price": "26.28",
            "revenue": 16808409
        },
        "2010-08": {
            "month": "2010-08",
            "price": "24.38",
            "revenue": 17312921
        },
        "2010-09": {
            "month": "2010-09",
            "price": "23.93",
            "revenue": 17367927
        },
        "2010-10": {
            "month": "2010-10",
            "price": "25.07",
            "revenue": 16907510
        },
        "2010-11": {
            "month": "2010-11",
            "price": "28.23",
            "revenue": 16822446
        },
        "2010-12": {
            "month": "2010-12",
            "price": "32.79",
            "revenue": 19553142
        },
        "2011-01": {
            "month": "2011-01",
            "price": "34.90",
            "revenue": 15606687
        },
        "2011-02": {
            "month": "2011-02",
            "price": "34.38",
            "revenue": 13871672
        },
        "2011-03": {
            "month": "2011-03",
            "price": "32.46",
            "revenue": 16527256
        },
        "2011-04": {
            "month": "2011-04",
            "price": "31.26",
            "revenue": 16105445
        },
        "2011-05": {
            "month": "2011-05",
            "price": "33.81",
            "revenue": 15437875
        },
        "2011-06": {
            "month": "2011-06",
            "price": "33.63",
            "revenue": 14710654
        },
        "2011-07": {
            "month": "2011-07",
            "price": "31.21",
            "revenue": 15415567
        },
        "2011-08": {
            "month": "2011-08",
            "price": "27.13",
            "revenue": 15857233
        },
        "2011-09": {
            "month": "2011-09",
            "price": "27.21",
            "revenue": 15425096
        },
        "2011-10": {
            "month": "2011-10",
            "price": "26.24",
            "revenue": 15733094
        },
        "2011-11": {
            "month": "2011-11",
            "price": "27.36",
            "revenue": 15717114
        },
        "2011-12": {
            "month": "2011-12",
            "price": "26.66",
            "revenue": 14939513
        },
        "2012-01": {
            "month": "2012-01",
            "price": "27.62",
            "revenue": 13554915
        },
        "2012-02": {
            "month": "2012-02",
            "price": "28.83",
            "revenue": 14180255
        },
        "2012-03": {
            "month": "2012-03",
            "price": "28.66",
            "revenue": 15365459
        },
        "2012-04": {
            "month": "2012-04",
            "price": "29.17",
            "revenue": 14867308
        },
        "2012-05": {
            "month": "2012-05",
            "price": "28.47",
            "revenue": 15635595
        },
        "2012-06": {
            "month": "2012-06",
            "price": "25.64",
            "revenue": 15369555
        },
        "2012-07": {
            "month": "2012-07",
            "price": "23.86",
            "revenue": 15680873
        },
        "2012-08": {
            "month": "2012-08",
            "price": "23.77",
            "revenue": 16247215
        },
        "2012-09": {
            "month": "2012-09",
            "price": "22.94",
            "revenue": 17063286
        },
        "2012-10": {
            "month": "2012-10",
            "price": "21.86",
            "revenue": 17633379
        },
        "2012-11": {
            "month": "2012-11",
            "price": "22.75",
            "revenue": 19373411
        },
        "2012-12": {
            "month": "2012-12",
            "price": "24.56",
            "revenue": 19001141
        },
        "2013-01": {
            "month": "2013-01",
            "price": "24.96",
            "revenue": 16606976
        },
        "2013-02": {
            "month": "2013-02",
            "price": "24.37",
            "revenue": 14434351
        },
        "2013-03": {
            "month": "2013-03",
            "price": "24.68",
            "revenue": 17148546
        },
        "2013-04": {
            "month": "2013-04",
            "price": "25.06",
            "revenue": 16716496
        },
        "2013-05": {
            "month": "2013-05",
            "price": "25.81",
            "revenue": 17438637
        },
        "2013-06": {
            "month": "2013-06",
            "price": "24.85",
            "revenue": 16604635
        },
        "2013-07": {
            "month": "2013-07",
            "price": "25.18",
            "revenue": 17530925
        },
        "2013-08": {
            "month": "2013-08",
            "price": "24.86",
            "revenue": 18827208
        },
        "2013-09": {
            "month": "2013-09",
            "price": "27.66",
            "revenue": 20390270
        },
        "2013-10": {
            "month": "2013-10",
            "price": "29.04",
            "revenue": 20762665
        },
        "2013-11": {
            "month": "2013-11",
            "price": "29.18",
            "revenue": 21974063
        },
        "2013-12": {
            "month": "2013-12",
            "price": "28.02",
            "revenue": 21427674
        },
        "2014-01": {
            "month": "2014-01",
            "price": "28.00",
            "revenue": 18589269
        },
        "2014-02": {
            "month": "2014-02",
            "price": "29.30",
            "revenue": 16243295
        },
        "2014-03": {
            "month": "2014-03",
            "price": "31.58",
            "revenue": 19867022
        },
        "2014-04": {
            "month": "2014-04",
            "price": "33.83",
            "revenue": 19016830
        },
        "2014-05": {
            "month": "2014-05",
            "price": "36.00",
            "revenue": 20111292
        },
        "2014-06": {
            "month": "2014-06",
            "price": "38.13",
            "revenue": 19487127
        },
        "2014-07": {
            "month": "2014-07",
            "price": "38.71",
            "revenue": 20051960
        },
        "2014-08": {
            "month": "2014-08",
            "price": "37.26",
            "revenue": 20934194
        },
        "2014-09": {
            "month": "2014-09",
            "price": "36.70",
            "revenue": 25645743
        },
        "2014-10": {
            "month": "2014-10",
            "price": "35.98",
            "revenue": 26522147
        },
        "2014-11": {
            "month": "2014-11",
            "price": "36.88",
            "revenue": 25249928
        },
        "2014-12": {
            "month": "2014-12",
            "price": "37.78",
            "revenue": 24872640
        },
        "2015-01": {
            "month": "2015-01",
            "price": "38.34",
            "revenue": 23354882
        },
        "2015-02": {
            "month": "2015-02",
            "price": "41.46",
            "revenue": 18982347
        },
        "2015-03": {
            "month": "2015-03",
            "price": "44.45",
            "revenue": 22324929
        },
        "2015-04": {
            "month": "2015-04",
            "price": "43.52",
            "revenue": 22028382
        },
        "2015-05": {
            "month": "2015-05",
            "price": "43.32",
            "revenue": 23361215
        },
        "2015-06": {
            "month": "2015-06",
            "price": "41.87",
            "revenue": 24832215
        },
        "2015-07": {
            "month": "2015-07",
            "price": "39.40",
            "revenue": 21669331
        },
        "2015-08": {
            "month": "2015-08",
            "price": "32.77",
            "revenue": 22919863
        },
        "2015-09": {
            "month": "2015-09",
            "price": "34.58",
            "revenue": 28281210
        },
        "2015-10": {
            "month": "2015-10",
            "price": "36.76",
            "revenue": 27752383
        },
        "2015-11": {
            "month": "2015-11",
            "price": "36.33",
            "revenue": 26266547
        },
        "2015-12": {
            "month": "2015-12",
            "price": "36.51",
            "revenue": 21529232
        },
        "2016-01": {
            "month": "2016-01",
            "price": "34.99",
            "revenue": 21173962
        },
        "2016-02": {
            "month": "2016-02",
            "price": "36.23",
            "revenue": 17647355
        },
        "2016-03": {
            "month": "2016-03",
            "price": "37.15",
            "revenue": 23549765
        },
        "2016-04": {
            "month": "2016-04",
            "price": "34.17",
            "revenue": 20224965
        },
        "2016-05": {
            "month": "2016-05",
            "price": "31.00",
            "revenue": 20602000
        },
        "2016-06": {
            "month": "2016-06",
            "price": "36.02",
            "revenue": 21773738
        },
        "2016-07": {
            "month": "2016-07",
            "price": "36.58",
            "revenue": 21586980
        },
        "2016-08": {
            "month": "2016-08",
            "price": "38.49",
            "revenue": 23915736
        },
        "2016-09": {
            "month": "2016-09",
            "price": "37.86",
            "revenue": 27280973
        },
        "2016-10": {
            "month": "2016-10",
            "price": "38.12",
            "revenue": 25935770
        },
        "2016-11": {
            "month": "2016-11",
            "price": "35.10",
            "revenue": 25921867
        },
        "2016-12": {
            "month": "2016-12",
            "price": "33.46",
            "revenue": 25270996
        },
        "2017-01": {
            "month": "2017-01",
            "price": "34.00",
            "revenue": 22686135
        },
        "2017-02": {
            "month": "2017-02",
            "price": "38.02",
            "revenue": 21096494
        },
        "2017-03": {
            "month": "2017-03",
            "price": "38.78",
            "revenue": 22768055
        },
        "2017-04": {
            "month": "2017-04",
            "price": "38.15",
            "revenue": 20489791
        },
        "2017-05": {
            "month": "2017-05",
            "price": "37.70",
            "revenue": 22457948
        },
        "2017-06": {
            "month": "2017-06",
            "price": "38.17",
            "revenue": 23078366
        },
        "2017-07": {
            "month": "2017-07",
            "price": "39.54",
            "revenue": 22231820
        },
        "2017-08": {
            "month": "2017-08",
            "price": "37.78",
            "revenue": 24450489
        },
        "2017-09": {
            "month": "2017-09",
            "price": "36.56",
            "revenue": 27196056
        },
        "2017-10": {
            "month": "2017-10",
            "price": "37.44",
            "revenue": 27894886
        },
        "2017-11": {
            "month": "2017-11",
            "price": "37.79",
            "revenue": 28089851
        },
        "2017-12": {
            "month": "2017-12",
            "price": "38.19",
            "revenue": 28001317
        },
        "2018-01": {
            "month": "2018-01",
            "price": "40.45",
            "revenue": 23591267
        },
        "2018-02": {
            "month": "2018-02",
            "price": "39.68",
            "revenue": 19003170
        },
        "2018-03": {
            "month": "2018-03",
            "price": "41.95",
            "revenue": 22371415
        },
        "2018-04": {
            "month": "2018-04",
            "price": "43.30",
            "revenue": 22485512
        }
    }
}
