{
    "summary": {
        "stock_name": "金寶",
        "stock_id": "2312",
        "category": "其他電子",
        "main_business": "消費性電子產品、網路通訊產品及影像產品等之製造、加工、買賣。",
        "website_url": "http://www.kinpo.com.tw",
        "ceo": "陳威昌",
        "pe_ratio": 21,
        "report_year_from": 2001,
        "report_year_to": 2023,
        "age": 22,
        "eps_negative_percentage": 42,
        "eps_growth_avg": {
            "last_all": -24.86,
            "last_2y": -20.25,
            "last_4y": -7.26,
            "last_8y": -20.06,
            "last_12y": -23.09,
            "last_16y": -28.99,
            "last_20y": -24.86,
            "at_2006_last_3y": -12.29,
            "at_2007_last_3y": -17.3,
            "at_2008_last_3y": -31.65,
            "at_2009_last_3y": -45.2,
            "at_2010_last_3y": -53.85,
            "at_2011_last_3y": -94.56,
            "at_2012_last_3y": -31.18,
            "at_2013_last_3y": -31.18,
            "at_2014_last_3y": -31.18,
            "at_2015_last_3y": -13.68,
            "at_2016_last_3y": -52.24,
            "at_2017_last_3y": -41.39,
            "at_2018_last_3y": -19.44,
            "at_2019_last_3y": -14.66,
            "at_2020_last_3y": -28.71,
            "at_2021_last_3y": -34.07,
            "at_2022_last_3y": -20.68,
            "at_2023_last_3y": -20.68,
            "at_2006_last_all": -11.37,
            "at_2007_last_all": -4.71,
            "at_2008_last_all": -16.92,
            "at_2009_last_all": -27.3,
            "at_2010_last_all": -27.3,
            "at_2011_last_all": -34.66,
            "at_2012_last_all": -21.2,
            "at_2013_last_all": -28.36,
            "at_2014_last_all": -28.36,
            "at_2015_last_all": -29.42,
            "at_2016_last_all": -28.36,
            "at_2017_last_all": -31.15,
            "at_2018_last_all": -25.98,
            "at_2019_last_all": -25.73,
            "at_2020_last_all": -28.44,
            "at_2021_last_all": -31.8,
            "at_2022_last_all": -24.86,
            "at_2023_last_all": -24.86
        },
        "latest_eps": 0.63,
        "latest_price": 13.05,
        "latest_roe": 2.94,
        "latest_gross_margin": 6.87,
        "latest_equity": 28272697,
        "latest_revenue": 39333797,
        "latest_gross_profit": 2702452,
        "latest_net_income": 272804,
        "latest_debt_ratio": 76.65,
        "latest_current_ratio": 116.21,
        "latest_account_receivable_turnover_ratio": 1.02,
        "latest_inventory_turnover_ratio": 1.45,
        "latest_reinvestment_rate": 181.04,
        "latest_research_to_sale_ratio": 1.6
    },
    "eps_dividends": {
        "1991": {
            "cash": 0,
            "stock": 1,
            "eps": 0
        },
        "1992": {
            "cash": 1,
            "stock": 1,
            "eps": 0
        },
        "1994": {
            "cash": 0,
            "stock": 2,
            "eps": 0
        },
        "1995": {
            "cash": 0,
            "stock": 3,
            "eps": 0
        },
        "1996": {
            "cash": 1,
            "stock": 2,
            "eps": 0
        },
        "1997": {
            "cash": 0,
            "stock": 2,
            "eps": 0
        },
        "1998": {
            "cash": 0,
            "stock": 3,
            "eps": 0
        },
        "1999": {
            "cash": 0,
            "stock": 3,
            "eps": 0
        },
        "2000": {
            "cash": 1,
            "stock": 3,
            "eps": 0
        },
        "2001": {
            "cash": 1,
            "stock": 2,
            "eps": 1.56
        },
        "2002": {
            "cash": 0,
            "stock": 1,
            "eps": 1.44
        },
        "2003": {
            "cash": 1,
            "stock": 1,
            "eps": 2.14
        },
        "2004": {
            "cash": 1,
            "stock": 1,
            "eps": 1.44
        },
        "2005": {
            "cash": 1,
            "stock": 1,
            "eps": 0.78
        },
        "2006": {
            "cash": 1,
            "stock": 0,
            "eps": 0.63
        },
        "2007": {
            "cash": 1,
            "stock": 0,
            "eps": 0.81
        },
        "2008": {
            "cash": 1,
            "stock": 0,
            "eps": 0.08
        },
        "2009": {
            "cash": 0,
            "stock": 0,
            "eps": -0.9
        },
        "2010": {
            "cash": 0,
            "stock": 0,
            "eps": 0.31
        },
        "2011": {
            "cash": 0,
            "stock": 0,
            "eps": 0.02
        },
        "2012": {
            "cash": 0,
            "stock": 0,
            "eps": 0.09
        },
        "2013": {
            "cash": 0,
            "stock": 0,
            "eps": -3.19
        },
        "2014": {
            "cash": 0,
            "stock": 0,
            "eps": 1.73
        },
        "2015": {
            "cash": 0,
            "stock": 0,
            "eps": 1.02
        },
        "2016": {
            "cash": 0,
            "stock": 0,
            "eps": 0.86
        },
        "2017": {
            "cash": 0,
            "stock": 0,
            "eps": 0.28
        },
        "2018": {
            "cash": 0,
            "stock": 0,
            "eps": 0.41
        },
        "2019": {
            "cash": 0,
            "stock": 0,
            "eps": 0.32
        },
        "2020": {
            "cash": 0,
            "stock": 0,
            "eps": 0.09
        },
        "2021": {
            "cash": 0,
            "stock": 0,
            "eps": 0.01
        },
        "2022": {
            "cash": 0,
            "stock": 0,
            "eps": 0.69
        },
        "2023": {
            "cash": 0,
            "stock": 0,
            "eps": 0.17
        }
    },
    "dividends": {
        "1991-04-09": {
            "cash": 0,
            "stock": 1.2
        },
        "1992-04-15": {
            "cash": 0.6,
            "stock": 0.6
        },
        "1994-03-31": {
            "cash": 0,
            "stock": 2
        },
        "1995-04-08": {
            "cash": 0,
            "stock": 2.5
        },
        "1996-04-11": {
            "cash": 0.5,
            "stock": 1.5
        },
        "1997-06-06": {
            "cash": 0,
            "stock": 2
        },
        "1998-04-15": {
            "cash": 0,
            "stock": 2.5
        },
        "1999-05-25": {
            "cash": 0,
            "stock": 2.5
        },
        "2000-04-18": {
            "cash": 0.5,
            "stock": 2.5
        },
        "2001-04-10": {
            "cash": 0.5,
            "stock": 1.5
        },
        "2002-05-28": {
            "cash": 0.2,
            "stock": 1.3
        },
        "2003-03-05": {
            "cash": 0.5,
            "stock": 1
        },
        "2004-03-01": {
            "cash": 0.7,
            "stock": 0.8
        },
        "2005-03-15": {
            "cash": 0.7,
            "stock": 0.5
        },
        "2006-03-22": {
            "cash": 0.5,
            "stock": 0.2
        },
        "2007-03-22": {
            "cash": 0.5,
            "stock": 0.2
        },
        "2008-03-24": {
            "cash": 0.6,
            "stock": 0.2
        },
        "2011-01-01": {
            "cash": 0.1,
            "stock": 0
        },
        "2011-04-28": {
            "cash": 0.1,
            "stock": 0
        },
        "2013-05-03": {
            "cash": 0.1,
            "stock": 0
        },
        "2016-09-10": {
            "cash": 0.3,
            "stock": 0
        },
        "2017-09-01": {
            "cash": 0.3,
            "stock": 0
        },
        "2018-07-31": {
            "cash": 0.3,
            "stock": 0
        },
        "2019-07-31": {
            "cash": 0.3,
            "stock": 0
        },
        "2020-08-05": {
            "cash": 0.3,
            "stock": 0
        },
        "2021-07-16": {
            "cash": 0.3,
            "stock": 0
        },
        "2022-08-26": {
            "cash": 0.2,
            "stock": 0
        },
        "2023-03-10": {
            "cash": 0.3,
            "stock": 0
        }
    },
    "prices": {
        "200101": "21.29",
        "200102": "27.62",
        "200103": "25.75",
        "200104": "26.84",
        "200105": "19.43",
        "200106": "18.27",
        "200107": "14.55",
        "200108": "15.83",
        "200109": "14.06",
        "200110": "13.81",
        "200111": "17.55",
        "200112": "20.95",
        "200201": "26.17",
        "200202": "23.92",
        "200203": "27.06",
        "200204": "31.74",
        "200205": "23.96",
        "200206": "21.79",
        "200207": "19.45",
        "200208": "20.51",
        "200209": "21.53",
        "200210": "19.92",
        "200211": "20.50",
        "200212": "19.28",
        "200301": "18.62",
        "200302": "17.12",
        "200303": "16.21",
        "200304": "16.15",
        "200305": "15.54",
        "200306": "18.08",
        "200307": "20.53",
        "200308": "21.50",
        "200309": "19.59",
        "200310": "18.86",
        "200311": "19.36",
        "200312": "19.42",
        "200401": "19.68",
        "200402": "20.36",
        "200403": "19.85",
        "200404": "19.29",
        "200405": "16.90",
        "200406": "16.84",
        "200407": "14.26",
        "200408": "14.12",
        "200409": "14.45",
        "200410": "14.13",
        "200411": "13.49",
        "200412": "13.55",
        "200501": "13.30",
        "200502": "13.51",
        "200503": "13.60",
        "200504": "13.61",
        "200505": "13.37",
        "200506": "14.85",
        "200507": "14.43",
        "200508": "14.98",
        "200509": "13.69",
        "200510": "12.49",
        "200511": "12.59",
        "200512": "13.90",
        "200601": "13.71",
        "200602": "12.89",
        "200603": "12.18",
        "200604": "12.97",
        "200605": "13.29",
        "200606": "12.00",
        "200607": "11.79",
        "200608": "11.60",
        "200609": "11.18",
        "200610": "11.65",
        "200611": "12.09",
        "200612": "12.67",
        "200701": "12.50",
        "200702": "12.40",
        "200703": "11.94",
        "200704": "12.70",
        "200705": "12.54",
        "200706": "13.08",
        "200707": "14.20",
        "200708": "12.78",
        "200709": "12.50",
        "200710": "12.75",
        "200711": "11.88",
        "200712": "10.85",
        "200801": "10.25",
        "200802": "10.22",
        "200803": "10.38",
        "200804": "11.20",
        "200805": "11.20",
        "200806": "10.00",
        "200807": "8.73",
        "200808": "8.10",
        "200809": "7.77",
        "200810": "6.54",
        "200811": "5.86",
        "200812": "6.01",
        "200901": "5.83",
        "200902": "5.89",
        "200903": "7.07",
        "200904": "8.24",
        "200905": "8.45",
        "200906": "7.66",
        "200907": "7.73",
        "200908": "8.58",
        "200909": "8.73",
        "200910": "8.98",
        "200911": "8.68",
        "200912": "9.03",
        "201001": "9.67",
        "201002": "9.18",
        "201003": "9.43",
        "201004": "9.53",
        "201005": "8.98",
        "201006": "8.78",
        "201007": "9.17",
        "201008": "9.37",
        "201009": "11.09",
        "201010": "10.92",
        "201011": "9.96",
        "201012": "10.79",
        "201101": "11.10",
        "201102": "10.31",
        "201103": "9.68",
        "201104": "9.34",
        "201105": "9.26",
        "201106": "9.32",
        "201107": "8.78",
        "201108": "7.35",
        "201109": "7.49",
        "201110": "7.67",
        "201111": "7.10",
        "201112": "6.25",
        "201201": "6.52",
        "201202": "7.78",
        "201203": "7.88",
        "201204": "6.83",
        "201205": "6.75",
        "201206": "6.46",
        "201207": "6.40",
        "201208": "6.57",
        "201209": "6.81",
        "201210": "6.51",
        "201211": "6.08",
        "201212": "6.47",
        "201301": "6.56",
        "201302": "6.81",
        "201303": "6.96",
        "201304": "6.89",
        "201305": "7.87",
        "201306": "8.39",
        "201307": "9.21",
        "201308": "9.33",
        "201309": "11.03",
        "201310": "12.36",
        "201311": "11.84",
        "201312": "10.68",
        "201401": "11.45",
        "201402": "11.79",
        "201403": "11.69",
        "201404": "11.59",
        "201405": "12.45",
        "201406": "13.54",
        "201407": "13.49",
        "201408": "13.56",
        "201409": "15.03",
        "201410": "13.24",
        "201411": "13.82",
        "201412": "14.53",
        "201501": "15.18",
        "201502": "14.69",
        "201503": "14.96",
        "201504": "13.60",
        "201505": "12.64",
        "201506": "11.61",
        "201507": "10.81",
        "201508": "10.00",
        "201509": "10.30",
        "201510": "10.64",
        "201511": "10.01",
        "201512": "9.16",
        "201601": "9.24",
        "201602": "10.35",
        "201603": "11.02",
        "201604": "10.91",
        "201605": "10.82",
        "201606": "11.90",
        "201607": "12.11",
        "201608": "12.14",
        "201609": "12.07",
        "201610": "11.93",
        "201611": "11.26",
        "201612": "11.60",
        "201701": "12.31",
        "201702": "12.67",
        "201703": "12.27",
        "201704": "11.47",
        "201705": "11.12",
        "201706": "11.18",
        "201707": "11.10",
        "201708": "10.48",
        "201709": "10.34",
        "201710": "10.38",
        "201711": "10.55",
        "201712": "10.36",
        "201801": "10.86",
        "201802": "10.33",
        "201803": "10.27",
        "201804": "10.30",
        "201805": "10.13",
        "201806": "9.95",
        "201807": "9.75",
        "201808": "10.18",
        "201809": "10.56",
        "201810": "9.74",
        "201811": "9.45",
        "201812": "9.96",
        "201901": "10.29",
        "201902": "11.44",
        "201903": "11.84",
        "201904": "11.16",
        "201905": "10.38",
        "201906": "10.32",
        "201907": "10.42",
        "201908": "10.39",
        "201909": "10.67",
        "201910": "11.06",
        "201911": "11.50",
        "201912": "12.70",
        "202001": "13.88",
        "202002": "14.15",
        "202003": "10.94",
        "202004": "11.78",
        "202005": "11.94",
        "202006": "11.30",
        "202007": "10.18",
        "202008": "10.47",
        "202009": "10.95",
        "202010": "10.95",
        "202011": "10.98",
        "202012": "12.05",
        "202101": "12.43",
        "202102": "12.43",
        "202103": "12.98",
        "202104": "15.00",
        "202105": "14.18",
        "202106": "13.31",
        "202107": "13.29",
        "202108": "12.42",
        "202109": "12.76",
        "202110": "12.34",
        "202111": "13.86",
        "202112": "14.83",
        "202201": "15.49",
        "202202": "15.62",
        "202203": "15.10",
        "202204": "15.78",
        "202205": "13.47",
        "202206": "13.44",
        "202207": "12.49",
        "202208": "12.93",
        "202209": "13.34",
        "202210": "13.89",
        "202211": "14.10",
        "202212": "14.01",
        "202301": "13.39",
        "202302": "13.75",
        "202303": "13.32",
        "202304": "13.26",
        "202305": "13.00"
    },
    "quarters": {
        "20011": {
            "year_quarter": 20011,
            "year": 2001,
            "quarter": 1,
            "eps": 0,
            "eps_growth_year": -100,
            "eps_4q": 1.19,
            "eps_4q_growth_year": -74.51,
            "roe": 0.03,
            "gross_profit": 226921,
            "gross_margin": 11.98,
            "net_income": 3718,
            "revenue": 1894162,
            "common_shares": 8191615,
            "equity": 12452821,
            "current_ratio": 124.03,
            "debt_ratio": 29.62,
            "inventory_turnover_ratio": 0.71,
            "account_receivable_turnover_ratio": null,
            "reinvestment_rate": null,
            "research_to_sale_ratio": null,
            "price_fair": 0,
            "eps_avg_yearly": 0,
            "eps_latest_yearly": 0,
            "eps_growth_yearly": 0
        },
        "20012": {
            "year_quarter": 20012,
            "year": 2001,
            "quarter": 2,
            "eps": 0.81,
            "eps_growth_year": 131.43,
            "eps_4q": 1.54,
            "eps_4q_growth_year": -65.12,
            "roe": 6.02,
            "gross_profit": 218105,
            "gross_margin": 12.69,
            "net_income": 762501,
            "revenue": 1718923,
            "common_shares": 9469393,
            "equity": 12891000,
            "current_ratio": 124.67,
            "debt_ratio": 29.72,
            "inventory_turnover_ratio": 5.54,
            "account_receivable_turnover_ratio": null,
            "reinvestment_rate": null,
            "research_to_sale_ratio": null,
            "price_fair": 0,
            "eps_avg_yearly": 0,
            "eps_latest_yearly": 0,
            "eps_growth_yearly": 0
        },
        "20013": {
            "year_quarter": 20013,
            "year": 2001,
            "quarter": 3,
            "eps": 0.42,
            "eps_growth_year": -12.5,
            "eps_4q": 1.53,
            "eps_4q_growth_year": -67.56,
            "roe": 3.12,
            "gross_profit": 482093,
            "gross_margin": 15.23,
            "net_income": 401043,
            "revenue": 3165718,
            "common_shares": 9469393,
            "equity": 12808190,
            "current_ratio": 123.52,
            "debt_ratio": 30.58,
            "inventory_turnover_ratio": 8.49,
            "account_receivable_turnover_ratio": null,
            "reinvestment_rate": null,
            "research_to_sale_ratio": null,
            "price_fair": 0,
            "eps_avg_yearly": 0,
            "eps_latest_yearly": 0,
            "eps_growth_yearly": 0
        },
        "20014": {
            "year_quarter": 20014,
            "year": 2001,
            "quarter": 4,
            "eps": 0.33,
            "eps_growth_year": -8.33,
            "eps_4q": 1.57,
            "eps_4q_growth_year": 30.04,
            "roe": 2.4,
            "gross_profit": 451785,
            "gross_margin": 12.6,
            "net_income": 311201,
            "revenue": 3586025,
            "common_shares": 9469393,
            "equity": 13108277,
            "current_ratio": 149.21,
            "debt_ratio": 47.89,
            "inventory_turnover_ratio": 1.3,
            "account_receivable_turnover_ratio": null,
            "reinvestment_rate": null,
            "research_to_sale_ratio": null,
            "price_fair": 0,
            "eps_avg_yearly": 0,
            "eps_latest_yearly": 0,
            "eps_growth_yearly": 0
        },
        "20021": {
            "year_quarter": 20021,
            "year": 2002,
            "quarter": 1,
            "eps": 0.46,
            "eps_growth_year": null,
            "eps_4q": 2.15,
            "eps_4q_growth_year": 81.08,
            "roe": 3.09,
            "gross_profit": 423782,
            "gross_margin": 14.03,
            "net_income": 401748,
            "revenue": 3021125,
            "common_shares": 9469393,
            "equity": 12910577,
            "current_ratio": 132.49,
            "debt_ratio": 32.18,
            "inventory_turnover_ratio": 1.12,
            "account_receivable_turnover_ratio": null,
            "reinvestment_rate": null,
            "research_to_sale_ratio": null,
            "price_fair": 64.4,
            "eps_avg_yearly": 1.84,
            "eps_latest_yearly": 1.84,
            "eps_growth_yearly": 157.58
        },
        "20022": {
            "year_quarter": 20022,
            "year": 2002,
            "quarter": 2,
            "eps": 0.18,
            "eps_growth_year": -77.78,
            "eps_4q": 1.26,
            "eps_4q_growth_year": -18.35,
            "roe": 1.41,
            "gross_profit": 415473,
            "gross_margin": 14.01,
            "net_income": 185847,
            "revenue": 2965998,
            "common_shares": 9469393,
            "equity": 13416003,
            "current_ratio": 108.46,
            "debt_ratio": 31.74,
            "inventory_turnover_ratio": 14.34,
            "account_receivable_turnover_ratio": null,
            "reinvestment_rate": null,
            "research_to_sale_ratio": null,
            "price_fair": 3.84,
            "eps_avg_yearly": 1.28,
            "eps_latest_yearly": 0.72,
            "eps_growth_yearly": -42.95
        },
        "20023": {
            "year_quarter": 20023,
            "year": 2002,
            "quarter": 3,
            "eps": 0.55,
            "eps_growth_year": 30.95,
            "eps_4q": 1.43,
            "eps_4q_growth_year": -6.39,
            "roe": 4.03,
            "gross_profit": 457465,
            "gross_margin": 11.45,
            "net_income": 559030,
            "revenue": 3996515,
            "common_shares": 10774337,
            "equity": 14316998,
            "current_ratio": 122.69,
            "debt_ratio": 28.37,
            "inventory_turnover_ratio": 18.8,
            "account_receivable_turnover_ratio": null,
            "reinvestment_rate": null,
            "research_to_sale_ratio": null,
            "price_fair": 55.53,
            "eps_avg_yearly": 1.59,
            "eps_latest_yearly": 2.2,
            "eps_growth_yearly": 245.44
        },
        "20024": {
            "year_quarter": 20024,
            "year": 2002,
            "quarter": 4,
            "eps": 0.25,
            "eps_growth_year": -24.24,
            "eps_4q": 1.37,
            "eps_4q_growth_year": -12.32,
            "roe": 1.68,
            "gross_profit": 425553,
            "gross_margin": 12.61,
            "net_income": 254901,
            "revenue": 3375880,
            "common_shares": 10774337,
            "equity": 16035861,
            "current_ratio": 203.13,
            "debt_ratio": 39,
            "inventory_turnover_ratio": 1.28,
            "account_receivable_turnover_ratio": null,
            "reinvestment_rate": 28.56,
            "research_to_sale_ratio": null,
            "price_fair": 50.4,
            "eps_avg_yearly": 1.44,
            "eps_latest_yearly": 1,
            "eps_growth_yearly": 129.53
        },
        "20031": {
            "year_quarter": 20031,
            "year": 2003,
            "quarter": 1,
            "eps": 0.26,
            "eps_growth_year": -43.48,
            "eps_4q": 1.24,
            "eps_4q_growth_year": -42.47,
            "roe": 1.74,
            "gross_profit": 319918,
            "gross_margin": 12.81,
            "net_income": 266294,
            "revenue": 2497903,
            "common_shares": 10774337,
            "equity": 14598540,
            "current_ratio": 134.07,
            "debt_ratio": 26.39,
            "inventory_turnover_ratio": 0.95,
            "account_receivable_turnover_ratio": null,
            "reinvestment_rate": 2.86,
            "research_to_sale_ratio": null,
            "price_fair": 47.6,
            "eps_avg_yearly": 1.36,
            "eps_latest_yearly": 1.04,
            "eps_growth_yearly": 106.83
        },
        "20032": {
            "year_quarter": 20032,
            "year": 2003,
            "quarter": 2,
            "eps": 0.51,
            "eps_growth_year": 183.33,
            "eps_4q": 1.44,
            "eps_4q_growth_year": 14.32,
            "roe": 4.05,
            "gross_profit": 412036,
            "gross_margin": 13.26,
            "net_income": 592875,
            "revenue": 3108246,
            "common_shares": 10774337,
            "equity": 14710036,
            "current_ratio": 129.53,
            "debt_ratio": 31.15,
            "inventory_turnover_ratio": 16.95,
            "account_receivable_turnover_ratio": null,
            "reinvestment_rate": 2.08,
            "research_to_sale_ratio": null,
            "price_fair": 51.57,
            "eps_avg_yearly": 1.47,
            "eps_latest_yearly": 2.04,
            "eps_growth_yearly": 153.13
        },
        "20033": {
            "year_quarter": 20033,
            "year": 2003,
            "quarter": 3,
            "eps": 1.11,
            "eps_growth_year": 101.82,
            "eps_4q": 2.07,
            "eps_4q_growth_year": 44.52,
            "roe": 8.33,
            "gross_profit": 462957,
            "gross_margin": 10.54,
            "net_income": 1284313,
            "revenue": 4391516,
            "common_shares": 11914839,
            "equity": 16118433,
            "current_ratio": 174.43,
            "debt_ratio": 25.15,
            "inventory_turnover_ratio": 26.06,
            "account_receivable_turnover_ratio": null,
            "reinvestment_rate": 0.86,
            "research_to_sale_ratio": null,
            "price_fair": 66.4,
            "eps_avg_yearly": 1.9,
            "eps_latest_yearly": 4.44,
            "eps_growth_yearly": 198.48
        },
        "20034": {
            "year_quarter": 20034,
            "year": 2003,
            "quarter": 4,
            "eps": 0.26,
            "eps_growth_year": 4,
            "eps_4q": 2.11,
            "eps_4q_growth_year": 53.76,
            "roe": 1.72,
            "gross_profit": 395315,
            "gross_margin": 10.65,
            "net_income": 300668,
            "revenue": 3712353,
            "common_shares": 11914839,
            "equity": 18768060,
            "current_ratio": 166.1,
            "debt_ratio": 40.95,
            "inventory_turnover_ratio": 1.21,
            "account_receivable_turnover_ratio": null,
            "reinvestment_rate": 43.47,
            "research_to_sale_ratio": null,
            "price_fair": 62.65,
            "eps_avg_yearly": 1.79,
            "eps_latest_yearly": 1.04,
            "eps_growth_yearly": 135.38
        },
        "20041": {
            "year_quarter": 20041,
            "year": 2004,
            "quarter": 1,
            "eps": 0.22,
            "eps_growth_year": -15.38,
            "eps_4q": 2.08,
            "eps_4q_growth_year": 68.15,
            "roe": 1.47,
            "gross_profit": 431297,
            "gross_margin": 13.9,
            "net_income": 257791,
            "revenue": 3102553,
            "common_shares": 11914839,
            "equity": 16368293,
            "current_ratio": 277.63,
            "debt_ratio": 19.87,
            "inventory_turnover_ratio": 1,
            "account_receivable_turnover_ratio": null,
            "reinvestment_rate": -1.13,
            "research_to_sale_ratio": null,
            "price_fair": 59.11,
            "eps_avg_yearly": 1.69,
            "eps_latest_yearly": 0.88,
            "eps_growth_yearly": 113.5
        },
        "20042": {
            "year_quarter": 20042,
            "year": 2004,
            "quarter": 2,
            "eps": 0.2,
            "eps_growth_year": -60.78,
            "eps_4q": 1.69,
            "eps_4q_growth_year": 17.49,
            "roe": 1.54,
            "gross_profit": 399256,
            "gross_margin": 12.73,
            "net_income": 247204,
            "revenue": 3136780,
            "common_shares": 11914839,
            "equity": 15659302,
            "current_ratio": 128.6,
            "debt_ratio": 23.32,
            "inventory_turnover_ratio": 106.11,
            "account_receivable_turnover_ratio": null,
            "reinvestment_rate": -1.3,
            "research_to_sale_ratio": null,
            "price_fair": 56,
            "eps_avg_yearly": 1.6,
            "eps_latest_yearly": 0.8,
            "eps_growth_yearly": 98.51
        },
        "20043": {
            "year_quarter": 20043,
            "year": 2004,
            "quarter": 3,
            "eps": 0.69,
            "eps_growth_year": -37.84,
            "eps_4q": 1.34,
            "eps_4q_growth_year": -35.52,
            "roe": 5.34,
            "gross_profit": 612374,
            "gross_margin": 11.02,
            "net_income": 859734,
            "revenue": 5558177,
            "common_shares": 12948027,
            "equity": 16548764,
            "current_ratio": 140,
            "debt_ratio": 23.41,
            "inventory_turnover_ratio": 195.69,
            "account_receivable_turnover_ratio": null,
            "reinvestment_rate": -1.99,
            "research_to_sale_ratio": null,
            "price_fair": 59.69,
            "eps_avg_yearly": 1.71,
            "eps_latest_yearly": 2.76,
            "eps_growth_yearly": 178.65
        },
        "20044": {
            "year_quarter": 20044,
            "year": 2004,
            "quarter": 4,
            "eps": 0.33,
            "eps_growth_year": 26.92,
            "eps_4q": 1.41,
            "eps_4q_growth_year": -33.39,
            "roe": 2.31,
            "gross_profit": 542144,
            "gross_margin": 11.25,
            "net_income": 417871,
            "revenue": 4820240,
            "common_shares": 12948027,
            "equity": 19666860,
            "current_ratio": 142.55,
            "debt_ratio": 51.54,
            "inventory_turnover_ratio": 1.1,
            "account_receivable_turnover_ratio": null,
            "reinvestment_rate": 32.09,
            "research_to_sale_ratio": null,
            "price_fair": 58.57,
            "eps_avg_yearly": 1.67,
            "eps_latest_yearly": 1.32,
            "eps_growth_yearly": 146.37
        },
        "20051": {
            "year_quarter": 20051,
            "year": 2005,
            "quarter": 1,
            "eps": 0.15,
            "eps_growth_year": -31.82,
            "eps_4q": 1.37,
            "eps_4q_growth_year": -34.11,
            "roe": 1.03,
            "gross_profit": 448433,
            "gross_margin": 13.95,
            "net_income": 187525,
            "revenue": 3215116,
            "common_shares": 12948027,
            "equity": 16836526,
            "current_ratio": 137.58,
            "debt_ratio": 25.54,
            "inventory_turnover_ratio": 0.71,
            "account_receivable_turnover_ratio": null,
            "reinvestment_rate": -2.03,
            "research_to_sale_ratio": null,
            "price_fair": 55.68,
            "eps_avg_yearly": 1.59,
            "eps_latest_yearly": 0.6,
            "eps_growth_yearly": 118.33
        },
        "20052": {
            "year_quarter": 20052,
            "year": 2005,
            "quarter": 2,
            "eps": 0.05,
            "eps_growth_year": -75,
            "eps_4q": 1.07,
            "eps_4q_growth_year": -36.6,
            "roe": 0.44,
            "gross_profit": 590324,
            "gross_margin": 11.88,
            "net_income": 71676,
            "revenue": 4969585,
            "common_shares": 12948027,
            "equity": 15932569,
            "current_ratio": 112.96,
            "debt_ratio": 28.06,
            "inventory_turnover_ratio": 2190.73,
            "account_receivable_turnover_ratio": null,
            "reinvestment_rate": -2.33,
            "research_to_sale_ratio": null,
            "price_fair": 52.2,
            "eps_avg_yearly": 1.49,
            "eps_latest_yearly": 0.2,
            "eps_growth_yearly": 90.83
        },
        "20053": {
            "year_quarter": 20053,
            "year": 2005,
            "quarter": 3,
            "eps": 0.51,
            "eps_growth_year": -26.09,
            "eps_4q": 1.02,
            "eps_4q_growth_year": -23.84,
            "roe": 4.13,
            "gross_profit": 593813,
            "gross_margin": 11.88,
            "net_income": 679810,
            "revenue": 4999448,
            "common_shares": 13651428,
            "equity": 16997151,
            "current_ratio": 138.03,
            "debt_ratio": 23.35,
            "inventory_turnover_ratio": 666.31,
            "account_receivable_turnover_ratio": null,
            "reinvestment_rate": -2.16,
            "research_to_sale_ratio": null,
            "price_fair": 53.48,
            "eps_avg_yearly": 1.53,
            "eps_latest_yearly": 2.04,
            "eps_growth_yearly": 330.11
        },
        "20054": {
            "year_quarter": 20054,
            "year": 2005,
            "quarter": 4,
            "eps": 0.07,
            "eps_growth_year": -78.79,
            "eps_4q": 0.79,
            "eps_4q_growth_year": -43.71,
            "roe": 0.48,
            "gross_profit": 605315,
            "gross_margin": 11.68,
            "net_income": 90983,
            "revenue": 5182707,
            "common_shares": 13651428,
            "equity": 21062806,
            "current_ratio": 130.99,
            "debt_ratio": 50.15,
            "inventory_turnover_ratio": 1.32,
            "account_receivable_turnover_ratio": null,
            "reinvestment_rate": 52.89,
            "research_to_sale_ratio": null,
            "price_fair": 50.75,
            "eps_avg_yearly": 1.45,
            "eps_latest_yearly": 0.28,
            "eps_growth_yearly": 287.91
        },
        "20061": {
            "year_quarter": 20061,
            "year": 2006,
            "quarter": 1,
            "eps": 0.41,
            "eps_growth_year": 173.33,
            "eps_4q": 1.04,
            "eps_4q_growth_year": -23.8,
            "roe": 2.55,
            "gross_profit": 491857,
            "gross_margin": 15.87,
            "net_income": 545024,
            "revenue": 3100030,
            "common_shares": 13651428,
            "equity": 21729498,
            "current_ratio": 130.28,
            "debt_ratio": 14.77,
            "inventory_turnover_ratio": 0.75,
            "account_receivable_turnover_ratio": null,
            "reinvestment_rate": -1.95,
            "research_to_sale_ratio": null,
            "price_fair": 50.31,
            "eps_avg_yearly": 1.44,
            "eps_latest_yearly": 1.64,
            "eps_growth_yearly": 399.49
        },
        "20062": {
            "year_quarter": 20062,
            "year": 2006,
            "quarter": 2,
            "eps": -0.07,
            "eps_growth_year": -240,
            "eps_4q": 0.89,
            "eps_4q_growth_year": -16.63,
            "roe": -0.45,
            "gross_profit": 622587,
            "gross_margin": 12.65,
            "net_income": -95698,
            "revenue": 4923336,
            "common_shares": 13651428,
            "equity": 20488812,
            "current_ratio": 112.16,
            "debt_ratio": 20.88,
            "inventory_turnover_ratio": 634.05,
            "account_receivable_turnover_ratio": null,
            "reinvestment_rate": -1.89,
            "research_to_sale_ratio": null,
            "price_fair": 51.99,
            "eps_avg_yearly": 1.49,
            "eps_latest_yearly": 1.64,
            "eps_growth_yearly": 442.35
        },
        "20063": {
            "year_quarter": 20063,
            "year": 2006,
            "quarter": 3,
            "eps": 0.56,
            "eps_growth_year": 9.8,
            "eps_4q": 0.96,
            "eps_4q_growth_year": -5.75,
            "roe": 3.63,
            "gross_profit": 615635,
            "gross_margin": 9.93,
            "net_income": 757477,
            "revenue": 6199383,
            "common_shares": 13952266,
            "equity": 21237435,
            "current_ratio": 129.09,
            "debt_ratio": 21.7,
            "inventory_turnover_ratio": 2138.14,
            "account_receivable_turnover_ratio": null,
            "reinvestment_rate": -1.75,
            "research_to_sale_ratio": null,
            "price_fair": 50.2,
            "eps_avg_yearly": 1.43,
            "eps_latest_yearly": 1.64,
            "eps_growth_yearly": 415.22
        },
        "20064": {
            "year_quarter": 20064,
            "year": 2006,
            "quarter": 4,
            "eps": -0.27,
            "eps_growth_year": -485.71,
            "eps_4q": 0.49,
            "eps_4q_growth_year": -37.78,
            "roe": -1.72,
            "gross_profit": 397549,
            "gross_margin": 10.03,
            "net_income": -366033,
            "revenue": 3962304,
            "common_shares": 13952266,
            "equity": 21440007,
            "current_ratio": 103.06,
            "debt_ratio": 25.16,
            "inventory_turnover_ratio": 3.55,
            "account_receivable_turnover_ratio": null,
            "reinvestment_rate": -10.37,
            "research_to_sale_ratio": null,
            "price_fair": 51.37,
            "eps_avg_yearly": 1.47,
            "eps_latest_yearly": 1.64,
            "eps_growth_yearly": 463.94
        },
        "20071": {
            "year_quarter": 20071,
            "year": 2007,
            "quarter": 1,
            "eps": 0.25,
            "eps_growth_year": -39.02,
            "eps_4q": 0.47,
            "eps_4q_growth_year": -54.88,
            "roe": 1.56,
            "gross_profit": 445100,
            "gross_margin": 11.79,
            "net_income": 334662,
            "revenue": 3776673,
            "common_shares": 13952266,
            "equity": 21490163,
            "current_ratio": 126.29,
            "debt_ratio": 14.42,
            "inventory_turnover_ratio": 3.31,
            "account_receivable_turnover_ratio": null,
            "reinvestment_rate": -1.7,
            "research_to_sale_ratio": null,
            "price_fair": 52.62,
            "eps_avg_yearly": 1.5,
            "eps_latest_yearly": 1.64,
            "eps_growth_yearly": 501.27
        },
        "20072": {
            "year_quarter": 20072,
            "year": 2007,
            "quarter": 2,
            "eps": 0.07,
            "eps_growth_year": null,
            "eps_4q": 0.59,
            "eps_4q_growth_year": -34.12,
            "roe": 0.45,
            "gross_profit": 538936,
            "gross_margin": 11.01,
            "net_income": 97976,
            "revenue": 4893759,
            "common_shares": 13952266,
            "equity": 22404250,
            "current_ratio": 114.65,
            "debt_ratio": 18.49,
            "inventory_turnover_ratio": 1825.92,
            "account_receivable_turnover_ratio": null,
            "reinvestment_rate": -1.77,
            "research_to_sale_ratio": null,
            "price_fair": 47.48,
            "eps_avg_yearly": 1.36,
            "eps_latest_yearly": 0.28,
            "eps_growth_yearly": 445.22
        },
        "20073": {
            "year_quarter": 20073,
            "year": 2007,
            "quarter": 3,
            "eps": 0.41,
            "eps_growth_year": -26.79,
            "eps_4q": 0.46,
            "eps_4q_growth_year": -52.24,
            "roe": 2.48,
            "gross_profit": 505905,
            "gross_margin": 9.14,
            "net_income": 566045,
            "revenue": 5533698,
            "common_shares": 14266920,
            "equity": 23223676,
            "current_ratio": 143.22,
            "debt_ratio": 14.29,
            "inventory_turnover_ratio": 1320.5,
            "account_receivable_turnover_ratio": null,
            "reinvestment_rate": -2.15,
            "research_to_sale_ratio": null,
            "price_fair": 39.32,
            "eps_avg_yearly": 1.12,
            "eps_latest_yearly": 1.64,
            "eps_growth_yearly": 567.91
        },
        "20074": {
            "year_quarter": 20074,
            "year": 2007,
            "quarter": 4,
            "eps": 0.08,
            "eps_growth_year": null,
            "eps_4q": 0.77,
            "eps_4q_growth_year": 56.92,
            "roe": 0.5,
            "gross_profit": 368470,
            "gross_margin": 8.34,
            "net_income": 115175,
            "revenue": 4418092,
            "common_shares": 14266920,
            "equity": 22818337,
            "current_ratio": 112.43,
            "debt_ratio": 34.2,
            "inventory_turnover_ratio": 3.22,
            "account_receivable_turnover_ratio": null,
            "reinvestment_rate": -30.2,
            "research_to_sale_ratio": null,
            "price_fair": 37.22,
            "eps_avg_yearly": 1.06,
            "eps_latest_yearly": 0.32,
            "eps_growth_yearly": 566.6
        },
        "20081": {
            "year_quarter": 20081,
            "year": 2008,
            "quarter": 1,
            "eps": 0.14,
            "eps_growth_year": -44,
            "eps_4q": 0.75,
            "eps_4q_growth_year": 59.4,
            "roe": 0.81,
            "gross_profit": 498929,
            "gross_margin": 8.15,
            "net_income": 180988,
            "revenue": 6120313,
            "common_shares": 14266920,
            "equity": 21923729,
            "current_ratio": 122.01,
            "debt_ratio": 32.51,
            "inventory_turnover_ratio": 2.48,
            "account_receivable_turnover_ratio": null,
            "reinvestment_rate": 69.32,
            "research_to_sale_ratio": null,
            "price_fair": 36.28,
            "eps_avg_yearly": 1.04,
            "eps_latest_yearly": 0.56,
            "eps_growth_yearly": 596.73
        },
        "20082": {
            "year_quarter": 20082,
            "year": 2008,
            "quarter": 2,
            "eps": 0.38,
            "eps_growth_year": 442.86,
            "eps_4q": 1.02,
            "eps_4q_growth_year": 72.85,
            "roe": 2.42,
            "gross_profit": 463281,
            "gross_margin": 7.63,
            "net_income": 518647,
            "revenue": 6073368,
            "common_shares": 14266920,
            "equity": 20945147,
            "current_ratio": 96.38,
            "debt_ratio": 38.09,
            "inventory_turnover_ratio": 2.64,
            "account_receivable_turnover_ratio": null,
            "reinvestment_rate": 65.2,
            "research_to_sale_ratio": null,
            "price_fair": 38.38,
            "eps_avg_yearly": 1.1,
            "eps_latest_yearly": 1.52,
            "eps_growth_yearly": 656.9
        },
        "20083": {
            "year_quarter": 20083,
            "year": 2008,
            "quarter": 3,
            "eps": 0.08,
            "eps_growth_year": -80.49,
            "eps_4q": 0.73,
            "eps_4q_growth_year": 59.82,
            "roe": 0.49,
            "gross_profit": 518347,
            "gross_margin": 5.3,
            "net_income": 101459,
            "revenue": 9782085,
            "common_shares": 14582332,
            "equity": 20280999,
            "current_ratio": 110.58,
            "debt_ratio": 42.46,
            "inventory_turnover_ratio": 3.86,
            "account_receivable_turnover_ratio": null,
            "reinvestment_rate": 80.56,
            "research_to_sale_ratio": null,
            "price_fair": 31.27,
            "eps_avg_yearly": 0.89,
            "eps_latest_yearly": 0.32,
            "eps_growth_yearly": 548.92
        },
        "20084": {
            "year_quarter": 20084,
            "year": 2008,
            "quarter": 4,
            "eps": -0.52,
            "eps_growth_year": -750,
            "eps_4q": 0.11,
            "eps_4q_growth_year": -85.88,
            "roe": -3.76,
            "gross_profit": 340550,
            "gross_margin": 3.2,
            "net_income": -740547,
            "revenue": 10635614,
            "common_shares": 14582332,
            "equity": 19138395,
            "current_ratio": 111,
            "debt_ratio": 46.5,
            "inventory_turnover_ratio": 4.3,
            "account_receivable_turnover_ratio": null,
            "reinvestment_rate": -72.29,
            "research_to_sale_ratio": null,
            "price_fair": 29.91,
            "eps_avg_yearly": 0.85,
            "eps_latest_yearly": 0.32,
            "eps_growth_yearly": 617.79
        },
        "20091": {
            "year_quarter": 20091,
            "year": 2009,
            "quarter": 1,
            "eps": 0.06,
            "eps_growth_year": -57.14,
            "eps_4q": -0.01,
            "eps_4q_growth_year": -101.37,
            "roe": 0.39,
            "gross_profit": 410126,
            "gross_margin": 5.59,
            "net_income": 76712,
            "revenue": 7334607,
            "common_shares": 14582332,
            "equity": 20447234,
            "current_ratio": 141.87,
            "debt_ratio": 40.59,
            "inventory_turnover_ratio": 3.3,
            "account_receivable_turnover_ratio": null,
            "reinvestment_rate": 115.92,
            "research_to_sale_ratio": null,
            "price_fair": 30.8,
            "eps_avg_yearly": 0.88,
            "eps_latest_yearly": 0.32,
            "eps_growth_yearly": 701.39
        },
        "20092": {
            "year_quarter": 20092,
            "year": 2009,
            "quarter": 2,
            "eps": -0.44,
            "eps_growth_year": -215.79,
            "eps_4q": -0.78,
            "eps_4q_growth_year": -176.39,
            "roe": -2.96,
            "gross_profit": 409669,
            "gross_margin": 7.42,
            "net_income": -598879,
            "revenue": 5518622,
            "common_shares": 14582332,
            "equity": 19959066,
            "current_ratio": 146.82,
            "debt_ratio": 40.07,
            "inventory_turnover_ratio": 2.39,
            "account_receivable_turnover_ratio": 3.02,
            "reinvestment_rate": 147.78,
            "research_to_sale_ratio": null,
            "price_fair": 33.44,
            "eps_avg_yearly": 0.96,
            "eps_latest_yearly": 0.32,
            "eps_growth_yearly": 808.95
        },
        "20093": {
            "year_quarter": 20093,
            "year": 2009,
            "quarter": 3,
            "eps": -0.28,
            "eps_growth_year": -450,
            "eps_4q": -1.11,
            "eps_4q_growth_year": -251.9,
            "roe": -1.81,
            "gross_profit": 608518,
            "gross_margin": 9.32,
            "net_income": -375537,
            "revenue": 6530555,
            "common_shares": 14582332,
            "equity": 21459034,
            "current_ratio": 137.48,
            "debt_ratio": 38.42,
            "inventory_turnover_ratio": 2.44,
            "account_receivable_turnover_ratio": 1.71,
            "reinvestment_rate": 272.42,
            "research_to_sale_ratio": null,
            "price_fair": 28.7,
            "eps_avg_yearly": 0.82,
            "eps_latest_yearly": 0.32,
            "eps_growth_yearly": 450.07
        },
        "20094": {
            "year_quarter": 20094,
            "year": 2009,
            "quarter": 4,
            "eps": -0.24,
            "eps_growth_year": null,
            "eps_4q": -0.91,
            "eps_4q_growth_year": -932.51,
            "roe": -1.41,
            "gross_profit": 606790,
            "gross_margin": 9.38,
            "net_income": -308679,
            "revenue": 6470430,
            "common_shares": 14582332,
            "equity": 22289677,
            "current_ratio": 128.8,
            "debt_ratio": 37.41,
            "inventory_turnover_ratio": 2.73,
            "account_receivable_turnover_ratio": 1.47,
            "reinvestment_rate": -486.79,
            "research_to_sale_ratio": null,
            "price_fair": 31.4,
            "eps_avg_yearly": 0.9,
            "eps_latest_yearly": 0.32,
            "eps_growth_yearly": 563.67
        },
        "20101": {
            "year_quarter": 20101,
            "year": 2010,
            "quarter": 1,
            "eps": null,
            "eps_growth_year": null,
            "eps_4q": null,
            "eps_4q_growth_year": null,
            "roe": null,
            "gross_profit": 461887,
            "gross_margin": null,
            "net_income": 321889,
            "revenue": 5857000,
            "common_shares": 14582332,
            "equity": 22129838,
            "current_ratio": 143.47,
            "debt_ratio": 38.54,
            "inventory_turnover_ratio": null,
            "account_receivable_turnover_ratio": null,
            "reinvestment_rate": null,
            "research_to_sale_ratio": null,
            "price_fair": 27.07,
            "eps_avg_yearly": 0.77,
            "eps_latest_yearly": 0.32,
            "eps_growth_yearly": 333.81
        },
        "20102": {
            "year_quarter": 20102,
            "year": 2010,
            "quarter": 2,
            "eps": 0.4,
            "eps_growth_year": null,
            "eps_4q": -0.11,
            "eps_4q_growth_year": null,
            "roe": 2.53,
            "gross_profit": 383265,
            "gross_margin": 5.85,
            "net_income": 556944,
            "revenue": 6557044,
            "common_shares": 14582332,
            "equity": 21837449,
            "current_ratio": 128.5,
            "debt_ratio": 41.37,
            "inventory_turnover_ratio": 2.55,
            "account_receivable_turnover_ratio": 3.18,
            "reinvestment_rate": 1992.17,
            "research_to_sale_ratio": null,
            "price_fair": 27.07,
            "eps_avg_yearly": 0.77,
            "eps_latest_yearly": 0.32,
            "eps_growth_yearly": 333.81
        },
        "20103": {
            "year_quarter": 20103,
            "year": 2010,
            "quarter": 3,
            "eps": 0.05,
            "eps_growth_year": null,
            "eps_4q": 0.21,
            "eps_4q_growth_year": null,
            "roe": 0.38,
            "gross_profit": 495075,
            "gross_margin": 4.72,
            "net_income": 83811,
            "revenue": 10495803,
            "common_shares": 14582332,
            "equity": 22249938,
            "current_ratio": 115.97,
            "debt_ratio": 46.74,
            "inventory_turnover_ratio": 2.65,
            "account_receivable_turnover_ratio": 2.02,
            "reinvestment_rate": 4961.05,
            "research_to_sale_ratio": 1.47,
            "price_fair": 24.2,
            "eps_avg_yearly": 0.69,
            "eps_latest_yearly": 0.2,
            "eps_growth_yearly": 236.12
        },
        "20104": {
            "year_quarter": 20104,
            "year": 2010,
            "quarter": 4,
            "eps": -0.14,
            "eps_growth_year": null,
            "eps_4q": 0.31,
            "eps_4q_growth_year": null,
            "roe": -0.88,
            "gross_profit": 447183,
            "gross_margin": 3.14,
            "net_income": -193029,
            "revenue": 14250202,
            "common_shares": 14582332,
            "equity": 21785757,
            "current_ratio": 110.02,
            "debt_ratio": 49.35,
            "inventory_turnover_ratio": 2.78,
            "account_receivable_turnover_ratio": 2.14,
            "reinvestment_rate": 3218.48,
            "research_to_sale_ratio": 0.14,
            "price_fair": 24.2,
            "eps_avg_yearly": 0.69,
            "eps_latest_yearly": 0.2,
            "eps_growth_yearly": 236.12
        },
        "20111": {
            "year_quarter": 20111,
            "year": 2011,
            "quarter": 1,
            "eps": 0.06,
            "eps_growth_year": null,
            "eps_4q": 0.37,
            "eps_4q_growth_year": null,
            "roe": 0.44,
            "gross_profit": 446461,
            "gross_margin": 4.56,
            "net_income": 92650,
            "revenue": 9795195,
            "common_shares": 14582332,
            "equity": 20279589,
            "current_ratio": 103.41,
            "debt_ratio": 49.4,
            "inventory_turnover_ratio": 1.95,
            "account_receivable_turnover_ratio": 1.62,
            "reinvestment_rate": 5668.78,
            "research_to_sale_ratio": 1.03,
            "price_fair": 24.2,
            "eps_avg_yearly": 0.69,
            "eps_latest_yearly": 0.2,
            "eps_growth_yearly": 236.12
        },
        "20112": {
            "year_quarter": 20112,
            "year": 2011,
            "quarter": 2,
            "eps": 0.19,
            "eps_growth_year": -53.46,
            "eps_4q": 0.15,
            "eps_4q_growth_year": null,
            "roe": 1.31,
            "gross_profit": 628419,
            "gross_margin": 6.74,
            "net_income": 261696,
            "revenue": 9325761,
            "common_shares": 14582332,
            "equity": 19695006,
            "current_ratio": 99.84,
            "debt_ratio": 49.68,
            "inventory_turnover_ratio": 1.85,
            "account_receivable_turnover_ratio": 1.81,
            "reinvestment_rate": 4000.08,
            "research_to_sale_ratio": 1.98,
            "price_fair": 26.6,
            "eps_avg_yearly": 0.76,
            "eps_latest_yearly": 0.76,
            "eps_growth_yearly": 401.07
        },
        "20113": {
            "year_quarter": 20113,
            "year": 2011,
            "quarter": 3,
            "eps": -0.01,
            "eps_growth_year": -128.09,
            "eps_4q": 0.09,
            "eps_4q_growth_year": -57.43,
            "roe": -0.12,
            "gross_profit": 480964,
            "gross_margin": 4.31,
            "net_income": -22798,
            "revenue": 11153803,
            "common_shares": 14582332,
            "equity": 18998135,
            "current_ratio": 91.51,
            "debt_ratio": 51.73,
            "inventory_turnover_ratio": 2,
            "account_receivable_turnover_ratio": 1.94,
            "reinvestment_rate": null,
            "research_to_sale_ratio": 1.3,
            "price_fair": 21.47,
            "eps_avg_yearly": 0.61,
            "eps_latest_yearly": 0.76,
            "eps_growth_yearly": 144.11
        },
        "20114": {
            "year_quarter": 20114,
            "year": 2011,
            "quarter": 4,
            "eps": -0.22,
            "eps_growth_year": null,
            "eps_4q": 0.02,
            "eps_4q_growth_year": -92.41,
            "roe": -1.48,
            "gross_profit": 364680,
            "gross_margin": 3.77,
            "net_income": -286142,
            "revenue": 9667836,
            "common_shares": 14582332,
            "equity": 19755428,
            "current_ratio": 97.09,
            "debt_ratio": 49.23,
            "inventory_turnover_ratio": 1.84,
            "account_receivable_turnover_ratio": 1.82,
            "reinvestment_rate": null,
            "research_to_sale_ratio": 1.58,
            "price_fair": 23.52,
            "eps_avg_yearly": 0.67,
            "eps_latest_yearly": 0.76,
            "eps_growth_yearly": 237.32
        },
        "20121": {
            "year_quarter": 20121,
            "year": 2012,
            "quarter": 1,
            "eps": 0.01,
            "eps_growth_year": -83.33,
            "eps_4q": -0.03,
            "eps_4q_growth_year": -107.94,
            "roe": 0.08,
            "gross_profit": 410112,
            "gross_margin": 6.41,
            "net_income": 16539,
            "revenue": 6393227,
            "common_shares": 14582332,
            "equity": 20198235,
            "current_ratio": 96.16,
            "debt_ratio": 47.37,
            "inventory_turnover_ratio": 1.55,
            "account_receivable_turnover_ratio": 1.48,
            "reinvestment_rate": null,
            "research_to_sale_ratio": 2.08,
            "price_fair": 24.5,
            "eps_avg_yearly": 0.7,
            "eps_latest_yearly": 0.76,
            "eps_growth_yearly": 221.65
        },
        "20122": {
            "year_quarter": 20122,
            "year": 2012,
            "quarter": 2,
            "eps": -0.05,
            "eps_growth_year": -126.91,
            "eps_4q": -0.27,
            "eps_4q_growth_year": -278,
            "roe": -0.35,
            "gross_profit": 596439,
            "gross_margin": 7,
            "net_income": -66489,
            "revenue": 8524878,
            "common_shares": 14582332,
            "equity": 18158904,
            "current_ratio": 110.77,
            "debt_ratio": 52.31,
            "inventory_turnover_ratio": 2.15,
            "account_receivable_turnover_ratio": 1.72,
            "reinvestment_rate": null,
            "research_to_sale_ratio": 0.98,
            "price_fair": 14.93,
            "eps_avg_yearly": 0.43,
            "eps_latest_yearly": 0.76,
            "eps_growth_yearly": 66.96
        },
        "20123": {
            "year_quarter": 20123,
            "year": 2012,
            "quarter": 3,
            "eps": 0.18,
            "eps_growth_year": null,
            "eps_4q": -0.08,
            "eps_4q_growth_year": -187.09,
            "roe": 1.31,
            "gross_profit": 730874,
            "gross_margin": 6.29,
            "net_income": 238345,
            "revenue": 11613505,
            "common_shares": 14582332,
            "equity": 18341483,
            "current_ratio": 116.67,
            "debt_ratio": 55.15,
            "inventory_turnover_ratio": 2.81,
            "account_receivable_turnover_ratio": 1.46,
            "reinvestment_rate": null,
            "research_to_sale_ratio": 0.62,
            "price_fair": 16.8,
            "eps_avg_yearly": 0.48,
            "eps_latest_yearly": 0.76,
            "eps_growth_yearly": 258.33
        },
        "20124": {
            "year_quarter": 20124,
            "year": 2012,
            "quarter": 4,
            "eps": -0.05,
            "eps_growth_year": null,
            "eps_4q": 0.09,
            "eps_4q_growth_year": 286.55,
            "roe": -0.36,
            "gross_profit": 772838,
            "gross_margin": 6.26,
            "net_income": -64818,
            "revenue": 12337383,
            "common_shares": 14582332,
            "equity": 17403120,
            "current_ratio": 125.16,
            "debt_ratio": 56.29,
            "inventory_turnover_ratio": 3.1,
            "account_receivable_turnover_ratio": 1.2,
            "reinvestment_rate": null,
            "research_to_sale_ratio": 1.38,
            "price_fair": 16.8,
            "eps_avg_yearly": 0.48,
            "eps_latest_yearly": 0.76,
            "eps_growth_yearly": 258.33
        },
        "20131": {
            "year_quarter": 20131,
            "year": 2013,
            "quarter": 1,
            "eps": 0.22,
            "eps_growth_year": 2100,
            "eps_4q": 0.29,
            "eps_4q_growth_year": null,
            "roe": 1.61,
            "gross_profit": 851612,
            "gross_margin": 7.34,
            "net_income": 285148,
            "revenue": 11604562,
            "common_shares": 14582332,
            "equity": 18099017,
            "current_ratio": 134.3,
            "debt_ratio": 57.6,
            "inventory_turnover_ratio": 3,
            "account_receivable_turnover_ratio": 1.19,
            "reinvestment_rate": null,
            "research_to_sale_ratio": 1.22,
            "price_fair": 16.8,
            "eps_avg_yearly": 0.48,
            "eps_latest_yearly": 0.76,
            "eps_growth_yearly": 258.33
        },
        "20132": {
            "year_quarter": 20132,
            "year": 2013,
            "quarter": 2,
            "eps": 0.16,
            "eps_growth_year": null,
            "eps_4q": 0.51,
            "eps_4q_growth_year": null,
            "roe": 1.27,
            "gross_profit": 944081,
            "gross_margin": 7.27,
            "net_income": 224349,
            "revenue": 12987466,
            "common_shares": 14582332,
            "equity": 17157555,
            "current_ratio": 138.16,
            "debt_ratio": 58.55,
            "inventory_turnover_ratio": 3.69,
            "account_receivable_turnover_ratio": 1.33,
            "reinvestment_rate": 2537.22,
            "research_to_sale_ratio": 1.07,
            "price_fair": 18.67,
            "eps_avg_yearly": 0.53,
            "eps_latest_yearly": 0.64,
            "eps_growth_yearly": 135.86
        },
        "20133": {
            "year_quarter": 20133,
            "year": 2013,
            "quarter": 3,
            "eps": -3.61,
            "eps_growth_year": -2122.96,
            "eps_4q": -3.28,
            "eps_4q_growth_year": null,
            "roe": -30.85,
            "gross_profit": 594647,
            "gross_margin": 6.51,
            "net_income": -4730005,
            "revenue": 9130993,
            "common_shares": 14582332,
            "equity": 13506217,
            "current_ratio": 114.44,
            "debt_ratio": 64.83,
            "inventory_turnover_ratio": 3.13,
            "account_receivable_turnover_ratio": 1.04,
            "reinvestment_rate": null,
            "research_to_sale_ratio": 1.54,
            "price_fair": 18.67,
            "eps_avg_yearly": 0.53,
            "eps_latest_yearly": 0.64,
            "eps_growth_yearly": 135.86
        },
        "20134": {
            "year_quarter": 20134,
            "year": 2013,
            "quarter": 4,
            "eps": 0.04,
            "eps_growth_year": null,
            "eps_4q": -3.12,
            "eps_4q_growth_year": -3576.38,
            "roe": 0.27,
            "gross_profit": 382982,
            "gross_margin": 4.26,
            "net_income": 37792,
            "revenue": 8996430,
            "common_shares": 14582332,
            "equity": 14294435,
            "current_ratio": 115,
            "debt_ratio": 66.97,
            "inventory_turnover_ratio": 2.71,
            "account_receivable_turnover_ratio": 1.19,
            "reinvestment_rate": null,
            "research_to_sale_ratio": 1.94,
            "price_fair": 18.67,
            "eps_avg_yearly": 0.53,
            "eps_latest_yearly": 0.64,
            "eps_growth_yearly": 135.86
        },
        "20141": {
            "year_quarter": 20141,
            "year": 2014,
            "quarter": 1,
            "eps": 0.37,
            "eps_growth_year": 68.18,
            "eps_4q": -2.95,
            "eps_4q_growth_year": -1110.52,
            "roe": 3.29,
            "gross_profit": 722901,
            "gross_margin": 6.59,
            "net_income": 479124,
            "revenue": 10966741,
            "common_shares": 14582332,
            "equity": 14854769,
            "current_ratio": 115.56,
            "debt_ratio": 69.13,
            "inventory_turnover_ratio": 2.33,
            "account_receivable_turnover_ratio": 1.18,
            "reinvestment_rate": null,
            "research_to_sale_ratio": 1.3,
            "price_fair": 26.95,
            "eps_avg_yearly": 0.77,
            "eps_latest_yearly": 1.48,
            "eps_growth_yearly": 926.89
        },
        "20142": {
            "year_quarter": 20142,
            "year": 2014,
            "quarter": 2,
            "eps": 0.62,
            "eps_growth_year": 287.5,
            "eps_4q": -2.42,
            "eps_4q_growth_year": -576.17,
            "roe": 5.32,
            "gross_profit": 1038960,
            "gross_margin": 7.1,
            "net_income": 818438,
            "revenue": 14635032,
            "common_shares": 14582332,
            "equity": 15890870,
            "current_ratio": 103.12,
            "debt_ratio": 67.18,
            "inventory_turnover_ratio": 2.94,
            "account_receivable_turnover_ratio": 1.23,
            "reinvestment_rate": null,
            "research_to_sale_ratio": 1.33,
            "price_fair": 38.92,
            "eps_avg_yearly": 1.11,
            "eps_latest_yearly": 2.48,
            "eps_growth_yearly": 795.57
        },
        "20143": {
            "year_quarter": 20143,
            "year": 2014,
            "quarter": 3,
            "eps": 0.41,
            "eps_growth_year": null,
            "eps_4q": 1.42,
            "eps_4q_growth_year": null,
            "roe": 3.38,
            "gross_profit": 599732,
            "gross_margin": 4.63,
            "net_income": 545844,
            "revenue": 12946838,
            "common_shares": 14582332,
            "equity": 16388234,
            "current_ratio": 105.84,
            "debt_ratio": 64.18,
            "inventory_turnover_ratio": 2.89,
            "account_receivable_turnover_ratio": 1.02,
            "reinvestment_rate": null,
            "research_to_sale_ratio": 1.06,
            "price_fair": 49,
            "eps_avg_yearly": 1.4,
            "eps_latest_yearly": 1.64,
            "eps_growth_yearly": 838.47
        },
        "20144": {
            "year_quarter": 20144,
            "year": 2014,
            "quarter": 4,
            "eps": 0.33,
            "eps_growth_year": 692.9,
            "eps_4q": 1.71,
            "eps_4q_growth_year": null,
            "roe": 2.66,
            "gross_profit": 935437,
            "gross_margin": 5.48,
            "net_income": 448244,
            "revenue": 17079282,
            "common_shares": 14581132,
            "equity": 17263393,
            "current_ratio": 99.6,
            "debt_ratio": 67.75,
            "inventory_turnover_ratio": 3.4,
            "account_receivable_turnover_ratio": 1.08,
            "reinvestment_rate": null,
            "research_to_sale_ratio": 1.04,
            "price_fair": 48.53,
            "eps_avg_yearly": 1.39,
            "eps_latest_yearly": 1.32,
            "eps_growth_yearly": 685.72
        },
        "20151": {
            "year_quarter": 20151,
            "year": 2015,
            "quarter": 1,
            "eps": 0.31,
            "eps_growth_year": -16.22,
            "eps_4q": 1.65,
            "eps_4q_growth_year": null,
            "roe": 2.34,
            "gross_profit": 723524,
            "gross_margin": 5.88,
            "net_income": 413608,
            "revenue": 12308510,
            "common_shares": 14581132,
            "equity": 18107097,
            "current_ratio": 101.14,
            "debt_ratio": 64.05,
            "inventory_turnover_ratio": 2.2,
            "account_receivable_turnover_ratio": 0.77,
            "reinvestment_rate": null,
            "research_to_sale_ratio": 1.39,
            "price_fair": 47.8,
            "eps_avg_yearly": 1.37,
            "eps_latest_yearly": 1.24,
            "eps_growth_yearly": 584.3
        },
        "20152": {
            "year_quarter": 20152,
            "year": 2015,
            "quarter": 2,
            "eps": 0.42,
            "eps_growth_year": -32.26,
            "eps_4q": 1.46,
            "eps_4q_growth_year": null,
            "roe": 3.15,
            "gross_profit": 870570,
            "gross_margin": 7.6,
            "net_income": 563473,
            "revenue": 11448724,
            "common_shares": 14581132,
            "equity": 17708959,
            "current_ratio": 95.58,
            "debt_ratio": 62.89,
            "inventory_turnover_ratio": 2.08,
            "account_receivable_turnover_ratio": 1.01,
            "reinvestment_rate": null,
            "research_to_sale_ratio": 2,
            "price_fair": 52.4,
            "eps_avg_yearly": 1.5,
            "eps_latest_yearly": 1.68,
            "eps_growth_yearly": 480.76
        },
        "20153": {
            "year_quarter": 20153,
            "year": 2015,
            "quarter": 3,
            "eps": 0.11,
            "eps_growth_year": -73.17,
            "eps_4q": 1.18,
            "eps_4q_growth_year": -17.12,
            "roe": 0.82,
            "gross_profit": 670813,
            "gross_margin": 6.5,
            "net_income": 141881,
            "revenue": 10321414,
            "common_shares": 14581132,
            "equity": 17092749,
            "current_ratio": 95.34,
            "debt_ratio": 62.53,
            "inventory_turnover_ratio": 1.9,
            "account_receivable_turnover_ratio": 1.03,
            "reinvestment_rate": null,
            "research_to_sale_ratio": 1.75,
            "price_fair": 47.78,
            "eps_avg_yearly": 1.37,
            "eps_latest_yearly": 0.44,
            "eps_growth_yearly": 383.76
        },
        "20154": {
            "year_quarter": 20154,
            "year": 2015,
            "quarter": 4,
            "eps": 0.18,
            "eps_growth_year": -45.71,
            "eps_4q": 1.03,
            "eps_4q_growth_year": -39.44,
            "roe": 1.37,
            "gross_profit": 655194,
            "gross_margin": 9.27,
            "net_income": 234382,
            "revenue": 7070600,
            "common_shares": 14581132,
            "equity": 17228559,
            "current_ratio": 83.6,
            "debt_ratio": 58.57,
            "inventory_turnover_ratio": 1.29,
            "account_receivable_turnover_ratio": 0.9,
            "reinvestment_rate": null,
            "research_to_sale_ratio": 2.21,
            "price_fair": 45.27,
            "eps_avg_yearly": 1.29,
            "eps_latest_yearly": 0.72,
            "eps_growth_yearly": 369.41
        },
        "20161": {
            "year_quarter": 20161,
            "year": 2016,
            "quarter": 1,
            "eps": 0.33,
            "eps_growth_year": 6.45,
            "eps_4q": 1.06,
            "eps_4q_growth_year": -35.87,
            "roe": 2.6,
            "gross_profit": 1728128,
            "gross_margin": 6.11,
            "net_income": 574969,
            "revenue": 28289227,
            "common_shares": 14581132,
            "equity": 26942315,
            "current_ratio": 106.9,
            "debt_ratio": 67.1,
            "inventory_turnover_ratio": 2.67,
            "account_receivable_turnover_ratio": 2.26,
            "reinvestment_rate": 4891.27,
            "research_to_sale_ratio": 3.48,
            "price_fair": 45.36,
            "eps_avg_yearly": 1.3,
            "eps_latest_yearly": 1.32,
            "eps_growth_yearly": 365.8
        },
        "20162": {
            "year_quarter": 20162,
            "year": 2016,
            "quarter": 2,
            "eps": 0.31,
            "eps_growth_year": -26.19,
            "eps_4q": 0.94,
            "eps_4q_growth_year": -35.48,
            "roe": 2.05,
            "gross_profit": 1954393,
            "gross_margin": 5.93,
            "net_income": 556590,
            "revenue": 32932258,
            "common_shares": 14556572,
            "equity": 27432848,
            "current_ratio": 102.88,
            "debt_ratio": 68.24,
            "inventory_turnover_ratio": 2.08,
            "account_receivable_turnover_ratio": 1.61,
            "reinvestment_rate": 1417.62,
            "research_to_sale_ratio": 2.02,
            "price_fair": 45.18,
            "eps_avg_yearly": 1.29,
            "eps_latest_yearly": 1.24,
            "eps_growth_yearly": 330.34
        },
        "20163": {
            "year_quarter": 20163,
            "year": 2016,
            "quarter": 3,
            "eps": 0.14,
            "eps_growth_year": 27.27,
            "eps_4q": 0.96,
            "eps_4q_growth_year": -18.83,
            "roe": 1.28,
            "gross_profit": 2081858,
            "gross_margin": 6.27,
            "net_income": 349854,
            "revenue": 33206687,
            "common_shares": 14556572,
            "equity": 27350881,
            "current_ratio": 104.44,
            "debt_ratio": 68.41,
            "inventory_turnover_ratio": 2.17,
            "account_receivable_turnover_ratio": 1.43,
            "reinvestment_rate": 1446.81,
            "research_to_sale_ratio": 2.27,
            "price_fair": 43.05,
            "eps_avg_yearly": 1.23,
            "eps_latest_yearly": 0.56,
            "eps_growth_yearly": 284.53
        },
        "20164": {
            "year_quarter": 20164,
            "year": 2016,
            "quarter": 4,
            "eps": 0.08,
            "eps_growth_year": -53.64,
            "eps_4q": 0.86,
            "eps_4q_growth_year": -16.74,
            "roe": 0.88,
            "gross_profit": 1891535,
            "gross_margin": 6.63,
            "net_income": 238781,
            "revenue": 28542020,
            "common_shares": 14556572,
            "equity": 27016329,
            "current_ratio": 103.68,
            "debt_ratio": 67.72,
            "inventory_turnover_ratio": 1.84,
            "account_receivable_turnover_ratio": 1.2,
            "reinvestment_rate": 1312.94,
            "research_to_sale_ratio": 1.2,
            "price_fair": 40.6,
            "eps_avg_yearly": 1.16,
            "eps_latest_yearly": 0.32,
            "eps_growth_yearly": 249.46
        },
        "20171": {
            "year_quarter": 20171,
            "year": 2017,
            "quarter": 1,
            "eps": 0.16,
            "eps_growth_year": -51.52,
            "eps_4q": 0.69,
            "eps_4q_growth_year": -34.71,
            "roe": 1.39,
            "gross_profit": 1757606,
            "gross_margin": 6.1,
            "net_income": 373370,
            "revenue": 28832309,
            "common_shares": 14556572,
            "equity": 26874178,
            "current_ratio": 102.38,
            "debt_ratio": 67.11,
            "inventory_turnover_ratio": 1.8,
            "account_receivable_turnover_ratio": 1.28,
            "reinvestment_rate": 1469.67,
            "research_to_sale_ratio": 1.74,
            "price_fair": 39.3,
            "eps_avg_yearly": 1.12,
            "eps_latest_yearly": 0.64,
            "eps_growth_yearly": 260.21
        },
        "20172": {
            "year_quarter": 20172,
            "year": 2017,
            "quarter": 2,
            "eps": 0.16,
            "eps_growth_year": -48.39,
            "eps_4q": 0.54,
            "eps_4q_growth_year": -42.48,
            "roe": 1.12,
            "gross_profit": 1952224,
            "gross_margin": 6.93,
            "net_income": 302498,
            "revenue": 28161913,
            "common_shares": 14556572,
            "equity": 27028590,
            "current_ratio": 109.63,
            "debt_ratio": 70.82,
            "inventory_turnover_ratio": 1.64,
            "account_receivable_turnover_ratio": 1.24,
            "reinvestment_rate": 1631.21,
            "research_to_sale_ratio": 2.13,
            "price_fair": 39.3,
            "eps_avg_yearly": 1.12,
            "eps_latest_yearly": 0.64,
            "eps_growth_yearly": 268
        },
        "20173": {
            "year_quarter": 20173,
            "year": 2017,
            "quarter": 3,
            "eps": 0.03,
            "eps_growth_year": -78.57,
            "eps_4q": 0.42,
            "eps_4q_growth_year": -55.71,
            "roe": 0.45,
            "gross_profit": 1664484,
            "gross_margin": 5.43,
            "net_income": 123424,
            "revenue": 30676498,
            "common_shares": 14556572,
            "equity": 27895091,
            "current_ratio": 103.75,
            "debt_ratio": 69.26,
            "inventory_turnover_ratio": 1.67,
            "account_receivable_turnover_ratio": 1.23,
            "reinvestment_rate": 241.24,
            "research_to_sale_ratio": 2.05,
            "price_fair": 36.96,
            "eps_avg_yearly": 1.06,
            "eps_latest_yearly": 0.12,
            "eps_growth_yearly": 228.47
        },
        "20174": {
            "year_quarter": 20174,
            "year": 2017,
            "quarter": 4,
            "eps": -0.07,
            "eps_growth_year": -179.95,
            "eps_4q": 0.28,
            "eps_4q_growth_year": -67.89,
            "roe": -0.41,
            "gross_profit": 1960563,
            "gross_margin": 6.24,
            "net_income": -113015,
            "revenue": 31431412,
            "common_shares": 14556572,
            "equity": 27769878,
            "current_ratio": 107.94,
            "debt_ratio": 68.92,
            "inventory_turnover_ratio": 1.78,
            "account_receivable_turnover_ratio": 1.2,
            "reinvestment_rate": 253.75,
            "research_to_sale_ratio": 2.75,
            "price_fair": 36.96,
            "eps_avg_yearly": 1.06,
            "eps_latest_yearly": 0.12,
            "eps_growth_yearly": 228.47
        },
        "20181": {
            "year_quarter": 20181,
            "year": 2018,
            "quarter": 1,
            "eps": -0.15,
            "eps_growth_year": -193.75,
            "eps_4q": -0.03,
            "eps_4q_growth_year": -105.03,
            "roe": -1.29,
            "gross_profit": 1259764,
            "gross_margin": 4.43,
            "net_income": -356633,
            "revenue": 28445876,
            "common_shares": 14556572,
            "equity": 27418754,
            "current_ratio": 109,
            "debt_ratio": 68.72,
            "inventory_turnover_ratio": 1.66,
            "account_receivable_turnover_ratio": 1.19,
            "reinvestment_rate": 174.63,
            "research_to_sale_ratio": 2.44,
            "price_fair": 19.57,
            "eps_avg_yearly": 1.03,
            "eps_latest_yearly": 0.12,
            "eps_growth_yearly": 9.07
        },
        "20182": {
            "year_quarter": 20182,
            "year": 2018,
            "quarter": 2,
            "eps": 0.33,
            "eps_growth_year": 106.25,
            "eps_4q": 0.14,
            "eps_4q_growth_year": -74.38,
            "roe": 2.02,
            "gross_profit": 2245551,
            "gross_margin": 6.95,
            "net_income": 542850,
            "revenue": 32330341,
            "common_shares": 14556572,
            "equity": 26235513,
            "current_ratio": 108.62,
            "debt_ratio": 71.07,
            "inventory_turnover_ratio": 1.63,
            "account_receivable_turnover_ratio": 1.39,
            "reinvestment_rate": 127.22,
            "research_to_sale_ratio": 2.26,
            "price_fair": 2.74,
            "eps_avg_yearly": 0.91,
            "eps_latest_yearly": 0.12,
            "eps_growth_yearly": -11.02
        },
        "20183": {
            "year_quarter": 20183,
            "year": 2018,
            "quarter": 3,
            "eps": 0.14,
            "eps_growth_year": 366.67,
            "eps_4q": 0.25,
            "eps_4q_growth_year": -40.2,
            "roe": 1.87,
            "gross_profit": 2574377,
            "gross_margin": 7.11,
            "net_income": 490254,
            "revenue": 36225149,
            "common_shares": 14556572,
            "equity": 26312691,
            "current_ratio": 110.08,
            "debt_ratio": 72.96,
            "inventory_turnover_ratio": 1.6,
            "account_receivable_turnover_ratio": 1.35,
            "reinvestment_rate": 141.56,
            "research_to_sale_ratio": 2.07,
            "price_fair": 2.49,
            "eps_avg_yearly": 0.83,
            "eps_latest_yearly": 0.56,
            "eps_growth_yearly": -18.31
        },
        "20184": {
            "year_quarter": 20184,
            "year": 2018,
            "quarter": 4,
            "eps": 0.09,
            "eps_growth_year": null,
            "eps_4q": 0.41,
            "eps_4q_growth_year": 48.12,
            "roe": 1.17,
            "gross_profit": 2478559,
            "gross_margin": 6.92,
            "net_income": 309276,
            "revenue": 35831278,
            "common_shares": 14533042,
            "equity": 26568860,
            "current_ratio": 108.95,
            "debt_ratio": 73.2,
            "inventory_turnover_ratio": 1.45,
            "account_receivable_turnover_ratio": 1.25,
            "reinvestment_rate": 142.44,
            "research_to_sale_ratio": 2.06,
            "price_fair": 2.27,
            "eps_avg_yearly": 0.76,
            "eps_latest_yearly": 0.36,
            "eps_growth_yearly": -23.3
        },
        "20191": {
            "year_quarter": 20191,
            "year": 2019,
            "quarter": 1,
            "eps": 0.08,
            "eps_growth_year": null,
            "eps_4q": 0.65,
            "eps_4q_growth_year": null,
            "roe": 0.48,
            "gross_profit": 1992170,
            "gross_margin": 5.98,
            "net_income": 129882,
            "revenue": 33285940,
            "common_shares": 14520812,
            "equity": 27157233,
            "current_ratio": 109,
            "debt_ratio": 72.45,
            "inventory_turnover_ratio": 1.39,
            "account_receivable_turnover_ratio": 1.16,
            "reinvestment_rate": 150.49,
            "research_to_sale_ratio": 1.92,
            "price_fair": 2.06,
            "eps_avg_yearly": 0.69,
            "eps_latest_yearly": 0.32,
            "eps_growth_yearly": -24.85
        },
        "20192": {
            "year_quarter": 20192,
            "year": 2019,
            "quarter": 2,
            "eps": 0.25,
            "eps_growth_year": -24.24,
            "eps_4q": 0.57,
            "eps_4q_growth_year": 310.74,
            "roe": 1.51,
            "gross_profit": 2341250,
            "gross_margin": 6.86,
            "net_income": 410168,
            "revenue": 34117293,
            "common_shares": 14520812,
            "equity": 27072012,
            "current_ratio": 104.81,
            "debt_ratio": 72.63,
            "inventory_turnover_ratio": 1.47,
            "account_receivable_turnover_ratio": 1.22,
            "reinvestment_rate": 226.38,
            "research_to_sale_ratio": 2.09,
            "price_fair": 22.18,
            "eps_avg_yearly": 0.63,
            "eps_latest_yearly": 1,
            "eps_growth_yearly": 29.62
        },
        "20193": {
            "year_quarter": 20193,
            "year": 2019,
            "quarter": 3,
            "eps": 0.12,
            "eps_growth_year": -14.29,
            "eps_4q": 0.55,
            "eps_4q_growth_year": 118.53,
            "roe": 0.86,
            "gross_profit": 2300294,
            "gross_margin": 6.51,
            "net_income": 229337,
            "revenue": 35313573,
            "common_shares": 14520812,
            "equity": 26374417,
            "current_ratio": 104.22,
            "debt_ratio": 73.8,
            "inventory_turnover_ratio": 1.53,
            "account_receivable_turnover_ratio": 1.29,
            "reinvestment_rate": 239.03,
            "research_to_sale_ratio": 2.05,
            "price_fair": 22.29,
            "eps_avg_yearly": 0.64,
            "eps_latest_yearly": 0.48,
            "eps_growth_yearly": 36.33
        },
        "20194": {
            "year_quarter": 20194,
            "year": 2019,
            "quarter": 4,
            "eps": -0.13,
            "eps_growth_year": -242.49,
            "eps_4q": 0.34,
            "eps_4q_growth_year": -17.99,
            "roe": -1.19,
            "gross_profit": 1957834,
            "gross_margin": 5.62,
            "net_income": -311035,
            "revenue": 34833085,
            "common_shares": 14591252,
            "equity": 25768843,
            "current_ratio": 103.17,
            "debt_ratio": 73.35,
            "inventory_turnover_ratio": 1.58,
            "account_receivable_turnover_ratio": 1.35,
            "reinvestment_rate": 290.46,
            "research_to_sale_ratio": 2.04,
            "price_fair": 17.73,
            "eps_avg_yearly": 0.63,
            "eps_latest_yearly": 0.48,
            "eps_growth_yearly": 18.14
        },
        "20201": {
            "year_quarter": 20201,
            "year": 2020,
            "quarter": 1,
            "eps": 0.03,
            "eps_growth_year": -62.5,
            "eps_4q": 0.28,
            "eps_4q_growth_year": -56.7,
            "roe": 0.3,
            "gross_profit": 1657546,
            "gross_margin": 5.88,
            "net_income": 75648,
            "revenue": 28203553,
            "common_shares": 14659412,
            "equity": 24488368,
            "current_ratio": 100.85,
            "debt_ratio": 73.77,
            "inventory_turnover_ratio": 1.31,
            "account_receivable_turnover_ratio": 1.26,
            "reinvestment_rate": -104.87,
            "research_to_sale_ratio": 2.53,
            "price_fair": 1.7,
            "eps_avg_yearly": 0.57,
            "eps_latest_yearly": 0.48,
            "eps_growth_yearly": -10.51
        },
        "20202": {
            "year_quarter": 20202,
            "year": 2020,
            "quarter": 2,
            "eps": 0.18,
            "eps_growth_year": -28,
            "eps_4q": 0.22,
            "eps_4q_growth_year": -61.91,
            "roe": 0.96,
            "gross_profit": 1832081,
            "gross_margin": 6.61,
            "net_income": 234244,
            "revenue": 27728665,
            "common_shares": 14665042,
            "equity": 24163073,
            "current_ratio": 103.8,
            "debt_ratio": 74.37,
            "inventory_turnover_ratio": 1.23,
            "account_receivable_turnover_ratio": 1.38,
            "reinvestment_rate": -124.22,
            "research_to_sale_ratio": 2.46,
            "price_fair": 18.2,
            "eps_avg_yearly": 0.52,
            "eps_latest_yearly": 0.72,
            "eps_growth_yearly": 173.51
        },
        "20203": {
            "year_quarter": 20203,
            "year": 2020,
            "quarter": 3,
            "eps": 0.11,
            "eps_growth_year": -8.33,
            "eps_4q": 0.2,
            "eps_4q_growth_year": -63.1,
            "roe": 1.24,
            "gross_profit": 2240398,
            "gross_margin": 6.44,
            "net_income": 303995,
            "revenue": 34787388,
            "common_shares": 14666312,
            "equity": 24712570,
            "current_ratio": 103.69,
            "debt_ratio": 75.53,
            "inventory_turnover_ratio": 1.54,
            "account_receivable_turnover_ratio": 1.51,
            "reinvestment_rate": -99.63,
            "research_to_sale_ratio": 1.92,
            "price_fair": 17.82,
            "eps_avg_yearly": 0.51,
            "eps_latest_yearly": 0.44,
            "eps_growth_yearly": 179.31
        },
        "20204": {
            "year_quarter": 20204,
            "year": 2020,
            "quarter": 4,
            "eps": -0.23,
            "eps_growth_year": null,
            "eps_4q": 0.11,
            "eps_4q_growth_year": -68.67,
            "roe": -1.5,
            "gross_profit": 2071387,
            "gross_margin": 5.52,
            "net_income": -373755,
            "revenue": 37500268,
            "common_shares": 14670052,
            "equity": 24987998,
            "current_ratio": 104.02,
            "debt_ratio": 74.83,
            "inventory_turnover_ratio": 1.74,
            "account_receivable_turnover_ratio": 1.43,
            "reinvestment_rate": -209.27,
            "research_to_sale_ratio": 1.7,
            "price_fair": 18.48,
            "eps_avg_yearly": 0.53,
            "eps_latest_yearly": 0.44,
            "eps_growth_yearly": 214.38
        },
        "20211": {
            "year_quarter": 20211,
            "year": 2021,
            "quarter": 1,
            "eps": 0.06,
            "eps_growth_year": 100,
            "eps_4q": 0.13,
            "eps_4q_growth_year": -52.58,
            "roe": 0.77,
            "gross_profit": 2414198,
            "gross_margin": 7.06,
            "net_income": 192557,
            "revenue": 34200963,
            "common_shares": 14685182,
            "equity": 25255583,
            "current_ratio": 103.47,
            "debt_ratio": 76.24,
            "inventory_turnover_ratio": 1.49,
            "account_receivable_turnover_ratio": 1.27,
            "reinvestment_rate": -266.66,
            "research_to_sale_ratio": 2.16,
            "price_fair": 18.04,
            "eps_avg_yearly": 0.52,
            "eps_latest_yearly": 0.44,
            "eps_growth_yearly": 193.76
        },
        "20212": {
            "year_quarter": 20212,
            "year": 2021,
            "quarter": 2,
            "eps": 0.03,
            "eps_growth_year": -83.33,
            "eps_4q": -0.02,
            "eps_4q_growth_year": -106.9,
            "roe": 0.4,
            "gross_profit": 2165645,
            "gross_margin": 6.8,
            "net_income": 103071,
            "revenue": 31868708,
            "common_shares": 14691292,
            "equity": 26026666,
            "current_ratio": 101.08,
            "debt_ratio": 74.19,
            "inventory_turnover_ratio": 1.26,
            "account_receivable_turnover_ratio": 1.28,
            "reinvestment_rate": -390.74,
            "research_to_sale_ratio": 2.32,
            "price_fair": 16.02,
            "eps_avg_yearly": 0.46,
            "eps_latest_yearly": 0.12,
            "eps_growth_yearly": 171.54
        },
        "20213": {
            "year_quarter": 20213,
            "year": 2021,
            "quarter": 3,
            "eps": 0.04,
            "eps_growth_year": -63.64,
            "eps_4q": -0.08,
            "eps_4q_growth_year": -140.79,
            "roe": 1.09,
            "gross_profit": 2537360,
            "gross_margin": 7.18,
            "net_income": 285205,
            "revenue": 35343275,
            "common_shares": 14704392,
            "equity": 26178904,
            "current_ratio": 100.32,
            "debt_ratio": 75.49,
            "inventory_turnover_ratio": 1.22,
            "account_receivable_turnover_ratio": 1.48,
            "reinvestment_rate": -398.33,
            "research_to_sale_ratio": 2.23,
            "price_fair": 16.18,
            "eps_avg_yearly": 0.46,
            "eps_latest_yearly": 0.16,
            "eps_growth_yearly": 222.46
        },
        "20214": {
            "year_quarter": 20214,
            "year": 2021,
            "quarter": 4,
            "eps": -0.12,
            "eps_growth_year": null,
            "eps_4q": 0.01,
            "eps_4q_growth_year": -90.65,
            "roe": -1.38,
            "gross_profit": 1724627,
            "gross_margin": 4.5,
            "net_income": -359839,
            "revenue": 38365561,
            "common_shares": 14796682,
            "equity": 25861600,
            "current_ratio": 105.04,
            "debt_ratio": 76.04,
            "inventory_turnover_ratio": 1.26,
            "account_receivable_turnover_ratio": 1.5,
            "reinvestment_rate": -351.65,
            "research_to_sale_ratio": 1.69,
            "price_fair": 16.18,
            "eps_avg_yearly": 0.46,
            "eps_latest_yearly": 0.16,
            "eps_growth_yearly": 222.46
        },
        "20221": {
            "year_quarter": 20221,
            "year": 2022,
            "quarter": 1,
            "eps": 0.23,
            "eps_growth_year": 283.33,
            "eps_4q": 0.18,
            "eps_4q_growth_year": 35.93,
            "roe": 1.51,
            "gross_profit": 2094836,
            "gross_margin": 5.23,
            "net_income": 402829,
            "revenue": 40070411,
            "common_shares": 14908802,
            "equity": 27603669,
            "current_ratio": 114.76,
            "debt_ratio": 77.14,
            "inventory_turnover_ratio": 1.26,
            "account_receivable_turnover_ratio": 1.32,
            "reinvestment_rate": 134.19,
            "research_to_sale_ratio": 1.7,
            "price_fair": 16.18,
            "eps_avg_yearly": 0.46,
            "eps_latest_yearly": 0.16,
            "eps_growth_yearly": 222.46
        },
        "20222": {
            "year_quarter": 20222,
            "year": 2022,
            "quarter": 2,
            "eps": 0.17,
            "eps_growth_year": 466.67,
            "eps_4q": 0.32,
            "eps_4q_growth_year": null,
            "roe": 0.53,
            "gross_profit": 2525108,
            "gross_margin": 6.09,
            "net_income": 146813,
            "revenue": 41486120,
            "common_shares": 14930462,
            "equity": 27364695,
            "current_ratio": 114.91,
            "debt_ratio": 77.98,
            "inventory_turnover_ratio": 1.21,
            "account_receivable_turnover_ratio": 1.22,
            "reinvestment_rate": 207.69,
            "research_to_sale_ratio": 1.69,
            "price_fair": 16.94,
            "eps_avg_yearly": 0.48,
            "eps_latest_yearly": 0.68,
            "eps_growth_yearly": 189.78
        },
        "20223": {
            "year_quarter": 20223,
            "year": 2022,
            "quarter": 3,
            "eps": 0.3,
            "eps_growth_year": 650,
            "eps_4q": 0.58,
            "eps_4q_growth_year": null,
            "roe": 1.68,
            "gross_profit": 3108666,
            "gross_margin": 6.09,
            "net_income": 469395,
            "revenue": 51076797,
            "common_shares": 14930552,
            "equity": 28611405,
            "current_ratio": 114.83,
            "debt_ratio": 79.1,
            "inventory_turnover_ratio": 1.43,
            "account_receivable_turnover_ratio": 1.32,
            "reinvestment_rate": 270.24,
            "research_to_sale_ratio": 1.57,
            "price_fair": 19.18,
            "eps_avg_yearly": 0.55,
            "eps_latest_yearly": 1.2,
            "eps_growth_yearly": 243.4
        },
        "20224": {
            "year_quarter": 20224,
            "year": 2022,
            "quarter": 4,
            "eps": -0.01,
            "eps_growth_year": null,
            "eps_4q": 0.69,
            "eps_4q_growth_year": 6923.72,
            "roe": -0.23,
            "gross_profit": 2922805,
            "gross_margin": 5.99,
            "net_income": -66545,
            "revenue": 48781121,
            "common_shares": 14944162,
            "equity": 28211933,
            "current_ratio": 116.66,
            "debt_ratio": 77.51,
            "inventory_turnover_ratio": 1.53,
            "account_receivable_turnover_ratio": 1.15,
            "reinvestment_rate": 242.1,
            "research_to_sale_ratio": 1.19,
            "price_fair": 19.91,
            "eps_avg_yearly": 0.57,
            "eps_latest_yearly": 1.2,
            "eps_growth_yearly": 286.32
        },
        "20231": {
            "year_quarter": 20231,
            "year": 2023,
            "quarter": 1,
            "eps": 0.17,
            "eps_growth_year": -26.09,
            "eps_4q": 0.63,
            "eps_4q_growth_year": 247.43,
            "roe": 0.97,
            "gross_profit": 2702452,
            "gross_margin": 6.87,
            "net_income": 272804,
            "revenue": 39333797,
            "common_shares": 14962772,
            "equity": 28272697,
            "current_ratio": 116.21,
            "debt_ratio": 76.65,
            "inventory_turnover_ratio": 1.45,
            "account_receivable_turnover_ratio": 1.02,
            "reinvestment_rate": 181.04,
            "research_to_sale_ratio": 1.6,
            "price_fair": 21,
            "eps_avg_yearly": 0.6,
            "eps_latest_yearly": 1.2,
            "eps_growth_yearly": 327.66
        }
    },
    "months": {
        "2001-06": {
            "month": "2001-06",
            "price": "18.27",
            "revenue": 683109
        },
        "2001-07": {
            "month": "2001-07",
            "price": "14.55",
            "revenue": 1217961
        },
        "2001-08": {
            "month": "2001-08",
            "price": "15.83",
            "revenue": 1144636
        },
        "2001-09": {
            "month": "2001-09",
            "price": "14.06",
            "revenue": 803122
        },
        "2001-10": {
            "month": "2001-10",
            "price": "13.81",
            "revenue": 1187690
        },
        "2001-11": {
            "month": "2001-11",
            "price": "17.55",
            "revenue": 1154029
        },
        "2001-12": {
            "month": "2001-12",
            "price": "20.95",
            "revenue": 1244312
        },
        "2002-01": {
            "month": "2002-01",
            "price": "26.17",
            "revenue": 765593
        },
        "2002-02": {
            "month": "2002-02",
            "price": "23.92",
            "revenue": 810591
        },
        "2002-03": {
            "month": "2002-03",
            "price": "27.06",
            "revenue": 1444941
        },
        "2002-04": {
            "month": "2002-04",
            "price": "31.74",
            "revenue": 778828
        },
        "2002-05": {
            "month": "2002-05",
            "price": "23.96",
            "revenue": 879990
        },
        "2002-06": {
            "month": "2002-06",
            "price": "21.79",
            "revenue": 1307180
        },
        "2002-07": {
            "month": "2002-07",
            "price": "19.45",
            "revenue": 932567
        },
        "2002-08": {
            "month": "2002-08",
            "price": "20.51",
            "revenue": 1524486
        },
        "2002-09": {
            "month": "2002-09",
            "price": "21.53",
            "revenue": 1539462
        },
        "2002-10": {
            "month": "2002-10",
            "price": "19.92",
            "revenue": 1155900
        },
        "2002-11": {
            "month": "2002-11",
            "price": "20.50",
            "revenue": 1314721
        },
        "2002-12": {
            "month": "2002-12",
            "price": "19.28",
            "revenue": 905259
        },
        "2003-01": {
            "month": "2003-01",
            "price": "18.62",
            "revenue": 903542
        },
        "2003-02": {
            "month": "2003-02",
            "price": "17.12",
            "revenue": 652941
        },
        "2003-03": {
            "month": "2003-03",
            "price": "16.21",
            "revenue": 941421
        },
        "2003-04": {
            "month": "2003-04",
            "price": "16.15",
            "revenue": 992914
        },
        "2003-05": {
            "month": "2003-05",
            "price": "15.54",
            "revenue": 955256
        },
        "2003-06": {
            "month": "2003-06",
            "price": "18.08",
            "revenue": 1160076
        },
        "2003-07": {
            "month": "2003-07",
            "price": "20.53",
            "revenue": 1560861
        },
        "2003-08": {
            "month": "2003-08",
            "price": "21.50",
            "revenue": 1506772
        },
        "2003-09": {
            "month": "2003-09",
            "price": "19.59",
            "revenue": 1323882
        },
        "2003-10": {
            "month": "2003-10",
            "price": "18.86",
            "revenue": 1264308
        },
        "2003-11": {
            "month": "2003-11",
            "price": "19.36",
            "revenue": 1395872
        },
        "2003-12": {
            "month": "2003-12",
            "price": "19.42",
            "revenue": 1052173
        },
        "2004-01": {
            "month": "2004-01",
            "price": "19.68",
            "revenue": 1014526
        },
        "2004-02": {
            "month": "2004-02",
            "price": "20.36",
            "revenue": 1096348
        },
        "2004-03": {
            "month": "2004-03",
            "price": "19.85",
            "revenue": 991679
        },
        "2004-04": {
            "month": "2004-04",
            "price": "19.29",
            "revenue": 1053958
        },
        "2004-05": {
            "month": "2004-05",
            "price": "16.90",
            "revenue": 1126447
        },
        "2004-06": {
            "month": "2004-06",
            "price": "16.84",
            "revenue": 956375
        },
        "2004-07": {
            "month": "2004-07",
            "price": "14.26",
            "revenue": 1767006
        },
        "2004-08": {
            "month": "2004-08",
            "price": "14.12",
            "revenue": 1805859
        },
        "2004-09": {
            "month": "2004-09",
            "price": "14.45",
            "revenue": 1985312
        },
        "2004-10": {
            "month": "2004-10",
            "price": "14.13",
            "revenue": 1581042
        },
        "2004-11": {
            "month": "2004-11",
            "price": "13.49",
            "revenue": 1785218
        },
        "2004-12": {
            "month": "2004-12",
            "price": "13.55",
            "revenue": 1453980
        },
        "2005-01": {
            "month": "2005-01",
            "price": "13.30",
            "revenue": 957818
        },
        "2005-02": {
            "month": "2005-02",
            "price": "13.51",
            "revenue": 823987
        },
        "2005-03": {
            "month": "2005-03",
            "price": "13.60",
            "revenue": 1433310
        },
        "2005-04": {
            "month": "2005-04",
            "price": "13.61",
            "revenue": 1531949
        },
        "2005-05": {
            "month": "2005-05",
            "price": "13.37",
            "revenue": 1550994
        },
        "2005-06": {
            "month": "2005-06",
            "price": "14.85",
            "revenue": 1886643
        },
        "2005-07": {
            "month": "2005-07",
            "price": "14.43",
            "revenue": 1667004
        },
        "2005-08": {
            "month": "2005-08",
            "price": "14.98",
            "revenue": 1563114
        },
        "2005-09": {
            "month": "2005-09",
            "price": "13.69",
            "revenue": 1769328
        },
        "2005-10": {
            "month": "2005-10",
            "price": "12.49",
            "revenue": 2001101
        },
        "2005-11": {
            "month": "2005-11",
            "price": "12.59",
            "revenue": 1906446
        },
        "2005-12": {
            "month": "2005-12",
            "price": "13.90",
            "revenue": 1275160
        },
        "2006-01": {
            "month": "2006-01",
            "price": "13.71",
            "revenue": 1190689
        },
        "2006-02": {
            "month": "2006-02",
            "price": "12.89",
            "revenue": 816988
        },
        "2006-03": {
            "month": "2006-03",
            "price": "12.18",
            "revenue": 1092353
        },
        "2006-04": {
            "month": "2006-04",
            "price": "12.97",
            "revenue": 1717814
        },
        "2006-05": {
            "month": "2006-05",
            "price": "13.29",
            "revenue": 2319634
        },
        "2006-06": {
            "month": "2006-06",
            "price": "12.00",
            "revenue": 2507402
        },
        "2006-07": {
            "month": "2006-07",
            "price": "11.79",
            "revenue": 2679344
        },
        "2006-08": {
            "month": "2006-08",
            "price": "11.60",
            "revenue": 2933059
        },
        "2006-09": {
            "month": "2006-09",
            "price": "11.18",
            "revenue": 2579940
        },
        "2006-10": {
            "month": "2006-10",
            "price": "11.65",
            "revenue": 2161883
        },
        "2006-11": {
            "month": "2006-11",
            "price": "12.09",
            "revenue": 2105352
        },
        "2006-12": {
            "month": "2006-12",
            "price": "12.67",
            "revenue": 1796898
        },
        "2007-01": {
            "month": "2007-01",
            "price": "12.50",
            "revenue": 2080451
        },
        "2007-02": {
            "month": "2007-02",
            "price": "12.40",
            "revenue": 1694030
        },
        "2007-03": {
            "month": "2007-03",
            "price": "11.94",
            "revenue": 2149657
        },
        "2007-04": {
            "month": "2007-04",
            "price": "12.70",
            "revenue": 2232403
        },
        "2007-05": {
            "month": "2007-05",
            "price": "12.54",
            "revenue": 2240379
        },
        "2007-06": {
            "month": "2007-06",
            "price": "13.08",
            "revenue": 2173463
        },
        "2007-07": {
            "month": "2007-07",
            "price": "14.20",
            "revenue": 2351172
        },
        "2007-08": {
            "month": "2007-08",
            "price": "12.78",
            "revenue": 2548014
        },
        "2007-09": {
            "month": "2007-09",
            "price": "12.50",
            "revenue": 2687382
        },
        "2007-10": {
            "month": "2007-10",
            "price": "12.75",
            "revenue": 2425571
        },
        "2007-11": {
            "month": "2007-11",
            "price": "11.88",
            "revenue": 2676475
        },
        "2007-12": {
            "month": "2007-12",
            "price": "10.85",
            "revenue": 2260766
        },
        "2008-01": {
            "month": "2008-01",
            "price": "10.25",
            "revenue": 2424056
        },
        "2008-02": {
            "month": "2008-02",
            "price": "10.22",
            "revenue": 1620926
        },
        "2008-03": {
            "month": "2008-03",
            "price": "10.38",
            "revenue": 2035473
        },
        "2008-04": {
            "month": "2008-04",
            "price": "11.20",
            "revenue": 2094049
        },
        "2008-05": {
            "month": "2008-05",
            "price": "11.20",
            "revenue": 1897853
        },
        "2008-06": {
            "month": "2008-06",
            "price": "10.00",
            "revenue": 2023143
        },
        "2008-07": {
            "month": "2008-07",
            "price": "8.73",
            "revenue": 2873218
        },
        "2008-08": {
            "month": "2008-08",
            "price": "8.10",
            "revenue": 3426246
        },
        "2008-09": {
            "month": "2008-09",
            "price": "7.77",
            "revenue": 3485494
        },
        "2008-10": {
            "month": "2008-10",
            "price": "6.54",
            "revenue": 4305759
        },
        "2008-11": {
            "month": "2008-11",
            "price": "5.86",
            "revenue": 4340741
        },
        "2008-12": {
            "month": "2008-12",
            "price": "6.01",
            "revenue": 2614413
        },
        "2009-01": {
            "month": "2009-01",
            "price": "5.83",
            "revenue": 2571208
        },
        "2009-02": {
            "month": "2009-02",
            "price": "5.89",
            "revenue": 2431420
        },
        "2009-03": {
            "month": "2009-03",
            "price": "7.07",
            "revenue": 2338628
        },
        "2009-04": {
            "month": "2009-04",
            "price": "8.24",
            "revenue": 1748980
        },
        "2009-05": {
            "month": "2009-05",
            "price": "8.45",
            "revenue": 1632692
        },
        "2009-06": {
            "month": "2009-06",
            "price": "7.66",
            "revenue": 2127328
        },
        "2009-07": {
            "month": "2009-07",
            "price": "7.73",
            "revenue": 2164711
        },
        "2009-08": {
            "month": "2009-08",
            "price": "8.58",
            "revenue": 2130694
        },
        "2009-09": {
            "month": "2009-09",
            "price": "8.73",
            "revenue": 2253508
        },
        "2009-10": {
            "month": "2009-10",
            "price": "8.98",
            "revenue": 2137377
        },
        "2009-11": {
            "month": "2009-11",
            "price": "8.68",
            "revenue": 2036768
        },
        "2009-12": {
            "month": "2009-12",
            "price": "9.03",
            "revenue": 2217643
        },
        "2010-01": {
            "month": "2010-01",
            "price": "9.67",
            "revenue": 1785956
        },
        "2010-02": {
            "month": "2010-02",
            "price": "9.18",
            "revenue": 1677461
        },
        "2010-03": {
            "month": "2010-03",
            "price": "9.43",
            "revenue": 2408297
        },
        "2010-04": {
            "month": "2010-04",
            "price": "9.53",
            "revenue": 2076422
        },
        "2010-05": {
            "month": "2010-05",
            "price": "8.98",
            "revenue": 2199633
        },
        "2010-06": {
            "month": "2010-06",
            "price": "8.78",
            "revenue": 2280299
        },
        "2010-07": {
            "month": "2010-07",
            "price": "9.17",
            "revenue": 2587819
        },
        "2010-08": {
            "month": "2010-08",
            "price": "9.37",
            "revenue": 3903390
        },
        "2010-09": {
            "month": "2010-09",
            "price": "11.09",
            "revenue": 4011899
        },
        "2010-10": {
            "month": "2010-10",
            "price": "10.92",
            "revenue": 4132541
        },
        "2010-11": {
            "month": "2010-11",
            "price": "9.96",
            "revenue": 5454430
        },
        "2010-12": {
            "month": "2010-12",
            "price": "10.79",
            "revenue": 4601045
        },
        "2011-01": {
            "month": "2011-01",
            "price": "11.10",
            "revenue": 3791416
        },
        "2011-02": {
            "month": "2011-02",
            "price": "10.31",
            "revenue": 2953172
        },
        "2011-03": {
            "month": "2011-03",
            "price": "9.68",
            "revenue": 3055150
        },
        "2011-04": {
            "month": "2011-04",
            "price": "9.34",
            "revenue": 2381528
        },
        "2011-05": {
            "month": "2011-05",
            "price": "9.26",
            "revenue": 3154461
        },
        "2011-06": {
            "month": "2011-06",
            "price": "9.32",
            "revenue": 3787488
        },
        "2011-07": {
            "month": "2011-07",
            "price": "8.78",
            "revenue": 3295415
        },
        "2011-08": {
            "month": "2011-08",
            "price": "7.35",
            "revenue": 4121544
        },
        "2011-09": {
            "month": "2011-09",
            "price": "7.49",
            "revenue": 3668291
        },
        "2011-10": {
            "month": "2011-10",
            "price": "7.67",
            "revenue": 3912997
        },
        "2011-11": {
            "month": "2011-11",
            "price": "7.10",
            "revenue": 3524828
        },
        "2011-12": {
            "month": "2011-12",
            "price": "6.25",
            "revenue": 2106430
        },
        "2012-01": {
            "month": "2012-01",
            "price": "6.52",
            "revenue": 1999354
        },
        "2012-02": {
            "month": "2012-02",
            "price": "7.78",
            "revenue": 1868360
        },
        "2012-03": {
            "month": "2012-03",
            "price": "7.88",
            "revenue": 2487358
        },
        "2012-04": {
            "month": "2012-04",
            "price": "6.83",
            "revenue": 2889452
        },
        "2012-05": {
            "month": "2012-05",
            "price": "6.75",
            "revenue": 2651200
        },
        "2012-06": {
            "month": "2012-06",
            "price": "6.46",
            "revenue": 2941586
        },
        "2012-07": {
            "month": "2012-07",
            "price": "6.40",
            "revenue": 3780537
        },
        "2012-08": {
            "month": "2012-08",
            "price": "6.57",
            "revenue": 4447201
        },
        "2012-09": {
            "month": "2012-09",
            "price": "6.81",
            "revenue": 3430120
        },
        "2012-10": {
            "month": "2012-10",
            "price": "6.51",
            "revenue": 4501015
        },
        "2012-11": {
            "month": "2012-11",
            "price": "6.08",
            "revenue": 4147066
        },
        "2012-12": {
            "month": "2012-12",
            "price": "6.47",
            "revenue": 3675962
        },
        "2013-01": {
            "month": "2013-01",
            "price": "6.56",
            "revenue": 4657637
        },
        "2013-02": {
            "month": "2013-02",
            "price": "6.81",
            "revenue": 2878367
        },
        "2013-03": {
            "month": "2013-03",
            "price": "6.96",
            "revenue": 4061885
        },
        "2013-04": {
            "month": "2013-04",
            "price": "6.89",
            "revenue": 4382073
        },
        "2013-05": {
            "month": "2013-05",
            "price": "7.87",
            "revenue": 4631664
        },
        "2013-06": {
            "month": "2013-06",
            "price": "8.39",
            "revenue": 3977564
        },
        "2013-07": {
            "month": "2013-07",
            "price": "9.21",
            "revenue": 3717989
        },
        "2013-08": {
            "month": "2013-08",
            "price": "9.33",
            "revenue": 2794083
        },
        "2013-09": {
            "month": "2013-09",
            "price": "11.03",
            "revenue": 2624170
        },
        "2013-10": {
            "month": "2013-10",
            "price": "12.36",
            "revenue": 2637196
        },
        "2013-11": {
            "month": "2013-11",
            "price": "11.84",
            "revenue": 3006080
        },
        "2013-12": {
            "month": "2013-12",
            "price": "10.68",
            "revenue": 3363222
        },
        "2014-01": {
            "month": "2014-01",
            "price": "11.45",
            "revenue": 3600393
        },
        "2014-02": {
            "month": "2014-02",
            "price": "11.79",
            "revenue": 2812820
        },
        "2014-03": {
            "month": "2014-03",
            "price": "11.69",
            "revenue": 4548288
        },
        "2014-04": {
            "month": "2014-04",
            "price": "11.59",
            "revenue": 5018802
        },
        "2014-05": {
            "month": "2014-05",
            "price": "12.45",
            "revenue": 5274333
        },
        "2014-06": {
            "month": "2014-06",
            "price": "13.54",
            "revenue": 4340728
        },
        "2014-07": {
            "month": "2014-07",
            "price": "13.49",
            "revenue": 4324953
        },
        "2014-08": {
            "month": "2014-08",
            "price": "13.56",
            "revenue": 4660946
        },
        "2014-09": {
            "month": "2014-09",
            "price": "15.03",
            "revenue": 3939975
        },
        "2014-10": {
            "month": "2014-10",
            "price": "13.24",
            "revenue": 5245626
        },
        "2014-11": {
            "month": "2014-11",
            "price": "13.82",
            "revenue": 5885051
        },
        "2014-12": {
            "month": "2014-12",
            "price": "14.53",
            "revenue": 5950584
        },
        "2015-01": {
            "month": "2015-01",
            "price": "15.18",
            "revenue": 5492302
        },
        "2015-02": {
            "month": "2015-02",
            "price": "14.69",
            "revenue": 3170735
        },
        "2015-03": {
            "month": "2015-03",
            "price": "14.96",
            "revenue": 3638123
        },
        "2015-04": {
            "month": "2015-04",
            "price": "13.60",
            "revenue": 3858985
        },
        "2015-05": {
            "month": "2015-05",
            "price": "12.64",
            "revenue": 4053819
        },
        "2015-06": {
            "month": "2015-06",
            "price": "11.61",
            "revenue": 3525893
        },
        "2015-07": {
            "month": "2015-07",
            "price": "10.81",
            "revenue": 3902857
        },
        "2015-08": {
            "month": "2015-08",
            "price": "10.00",
            "revenue": 3215304
        },
        "2015-09": {
            "month": "2015-09",
            "price": "10.30",
            "revenue": 3195979
        },
        "2015-10": {
            "month": "2015-10",
            "price": "10.64",
            "revenue": 2313457
        },
        "2015-11": {
            "month": "2015-11",
            "price": "10.01",
            "revenue": 2470659
        },
        "2015-12": {
            "month": "2015-12",
            "price": "9.16",
            "revenue": 2283418
        },
        "2016-01": {
            "month": "2016-01",
            "price": "9.24",
            "revenue": 10058996
        },
        "2016-02": {
            "month": "2016-02",
            "price": "10.35",
            "revenue": 8764891
        },
        "2016-03": {
            "month": "2016-03",
            "price": "11.02",
            "revenue": 9051450
        },
        "2016-04": {
            "month": "2016-04",
            "price": "10.91",
            "revenue": 10087593
        },
        "2016-05": {
            "month": "2016-05",
            "price": "10.82",
            "revenue": 10924843
        },
        "2016-06": {
            "month": "2016-06",
            "price": "11.90",
            "revenue": 10734101
        },
        "2016-07": {
            "month": "2016-07",
            "price": "12.11",
            "revenue": 10577069
        },
        "2016-08": {
            "month": "2016-08",
            "price": "12.14",
            "revenue": 11594779
        },
        "2016-09": {
            "month": "2016-09",
            "price": "12.07",
            "revenue": 10402939
        },
        "2016-10": {
            "month": "2016-10",
            "price": "11.93",
            "revenue": 10149000
        },
        "2016-11": {
            "month": "2016-11",
            "price": "11.26",
            "revenue": 10784752
        },
        "2016-12": {
            "month": "2016-12",
            "price": "11.60",
            "revenue": 9677779
        },
        "2017-01": {
            "month": "2017-01",
            "price": "12.31",
            "revenue": 9385904
        },
        "2017-02": {
            "month": "2017-02",
            "price": "12.67",
            "revenue": 9475265
        },
        "2017-03": {
            "month": "2017-03",
            "price": "12.27",
            "revenue": 10015393
        },
        "2017-04": {
            "month": "2017-04",
            "price": "11.47",
            "revenue": 8704118
        },
        "2017-05": {
            "month": "2017-05",
            "price": "11.12",
            "revenue": 10369139
        },
        "2017-06": {
            "month": "2017-06",
            "price": "11.18",
            "revenue": 9244993
        },
        "2017-07": {
            "month": "2017-07",
            "price": "11.10",
            "revenue": 10018868
        },
        "2017-08": {
            "month": "2017-08",
            "price": "10.48",
            "revenue": 10582867
        },
        "2017-09": {
            "month": "2017-09",
            "price": "10.34",
            "revenue": 10328453
        },
        "2017-10": {
            "month": "2017-10",
            "price": "10.38",
            "revenue": 10539301
        },
        "2017-11": {
            "month": "2017-11",
            "price": "10.55",
            "revenue": 11670743
        },
        "2017-12": {
            "month": "2017-12",
            "price": "10.36",
            "revenue": 9874582
        },
        "2018-01": {
            "month": "2018-01",
            "price": "10.86",
            "revenue": 9818685
        },
        "2018-02": {
            "month": "2018-02",
            "price": "10.33",
            "revenue": 9106765
        },
        "2018-03": {
            "month": "2018-03",
            "price": "10.27",
            "revenue": 9683468
        },
        "2018-04": {
            "month": "2018-04",
            "price": "10.30",
            "revenue": 9552382
        },
        "2018-05": {
            "month": "2018-05",
            "price": "10.13",
            "revenue": 11623654
        },
        "2018-06": {
            "month": "2018-06",
            "price": "9.95",
            "revenue": 11026962
        },
        "2018-07": {
            "month": "2018-07",
            "price": "9.75",
            "revenue": 11539146
        },
        "2018-08": {
            "month": "2018-08",
            "price": "10.18",
            "revenue": 12505046
        },
        "2018-09": {
            "month": "2018-09",
            "price": "10.56",
            "revenue": 12186624
        },
        "2018-10": {
            "month": "2018-10",
            "price": "9.74",
            "revenue": 12882411
        },
        "2018-11": {
            "month": "2018-11",
            "price": "9.45",
            "revenue": 12842680
        },
        "2018-12": {
            "month": "2018-12",
            "price": "9.96",
            "revenue": 11455578
        },
        "2019-01": {
            "month": "2019-01",
            "price": "10.29",
            "revenue": 12531776
        },
        "2019-02": {
            "month": "2019-02",
            "price": "11.44",
            "revenue": 10314557
        },
        "2019-03": {
            "month": "2019-03",
            "price": "11.84",
            "revenue": 11108802
        },
        "2019-04": {
            "month": "2019-04",
            "price": "11.16",
            "revenue": 10737759
        },
        "2019-05": {
            "month": "2019-05",
            "price": "10.38",
            "revenue": 11795779
        },
        "2019-06": {
            "month": "2019-06",
            "price": "10.32",
            "revenue": 11405555
        },
        "2019-07": {
            "month": "2019-07",
            "price": "10.42",
            "revenue": 12126051
        },
        "2019-08": {
            "month": "2019-08",
            "price": "10.39",
            "revenue": 11987213
        },
        "2019-09": {
            "month": "2019-09",
            "price": "10.67",
            "revenue": 11142971
        },
        "2019-10": {
            "month": "2019-10",
            "price": "11.06",
            "revenue": 11795957
        },
        "2019-11": {
            "month": "2019-11",
            "price": "11.50",
            "revenue": 11494565
        },
        "2019-12": {
            "month": "2019-12",
            "price": "12.70",
            "revenue": 9828872
        },
        "2020-01": {
            "month": "2020-01",
            "price": "13.88",
            "revenue": 10036196
        },
        "2020-02": {
            "month": "2020-02",
            "price": "14.15",
            "revenue": 9073910
        },
        "2020-03": {
            "month": "2020-03",
            "price": "10.94",
            "revenue": 9066198
        },
        "2020-04": {
            "month": "2020-04",
            "price": "11.78",
            "revenue": 6350578
        },
        "2020-05": {
            "month": "2020-05",
            "price": "11.94",
            "revenue": 9568329
        },
        "2020-06": {
            "month": "2020-06",
            "price": "11.30",
            "revenue": 10811256
        },
        "2020-07": {
            "month": "2020-07",
            "price": "10.18",
            "revenue": 11757738
        },
        "2020-08": {
            "month": "2020-08",
            "price": "10.47",
            "revenue": 11627894
        },
        "2020-09": {
            "month": "2020-09",
            "price": "10.95",
            "revenue": 12602426
        },
        "2020-10": {
            "month": "2020-10",
            "price": "10.95",
            "revenue": 12654462
        },
        "2020-11": {
            "month": "2020-11",
            "price": "10.98",
            "revenue": 11510101
        },
        "2020-12": {
            "month": "2020-12",
            "price": "12.05",
            "revenue": 11651318
        },
        "2021-01": {
            "month": "2021-01",
            "price": "12.43",
            "revenue": 11346422
        },
        "2021-02": {
            "month": "2021-02",
            "price": "12.43",
            "revenue": 10535685
        },
        "2021-03": {
            "month": "2021-03",
            "price": "12.98",
            "revenue": 12131724
        },
        "2021-04": {
            "month": "2021-04",
            "price": "15.00",
            "revenue": 11601677
        },
        "2021-05": {
            "month": "2021-05",
            "price": "14.18",
            "revenue": 9688771
        },
        "2021-06": {
            "month": "2021-06",
            "price": "13.31",
            "revenue": 10233114
        },
        "2021-07": {
            "month": "2021-07",
            "price": "13.29",
            "revenue": 12230873
        },
        "2021-08": {
            "month": "2021-08",
            "price": "12.42",
            "revenue": 12165517
        },
        "2021-09": {
            "month": "2021-09",
            "price": "12.76",
            "revenue": 11525834
        },
        "2021-10": {
            "month": "2021-10",
            "price": "12.34",
            "revenue": 11729782
        },
        "2021-11": {
            "month": "2021-11",
            "price": "13.86",
            "revenue": 11957664
        },
        "2021-12": {
            "month": "2021-12",
            "price": "14.83",
            "revenue": 12649246
        },
        "2022-01": {
            "month": "2022-01",
            "price": "15.49",
            "revenue": 12555518
        },
        "2022-02": {
            "month": "2022-02",
            "price": "15.62",
            "revenue": 13752839
        },
        "2022-03": {
            "month": "2022-03",
            "price": "15.10",
            "revenue": 13812434
        },
        "2022-04": {
            "month": "2022-04",
            "price": "15.78",
            "revenue": 13088303
        },
        "2022-05": {
            "month": "2022-05",
            "price": "13.47",
            "revenue": 14274267
        },
        "2022-06": {
            "month": "2022-06",
            "price": "13.44",
            "revenue": 14375214
        },
        "2022-07": {
            "month": "2022-07",
            "price": "12.49",
            "revenue": 15370766
        },
        "2022-08": {
            "month": "2022-08",
            "price": "12.93",
            "revenue": 16484774
        },
        "2022-09": {
            "month": "2022-09",
            "price": "13.34",
            "revenue": 20485080
        },
        "2022-10": {
            "month": "2022-10",
            "price": "13.89",
            "revenue": 15024925
        },
        "2022-11": {
            "month": "2022-11",
            "price": "14.10",
            "revenue": 17683243
        },
        "2022-12": {
            "month": "2022-12",
            "price": "14.01",
            "revenue": 15396639
        },
        "2023-01": {
            "month": "2023-01",
            "price": "13.39",
            "revenue": 12704881
        },
        "2023-02": {
            "month": "2023-02",
            "price": "13.75",
            "revenue": 13203290
        },
        "2023-03": {
            "month": "2023-03",
            "price": "13.32",
            "revenue": 13398231
        },
        "2023-04": {
            "month": "2023-04",
            "price": "13.26",
            "revenue": 12820502
        }
    }
}
