{
    "summary": {
        "stock_name": "華通",
        "stock_id": "2313",
        "category": "電子零組件",
        "main_business": "多層印刷電路板",
        "website_url": "http://www.compeq.com.tw",
        "ceo": "江培琨",
        "pe_ratio": 22,
        "report_year_from": 2001,
        "report_year_to": 2023,
        "age": 23,
        "eps_negative_percentage": 22,
        "eps_growth_avg": {
            "last_all": 2.2,
            "last_2y": 5.88,
            "last_4y": 19.73,
            "last_8y": 18.53,
            "last_12y": 21.95,
            "last_16y": 2.49,
            "last_20y": 8.58,
            "at_2006_last_3y": 100,
            "at_2007_last_3y": 26.61,
            "at_2008_last_3y": -8.7,
            "at_2009_last_3y": -31.52,
            "at_2010_last_3y": -75.37,
            "at_2011_last_3y": -89.66,
            "at_2012_last_3y": -55.56,
            "at_2013_last_3y": 44.44,
            "at_2014_last_3y": 32.21,
            "at_2015_last_3y": 35.09,
            "at_2016_last_3y": 27.13,
            "at_2017_last_3y": 27.13,
            "at_2018_last_3y": 17.03,
            "at_2019_last_3y": 20.83,
            "at_2020_last_3y": 37.09,
            "at_2021_last_3y": 14.58,
            "at_2022_last_3y": 36.67,
            "at_2023_last_3y": 9.94,
            "at_2024_last_3y": 9.94,
            "at_2006_last_all": 0,
            "at_2007_last_all": -15.6,
            "at_2008_last_all": -31.52,
            "at_2009_last_all": -45.22,
            "at_2010_last_all": -45.22,
            "at_2011_last_all": -45.22,
            "at_2012_last_all": -39.54,
            "at_2013_last_all": -19.6,
            "at_2014_last_all": -16.18,
            "at_2015_last_all": -9.53,
            "at_2016_last_all": -12.87,
            "at_2017_last_all": -2.61,
            "at_2018_last_all": -5.11,
            "at_2019_last_all": -0.19,
            "at_2020_last_all": 1.41,
            "at_2021_last_all": 1.98,
            "at_2022_last_all": 5.33,
            "at_2023_last_all": 2.2,
            "at_2024_last_all": 2.2
        },
        "latest_eps": 3.5,
        "latest_price": 75.6,
        "latest_roe": 10.69,
        "latest_gross_margin": 16.75,
        "latest_equity": 39252569,
        "latest_revenue": 20126664,
        "latest_gross_profit": 3371324,
        "latest_net_income": 1530899,
        "latest_debt_ratio": 50.38,
        "latest_current_ratio": 175.21,
        "latest_account_receivable_turnover_ratio": 1.18,
        "latest_inventory_turnover_ratio": 1.88,
        "latest_reinvestment_rate": 42.66,
        "latest_research_to_sale_ratio": 3.15
    },
    "eps_dividends": {
        "1991": {
            "cash": 1.5,
            "stock": 1,
            "eps": 0
        },
        "1992": {
            "cash": 0.5,
            "stock": 1,
            "eps": 0
        },
        "1993": {
            "cash": 1,
            "stock": 1,
            "eps": 0
        },
        "1994": {
            "cash": 1,
            "stock": 1.5,
            "eps": 0
        },
        "1995": {
            "cash": 1,
            "stock": 2,
            "eps": 0
        },
        "1996": {
            "cash": 0.5,
            "stock": 3,
            "eps": 0
        },
        "1997": {
            "cash": 0,
            "stock": 4,
            "eps": 0
        },
        "1998": {
            "cash": 0,
            "stock": 4,
            "eps": 0
        },
        "1999": {
            "cash": 0,
            "stock": 3,
            "eps": 0
        },
        "2000": {
            "cash": 0,
            "stock": 2,
            "eps": 0
        },
        "2001": {
            "cash": 0,
            "stock": 2,
            "eps": 1.34
        },
        "2002": {
            "cash": 0,
            "stock": 0.5,
            "eps": -1.41
        },
        "2003": {
            "cash": 0,
            "stock": 0,
            "eps": -3.39
        },
        "2004": {
            "cash": 0,
            "stock": 0,
            "eps": -3.22
        },
        "2005": {
            "cash": 0,
            "stock": 0,
            "eps": 0.27
        },
        "2006": {
            "cash": 0,
            "stock": 0,
            "eps": 1.09
        },
        "2007": {
            "cash": 0.4,
            "stock": 0,
            "eps": 0.58
        },
        "2008": {
            "cash": 0.1,
            "stock": 0,
            "eps": 0.12
        },
        "2009": {
            "cash": 0,
            "stock": 0,
            "eps": -0.67
        },
        "2010": {
            "cash": 0,
            "stock": 0,
            "eps": -2974.69
        },
        "2011": {
            "cash": 0.5,
            "stock": 0,
            "eps": 0.81
        },
        "2012": {
            "cash": 0,
            "stock": 0,
            "eps": 0.72
        },
        "2013": {
            "cash": 0.5,
            "stock": 0,
            "eps": 1.55
        },
        "2014": {
            "cash": 0.5,
            "stock": 0,
            "eps": 1.67
        },
        "2015": {
            "cash": 0.6,
            "stock": 0,
            "eps": 2.4
        },
        "2016": {
            "cash": 1,
            "stock": 0,
            "eps": 1.37
        },
        "2017": {
            "cash": 0.6,
            "stock": 0,
            "eps": 3
        },
        "2018": {
            "cash": 1.2,
            "stock": 0,
            "eps": 2.02
        },
        "2019": {
            "cash": 0.8,
            "stock": 0,
            "eps": 3.21
        },
        "2020": {
            "cash": 1.2,
            "stock": 0,
            "eps": 3.92
        },
        "2021": {
            "cash": 1.5,
            "stock": 0,
            "eps": 4.31
        },
        "2022": {
            "cash": 1.8,
            "stock": 0,
            "eps": 6.71
        },
        "2023": {
            "cash": 2.7,
            "stock": 0,
            "eps": 3.49
        },
        "2024": {
            "cash": 1.5,
            "stock": 0,
            "eps": 0
        }
    },
    "dividends": {
        "1991-05-15": {
            "cash": 1.5,
            "stock": 1
        },
        "1992-05-29": {
            "cash": 0.5,
            "stock": 1
        },
        "1993-05-17": {
            "cash": 1,
            "stock": 1
        },
        "1994-05-17": {
            "cash": 1,
            "stock": 1.5
        },
        "1995-05-17": {
            "cash": 1,
            "stock": 2
        },
        "1996-05-17": {
            "cash": 0.5,
            "stock": 3
        },
        "1997-05-20": {
            "cash": 0,
            "stock": 4
        },
        "1998-05-15": {
            "cash": 0,
            "stock": 4
        },
        "1999-05-18": {
            "cash": 0,
            "stock": 3
        },
        "2000-06-12": {
            "cash": 0,
            "stock": 2
        },
        "2001-05-07": {
            "cash": 0,
            "stock": 2
        },
        "2002-05-24": {
            "cash": 0,
            "stock": 0.5
        },
        "2007-03-16": {
            "cash": 0.4,
            "stock": 0
        },
        "2008-03-21": {
            "cash": 0.1,
            "stock": 0
        },
        "2011-01-01": {
            "cash": 0.5,
            "stock": 0
        },
        "2013-03-22": {
            "cash": 0.5,
            "stock": 0
        },
        "2014-06-12": {
            "cash": 0.5,
            "stock": 0
        },
        "2015-08-06": {
            "cash": 0.6,
            "stock": 0
        },
        "2016-08-10": {
            "cash": 1,
            "stock": 0
        },
        "2017-08-11": {
            "cash": 0.6,
            "stock": 0
        },
        "2018-08-08": {
            "cash": 1.2,
            "stock": 0
        },
        "2019-08-08": {
            "cash": 0.8,
            "stock": 0
        },
        "2020-08-06": {
            "cash": 1.2,
            "stock": 0
        },
        "2021-08-06": {
            "cash": 1.5,
            "stock": 0
        },
        "2022-06-28": {
            "cash": 1.8,
            "stock": 0
        },
        "2023-06-29": {
            "cash": 2.7,
            "stock": 0
        },
        "2024-03-07": {
            "cash": 1.5,
            "stock": 0
        }
    },
    "prices": {
        "200101": "151.25",
        "200102": "143.05",
        "200103": "128.14",
        "200104": "110.75",
        "200105": "95.68",
        "200106": "81.08",
        "200107": "55.21",
        "200108": "52.84",
        "200109": "43.03",
        "200110": "34.51",
        "200111": "40.45",
        "200112": "51.60",
        "200201": "49.54",
        "200202": "44.07",
        "200203": "57.18",
        "200204": "62.43",
        "200205": "53.55",
        "200206": "41.98",
        "200207": "30.63",
        "200208": "30.39",
        "200209": "29.96",
        "200210": "27.41",
        "200211": "26.05",
        "200212": "22.46",
        "200301": "20.91",
        "200302": "18.23",
        "200303": "18.10",
        "200304": "15.95",
        "200305": "11.96",
        "200306": "14.82",
        "200307": "17.10",
        "200308": "14.77",
        "200309": "15.77",
        "200310": "17.53",
        "200311": "20.32",
        "200312": "18.21",
        "200401": "19.33",
        "200402": "20.20",
        "200403": "19.05",
        "200404": "16.94",
        "200405": "12.69",
        "200406": "11.53",
        "200407": "10.73",
        "200408": "11.64",
        "200409": "11.62",
        "200410": "10.64",
        "200411": "11.54",
        "200412": "10.75",
        "200501": "9.34",
        "200502": "9.45",
        "200503": "8.93",
        "200504": "8.66",
        "200505": "9.10",
        "200506": "12.18",
        "200507": "13.32",
        "200508": "13.44",
        "200509": "14.27",
        "200510": "15.14",
        "200511": "14.57",
        "200512": "17.25",
        "200601": "17.21",
        "200602": "15.19",
        "200603": "15.29",
        "200604": "17.13",
        "200605": "15.42",
        "200606": "12.79",
        "200607": "12.21",
        "200608": "14.07",
        "200609": "14.20",
        "200610": "14.46",
        "200611": "14.60",
        "200612": "15.10",
        "200701": "15.25",
        "200702": "14.70",
        "200703": "13.73",
        "200704": "14.15",
        "200705": "13.53",
        "200706": "14.43",
        "200707": "16.79",
        "200708": "14.91",
        "200709": "14.64",
        "200710": "14.97",
        "200711": "13.27",
        "200712": "11.30",
        "200801": "9.76",
        "200802": "9.55",
        "200803": "10.16",
        "200804": "10.32",
        "200805": "10.83",
        "200806": "10.00",
        "200807": "8.43",
        "200808": "9.66",
        "200809": "8.20",
        "200810": "6.30",
        "200811": "4.60",
        "200812": "4.22",
        "200901": "4.29",
        "200902": "4.38",
        "200903": "5.86",
        "200904": "8.96",
        "200905": "9.47",
        "200906": "8.48",
        "200907": "8.71",
        "200908": "8.58",
        "200909": "8.69",
        "200910": "8.92",
        "200911": "8.68",
        "200912": "9.38",
        "201001": "10.17",
        "201002": "8.64",
        "201003": "8.91",
        "201004": "9.53",
        "201005": "8.50",
        "201006": "8.28",
        "201007": "8.60",
        "201008": "8.98",
        "201009": "9.43",
        "201010": "9.90",
        "201011": "11.10",
        "201012": "16.87",
        "201101": "18.93",
        "201102": "17.75",
        "201103": "17.79",
        "201104": "17.06",
        "201105": "15.71",
        "201106": "13.94",
        "201107": "14.35",
        "201108": "12.94",
        "201109": "12.57",
        "201110": "12.36",
        "201111": "10.84",
        "201112": "9.03",
        "201201": "9.68",
        "201202": "12.26",
        "201203": "14.01",
        "201204": "12.23",
        "201205": "11.58",
        "201206": "11.73",
        "201207": "12.38",
        "201208": "13.12",
        "201209": "13.31",
        "201210": "12.38",
        "201211": "11.46",
        "201212": "12.51",
        "201301": "11.61",
        "201302": "11.20",
        "201303": "11.04",
        "201304": "10.83",
        "201305": "11.91",
        "201306": "12.87",
        "201307": "13.14",
        "201308": "14.26",
        "201309": "14.12",
        "201310": "14.07",
        "201311": "15.89",
        "201312": "17.16",
        "201401": "17.60",
        "201402": "16.46",
        "201403": "16.50",
        "201404": "18.86",
        "201405": "20.50",
        "201406": "20.11",
        "201407": "19.15",
        "201408": "18.00",
        "201409": "18.62",
        "201410": "16.92",
        "201411": "16.91",
        "201412": "17.95",
        "201501": "17.94",
        "201502": "17.57",
        "201503": "18.57",
        "201504": "19.92",
        "201505": "19.28",
        "201506": "18.09",
        "201507": "19.76",
        "201508": "20.74",
        "201509": "23.33",
        "201510": "22.48",
        "201511": "21.99",
        "201512": "22.05",
        "201601": "19.20",
        "201602": "19.19",
        "201603": "20.77",
        "201604": "19.16",
        "201605": "16.07",
        "201606": "16.91",
        "201607": "16.43",
        "201608": "16.39",
        "201609": "16.22",
        "201610": "16.58",
        "201611": "15.65",
        "201612": "15.48",
        "201701": "16.07",
        "201702": "18.41",
        "201703": "21.59",
        "201704": "21.82",
        "201705": "23.24",
        "201706": "24.82",
        "201707": "25.63",
        "201708": "30.40",
        "201709": "34.17",
        "201710": "35.26",
        "201711": "45.48",
        "201712": "41.79",
        "201801": "38.61",
        "201802": "34.67",
        "201803": "31.76",
        "201804": "30.59",
        "201805": "33.25",
        "201806": "34.15",
        "201807": "30.57",
        "201808": "29.97",
        "201809": "24.96",
        "201810": "20.86",
        "201811": "19.51",
        "201812": "21.00",
        "201901": "20.23",
        "201902": "22.34",
        "201903": "22.36",
        "201904": "26.75",
        "201905": "23.76",
        "201906": "24.91",
        "201907": "27.23",
        "201908": "28.92",
        "201909": "35.64",
        "201910": "40.18",
        "201911": "48.40",
        "201912": "46.93",
        "202001": "44.64",
        "202002": "42.25",
        "202003": "32.76",
        "202004": "35.26",
        "202005": "40.96",
        "202006": "45.48",
        "202007": "47.77",
        "202008": "48.38",
        "202009": "44.92",
        "202010": "45.30",
        "202011": "46.01",
        "202012": "44.99",
        "202101": "44.19",
        "202102": "43.52",
        "202103": "42.91",
        "202104": "43.02",
        "202105": "36.86",
        "202106": "40.19",
        "202107": "44.19",
        "202108": "40.67",
        "202109": "38.52",
        "202110": "37.59",
        "202111": "41.77",
        "202112": "42.74",
        "202201": "43.05",
        "202202": "46.12",
        "202203": "46.97",
        "202204": "46.58",
        "202205": "46.05",
        "202206": "46.81",
        "202207": "46.09",
        "202208": "50.44",
        "202209": "48.43",
        "202210": "44.18",
        "202211": "47.25",
        "202212": "47.83",
        "202301": "44.63",
        "202302": "46.12",
        "202303": "45.47",
        "202304": "44.25",
        "202305": "43.05",
        "202306": "43.98",
        "202307": "45.65",
        "202308": "44.25",
        "202309": "51.86",
        "202310": "52.80",
        "202311": "61.05",
        "202312": "71.72"
    },
    "quarters": {
        "20011": {
            "year_quarter": 20011,
            "year": 2001,
            "quarter": 1,
            "eps": 0.48,
            "eps_growth_year": 166.67,
            "eps_4q": 5.05,
            "eps_4q_growth_year": 335.34,
            "roe": 2.05,
            "roe_4q": 2.05,
            "gross_profit": 320039,
            "gross_margin": 7.4,
            "gross_margin_4q_avg": 7.4,
            "net_income": 325973,
            "net_income_4q": null,
            "revenue": 4325178,
            "revenue_4q": null,
            "common_shares": 6816454,
            "book_valuer_per_share": 23.51,
            "book_valuer_per_share_4q_avg": 23.51,
            "equity": 16024932,
            "current_ratio": 226.76,
            "debt_ratio": 44.46,
            "inventory_turnover_ratio": 1.54,
            "account_receivable_turnover_ratio": null,
            "reinvestment_rate": null,
            "research_to_sale_ratio": null,
            "price_fair": 0,
            "eps_avg_yearly": 0,
            "eps_latest_yearly": 0,
            "eps_growth_yearly": 0
        },
        "20012": {
            "year_quarter": 20012,
            "year": 2001,
            "quarter": 2,
            "eps": 0.74,
            "eps_growth_year": -18.68,
            "eps_4q": 4.29,
            "eps_4q_growth_year": 135.32,
            "roe": 3.7,
            "roe_4q": 5.75,
            "gross_profit": 496962,
            "gross_margin": 12.9,
            "gross_margin_4q_avg": 10.15,
            "net_income": 608635,
            "net_income_4q": null,
            "revenue": 3853651,
            "revenue_4q": null,
            "common_shares": 8250786,
            "book_valuer_per_share": 20.48,
            "book_valuer_per_share_4q_avg": 22,
            "equity": 16895266,
            "current_ratio": 224.1,
            "debt_ratio": 41.62,
            "inventory_turnover_ratio": 2.03,
            "account_receivable_turnover_ratio": null,
            "reinvestment_rate": null,
            "research_to_sale_ratio": null,
            "price_fair": 0,
            "eps_avg_yearly": 0,
            "eps_latest_yearly": 0,
            "eps_growth_yearly": 0
        },
        "20013": {
            "year_quarter": 20013,
            "year": 2001,
            "quarter": 3,
            "eps": 0.13,
            "eps_growth_year": -91.28,
            "eps_4q": 3.25,
            "eps_4q_growth_year": 15.85,
            "roe": 0.62,
            "roe_4q": 6.37,
            "gross_profit": 350304,
            "gross_margin": 9.29,
            "gross_margin_4q_avg": 9.86,
            "net_income": 104961,
            "net_income_4q": null,
            "revenue": 3770804,
            "revenue_4q": null,
            "common_shares": 8250786,
            "book_valuer_per_share": 20.61,
            "book_valuer_per_share_4q_avg": 21.53,
            "equity": 17006298,
            "current_ratio": 223.17,
            "debt_ratio": 40.68,
            "inventory_turnover_ratio": 2.21,
            "account_receivable_turnover_ratio": null,
            "reinvestment_rate": null,
            "research_to_sale_ratio": null,
            "price_fair": 0,
            "eps_avg_yearly": 0,
            "eps_latest_yearly": 0,
            "eps_growth_yearly": 0
        },
        "20014": {
            "year_quarter": 20014,
            "year": 2001,
            "quarter": 4,
            "eps": -0.01,
            "eps_growth_year": -100.43,
            "eps_4q": 1.25,
            "eps_4q_growth_year": -73.61,
            "roe": -0.07,
            "roe_4q": 6.3,
            "gross_profit": 238343,
            "gross_margin": 6.08,
            "gross_margin_4q_avg": 8.92,
            "net_income": -11343,
            "net_income_4q": null,
            "revenue": 3919503,
            "revenue_4q": null,
            "common_shares": 8250786,
            "book_valuer_per_share": 20.7,
            "book_valuer_per_share_4q_avg": 21.33,
            "equity": 17079552,
            "current_ratio": 138.8,
            "debt_ratio": 48.94,
            "inventory_turnover_ratio": 1.86,
            "account_receivable_turnover_ratio": null,
            "reinvestment_rate": null,
            "research_to_sale_ratio": null,
            "price_fair": 0,
            "eps_avg_yearly": 0,
            "eps_latest_yearly": 0,
            "eps_growth_yearly": 0
        },
        "20021": {
            "year_quarter": 20021,
            "year": 2002,
            "quarter": 1,
            "eps": -0.12,
            "eps_growth_year": -125,
            "eps_4q": 0.71,
            "eps_4q_growth_year": -85.92,
            "roe": -0.6,
            "roe_4q": 3.6500000000000004,
            "gross_profit": 64071,
            "gross_margin": 2.05,
            "gross_margin_4q_avg": 7.58,
            "net_income": -101353,
            "net_income_4q": null,
            "revenue": 3120280,
            "revenue_4q": null,
            "common_shares": 8250786,
            "book_valuer_per_share": 20.57,
            "book_valuer_per_share_4q_avg": 20.59,
            "equity": 16973776,
            "current_ratio": 195.54,
            "debt_ratio": 38.73,
            "inventory_turnover_ratio": 1.49,
            "account_receivable_turnover_ratio": null,
            "reinvestment_rate": null,
            "research_to_sale_ratio": null,
            "price_fair": 0,
            "eps_avg_yearly": 0,
            "eps_latest_yearly": 0,
            "eps_growth_yearly": 0
        },
        "20022": {
            "year_quarter": 20022,
            "year": 2002,
            "quarter": 2,
            "eps": -0.7,
            "eps_growth_year": -194.59,
            "eps_4q": -0.71,
            "eps_4q_growth_year": -116.63,
            "roe": -3.51,
            "roe_4q": -3.5599999999999996,
            "gross_profit": 244092,
            "gross_margin": 6.5,
            "gross_margin_4q_avg": 5.98,
            "net_income": -581266,
            "net_income_4q": null,
            "revenue": 3755890,
            "revenue_4q": null,
            "common_shares": 8250786,
            "book_valuer_per_share": 19.57,
            "book_valuer_per_share_4q_avg": 20.36,
            "equity": 16145053,
            "current_ratio": 234.51,
            "debt_ratio": 42.84,
            "inventory_turnover_ratio": 2.15,
            "account_receivable_turnover_ratio": null,
            "reinvestment_rate": null,
            "research_to_sale_ratio": null,
            "price_fair": 0,
            "eps_avg_yearly": 0,
            "eps_latest_yearly": 0,
            "eps_growth_yearly": 0
        },
        "20023": {
            "year_quarter": 20023,
            "year": 2002,
            "quarter": 3,
            "eps": -0.34,
            "eps_growth_year": -361.54,
            "eps_4q": -1.13,
            "eps_4q_growth_year": -134.85,
            "roe": -1.81,
            "roe_4q": -5.99,
            "gross_profit": 110277,
            "gross_margin": 2.84,
            "gross_margin_4q_avg": 4.37,
            "net_income": -291873,
            "net_income_4q": null,
            "revenue": 3887979,
            "revenue_4q": null,
            "common_shares": 8700341,
            "book_valuer_per_share": 18.49,
            "book_valuer_per_share_4q_avg": 19.83,
            "equity": 16087714,
            "current_ratio": 274.89,
            "debt_ratio": 43.05,
            "inventory_turnover_ratio": 2.21,
            "account_receivable_turnover_ratio": null,
            "reinvestment_rate": null,
            "research_to_sale_ratio": null,
            "price_fair": 0,
            "eps_avg_yearly": 0,
            "eps_latest_yearly": 0,
            "eps_growth_yearly": 0
        },
        "20024": {
            "year_quarter": 20024,
            "year": 2002,
            "quarter": 4,
            "eps": -0.25,
            "eps_growth_year": null,
            "eps_4q": -1.38,
            "eps_4q_growth_year": -210.4,
            "roe": -1.38,
            "roe_4q": -7.299999999999999,
            "gross_profit": 177437,
            "gross_margin": 4.44,
            "gross_margin_4q_avg": 3.96,
            "net_income": -219936,
            "net_income_4q": null,
            "revenue": 3998878,
            "revenue_4q": null,
            "common_shares": 8700341,
            "book_valuer_per_share": 18.2,
            "book_valuer_per_share_4q_avg": 19.21,
            "equity": 15838510,
            "current_ratio": 195.72,
            "debt_ratio": 52.87,
            "inventory_turnover_ratio": 1.55,
            "account_receivable_turnover_ratio": null,
            "reinvestment_rate": 207.95,
            "research_to_sale_ratio": null,
            "price_fair": 0,
            "eps_avg_yearly": 0,
            "eps_latest_yearly": 0,
            "eps_growth_yearly": 0
        },
        "20031": {
            "year_quarter": 20031,
            "year": 2003,
            "quarter": 1,
            "eps": -1.5,
            "eps_growth_year": null,
            "eps_4q": -2.76,
            "eps_4q_growth_year": -487.26,
            "roe": -8.6,
            "roe_4q": -15.3,
            "gross_profit": -74607,
            "gross_margin": -2.51,
            "gross_margin_4q_avg": 2.82,
            "net_income": -1306256,
            "net_income_4q": null,
            "revenue": 2967547,
            "revenue_4q": null,
            "common_shares": 8700341,
            "book_valuer_per_share": 16.7,
            "book_valuer_per_share_4q_avg": 18.24,
            "equity": 14531300,
            "current_ratio": 337.09,
            "debt_ratio": 49.3,
            "inventory_turnover_ratio": 1.26,
            "account_receivable_turnover_ratio": null,
            "reinvestment_rate": 125.24,
            "research_to_sale_ratio": null,
            "price_fair": 0,
            "eps_avg_yearly": 0,
            "eps_latest_yearly": 0,
            "eps_growth_yearly": 0
        },
        "20032": {
            "year_quarter": 20032,
            "year": 2003,
            "quarter": 2,
            "eps": -0.39,
            "eps_growth_year": null,
            "eps_4q": -2.48,
            "eps_4q_growth_year": null,
            "roe": -2.39,
            "roe_4q": -14.180000000000001,
            "gross_profit": -108153,
            "gross_margin": -3.86,
            "gross_margin_4q_avg": 0.23,
            "net_income": -341628,
            "net_income_4q": null,
            "revenue": 2802456,
            "revenue_4q": null,
            "common_shares": 8700341,
            "book_valuer_per_share": 16.19,
            "book_valuer_per_share_4q_avg": 17.4,
            "equity": 14089078,
            "current_ratio": 161.91,
            "debt_ratio": 41.64,
            "inventory_turnover_ratio": 1.77,
            "account_receivable_turnover_ratio": null,
            "reinvestment_rate": 92.53,
            "research_to_sale_ratio": null,
            "price_fair": 0,
            "eps_avg_yearly": 0,
            "eps_latest_yearly": 0,
            "eps_growth_yearly": 0
        },
        "20033": {
            "year_quarter": 20033,
            "year": 2003,
            "quarter": 3,
            "eps": -0.9,
            "eps_growth_year": null,
            "eps_4q": -3.05,
            "eps_4q_growth_year": null,
            "roe": -5.74,
            "roe_4q": -18.11,
            "gross_profit": -167680,
            "gross_margin": -6.07,
            "gross_margin_4q_avg": -2,
            "net_income": -783380,
            "net_income_4q": null,
            "revenue": 2760348,
            "revenue_4q": null,
            "common_shares": 8700341,
            "book_valuer_per_share": 15.16,
            "book_valuer_per_share_4q_avg": 16.56,
            "equity": 13193215,
            "current_ratio": 123.63,
            "debt_ratio": 46.11,
            "inventory_turnover_ratio": 1.97,
            "account_receivable_turnover_ratio": null,
            "reinvestment_rate": 72.11,
            "research_to_sale_ratio": null,
            "price_fair": 0,
            "eps_avg_yearly": 0,
            "eps_latest_yearly": 0,
            "eps_growth_yearly": 0
        },
        "20034": {
            "year_quarter": 20034,
            "year": 2003,
            "quarter": 4,
            "eps": -0.6,
            "eps_growth_year": null,
            "eps_4q": -3.4,
            "eps_4q_growth_year": null,
            "roe": -4,
            "roe_4q": -20.73,
            "gross_profit": -58502,
            "gross_margin": -1.66,
            "gross_margin_4q_avg": -3.53,
            "net_income": -519016,
            "net_income_4q": null,
            "revenue": 3529937,
            "revenue_4q": null,
            "common_shares": 8700341,
            "book_valuer_per_share": 14.67,
            "book_valuer_per_share_4q_avg": 15.68,
            "equity": 12764231,
            "current_ratio": 164,
            "debt_ratio": 58.64,
            "inventory_turnover_ratio": 1.7,
            "account_receivable_turnover_ratio": null,
            "reinvestment_rate": 2481.4,
            "research_to_sale_ratio": null,
            "price_fair": 0,
            "eps_avg_yearly": 0,
            "eps_latest_yearly": 0,
            "eps_growth_yearly": 0
        },
        "20041": {
            "year_quarter": 20041,
            "year": 2004,
            "quarter": 1,
            "eps": -0.43,
            "eps_growth_year": null,
            "eps_4q": -2.19,
            "eps_4q_growth_year": null,
            "roe": -3.08,
            "roe_4q": -15.21,
            "gross_profit": -149388,
            "gross_margin": -5,
            "gross_margin_4q_avg": -4.15,
            "net_income": -401896,
            "net_income_4q": null,
            "revenue": 2987270,
            "revenue_4q": null,
            "common_shares": 9450140,
            "book_valuer_per_share": 14.11,
            "book_valuer_per_share_4q_avg": 15.03,
            "equity": 13333540,
            "current_ratio": 160.35,
            "debt_ratio": 44.71,
            "inventory_turnover_ratio": 1.43,
            "account_receivable_turnover_ratio": null,
            "reinvestment_rate": null,
            "research_to_sale_ratio": null,
            "price_fair": 0,
            "eps_avg_yearly": 0,
            "eps_latest_yearly": 0,
            "eps_growth_yearly": 0
        },
        "20042": {
            "year_quarter": 20042,
            "year": 2004,
            "quarter": 2,
            "eps": -0.18,
            "eps_growth_year": null,
            "eps_4q": -1.99,
            "eps_4q_growth_year": null,
            "roe": -1.3,
            "roe_4q": -14.12,
            "gross_profit": -59584,
            "gross_margin": -1.87,
            "gross_margin_4q_avg": -3.65,
            "net_income": -172508,
            "net_income_4q": null,
            "revenue": 3192900,
            "revenue_4q": null,
            "common_shares": 9450140,
            "book_valuer_per_share": 14.01,
            "book_valuer_per_share_4q_avg": 14.49,
            "equity": 13243166,
            "current_ratio": 146.46,
            "debt_ratio": 42.45,
            "inventory_turnover_ratio": 2.1,
            "account_receivable_turnover_ratio": null,
            "reinvestment_rate": null,
            "research_to_sale_ratio": null,
            "price_fair": 0,
            "eps_avg_yearly": 0,
            "eps_latest_yearly": 0,
            "eps_growth_yearly": 0
        },
        "20043": {
            "year_quarter": 20043,
            "year": 2004,
            "quarter": 3,
            "eps": -0.22,
            "eps_growth_year": null,
            "eps_4q": -1.37,
            "eps_4q_growth_year": null,
            "roe": -1.55,
            "roe_4q": -9.93,
            "gross_profit": 76363,
            "gross_margin": 2.72,
            "gross_margin_4q_avg": -1.45,
            "net_income": -204335,
            "net_income_4q": null,
            "revenue": 2806105,
            "revenue_4q": null,
            "common_shares": 9450140,
            "book_valuer_per_share": 13.83,
            "book_valuer_per_share_4q_avg": 14.16,
            "equity": 13072707,
            "current_ratio": 198.19,
            "debt_ratio": 45.31,
            "inventory_turnover_ratio": 1.59,
            "account_receivable_turnover_ratio": null,
            "reinvestment_rate": null,
            "research_to_sale_ratio": null,
            "price_fair": 0,
            "eps_avg_yearly": 0,
            "eps_latest_yearly": 0,
            "eps_growth_yearly": 0
        },
        "20044": {
            "year_quarter": 20044,
            "year": 2004,
            "quarter": 4,
            "eps": -2.39,
            "eps_growth_year": null,
            "eps_4q": -3.22,
            "eps_4q_growth_year": null,
            "roe": -18.05,
            "roe_4q": -23.980000000000004,
            "gross_profit": 5257,
            "gross_margin": 0.14,
            "gross_margin_4q_avg": -1,
            "net_income": -2231332,
            "net_income_4q": null,
            "revenue": 3798293,
            "revenue_4q": null,
            "common_shares": 10650140,
            "book_valuer_per_share": 10.94,
            "book_valuer_per_share_4q_avg": 13.22,
            "equity": 11652539,
            "current_ratio": 157.54,
            "debt_ratio": 56.26,
            "inventory_turnover_ratio": 1.49,
            "account_receivable_turnover_ratio": null,
            "reinvestment_rate": null,
            "research_to_sale_ratio": null,
            "price_fair": 0,
            "eps_avg_yearly": 0,
            "eps_latest_yearly": 0,
            "eps_growth_yearly": 0
        },
        "20051": {
            "year_quarter": 20051,
            "year": 2005,
            "quarter": 1,
            "eps": -0.08,
            "eps_growth_year": null,
            "eps_4q": -2.44,
            "eps_4q_growth_year": null,
            "roe": -0.76,
            "roe_4q": -21.660000000000004,
            "gross_profit": 97339,
            "gross_margin": 2.98,
            "gross_margin_4q_avg": 0.99,
            "net_income": -88359,
            "net_income_4q": null,
            "revenue": 3264358,
            "revenue_4q": null,
            "common_shares": 10650140,
            "book_valuer_per_share": 10.78,
            "book_valuer_per_share_4q_avg": 12.39,
            "equity": 11476142,
            "current_ratio": 209.56,
            "debt_ratio": 47.4,
            "inventory_turnover_ratio": 1.25,
            "account_receivable_turnover_ratio": null,
            "reinvestment_rate": null,
            "research_to_sale_ratio": null,
            "price_fair": 0,
            "eps_avg_yearly": 0,
            "eps_latest_yearly": 0,
            "eps_growth_yearly": 0
        },
        "20052": {
            "year_quarter": 20052,
            "year": 2005,
            "quarter": 2,
            "eps": -0.06,
            "eps_growth_year": null,
            "eps_4q": -2.42,
            "eps_4q_growth_year": null,
            "roe": -0.53,
            "roe_4q": -20.89,
            "gross_profit": 56521,
            "gross_margin": 1.77,
            "gross_margin_4q_avg": 1.9,
            "net_income": -61261,
            "net_income_4q": null,
            "revenue": 3191943,
            "revenue_4q": null,
            "common_shares": 10687177,
            "book_valuer_per_share": 10.74,
            "book_valuer_per_share_4q_avg": 11.57,
            "equity": 11472952,
            "current_ratio": 197.84,
            "debt_ratio": 48.01,
            "inventory_turnover_ratio": 1.71,
            "account_receivable_turnover_ratio": null,
            "reinvestment_rate": null,
            "research_to_sale_ratio": null,
            "price_fair": 0,
            "eps_avg_yearly": 0,
            "eps_latest_yearly": 0,
            "eps_growth_yearly": 0
        },
        "20053": {
            "year_quarter": 20053,
            "year": 2005,
            "quarter": 3,
            "eps": 0.19,
            "eps_growth_year": null,
            "eps_4q": -1.93,
            "eps_4q_growth_year": null,
            "roe": 1.74,
            "roe_4q": -17.6,
            "gross_profit": 467268,
            "gross_margin": 11.14,
            "gross_margin_4q_avg": 4.01,
            "net_income": 213125,
            "net_income_4q": null,
            "revenue": 4193764,
            "revenue_4q": null,
            "common_shares": 11557539,
            "book_valuer_per_share": 11.22,
            "book_valuer_per_share_4q_avg": 10.92,
            "equity": 12966662,
            "current_ratio": 177.97,
            "debt_ratio": 43.63,
            "inventory_turnover_ratio": 2.08,
            "account_receivable_turnover_ratio": null,
            "reinvestment_rate": null,
            "research_to_sale_ratio": null,
            "price_fair": 0,
            "eps_avg_yearly": 0,
            "eps_latest_yearly": 0,
            "eps_growth_yearly": 0
        },
        "20054": {
            "year_quarter": 20054,
            "year": 2005,
            "quarter": 4,
            "eps": 0.22,
            "eps_growth_year": null,
            "eps_4q": 0.28,
            "eps_4q_growth_year": null,
            "roe": 1.79,
            "roe_4q": 2.24,
            "gross_profit": 791829,
            "gross_margin": 16.44,
            "gross_margin_4q_avg": 8.08,
            "net_income": 243184,
            "net_income_4q": null,
            "revenue": 4816444,
            "revenue_4q": null,
            "common_shares": 12432060,
            "book_valuer_per_share": 11.44,
            "book_valuer_per_share_4q_avg": 11.05,
            "equity": 14230557,
            "current_ratio": 140.6,
            "debt_ratio": 50.2,
            "inventory_turnover_ratio": 1.66,
            "account_receivable_turnover_ratio": null,
            "reinvestment_rate": null,
            "research_to_sale_ratio": null,
            "price_fair": 30.8,
            "eps_avg_yearly": 0.88,
            "eps_latest_yearly": 0.88,
            "eps_growth_yearly": 63.16
        },
        "20061": {
            "year_quarter": 20061,
            "year": 2006,
            "quarter": 1,
            "eps": 0.25,
            "eps_growth_year": null,
            "eps_4q": 0.57,
            "eps_4q_growth_year": null,
            "roe": 2.17,
            "roe_4q": 5.17,
            "gross_profit": 674895,
            "gross_margin": 15.11,
            "gross_margin_4q_avg": 11.12,
            "net_income": 311640,
            "net_income_4q": null,
            "revenue": 4466933,
            "revenue_4q": null,
            "common_shares": 12588045,
            "book_valuer_per_share": 11.49,
            "book_valuer_per_share_4q_avg": 11.22,
            "equity": 14458732,
            "current_ratio": 179,
            "debt_ratio": 39.56,
            "inventory_turnover_ratio": 1.48,
            "account_receivable_turnover_ratio": null,
            "reinvestment_rate": null,
            "research_to_sale_ratio": null,
            "price_fair": 32.9,
            "eps_avg_yearly": 0.94,
            "eps_latest_yearly": 1,
            "eps_growth_yearly": 58.85
        },
        "20062": {
            "year_quarter": 20062,
            "year": 2006,
            "quarter": 2,
            "eps": 0.2,
            "eps_growth_year": null,
            "eps_4q": 0.84,
            "eps_4q_growth_year": null,
            "roe": 1.67,
            "roe_4q": 7.37,
            "gross_profit": 558092,
            "gross_margin": 12.87,
            "gross_margin_4q_avg": 13.89,
            "net_income": 239867,
            "net_income_4q": null,
            "revenue": 4335520,
            "revenue_4q": null,
            "common_shares": 12170196,
            "book_valuer_per_share": 11.7,
            "book_valuer_per_share_4q_avg": 11.46,
            "equity": 14237213,
            "current_ratio": 155.5,
            "debt_ratio": 40.63,
            "inventory_turnover_ratio": 1.8,
            "account_receivable_turnover_ratio": null,
            "reinvestment_rate": null,
            "research_to_sale_ratio": null,
            "price_fair": 20.16,
            "eps_avg_yearly": 0.89,
            "eps_latest_yearly": 0.8,
            "eps_growth_yearly": 12.57
        },
        "20063": {
            "year_quarter": 20063,
            "year": 2006,
            "quarter": 3,
            "eps": 0.25,
            "eps_growth_year": 31.58,
            "eps_4q": 0.91,
            "eps_4q_growth_year": null,
            "roe": 2.08,
            "roe_4q": 7.71,
            "gross_profit": 535333,
            "gross_margin": 11.41,
            "gross_margin_4q_avg": 13.96,
            "net_income": 300743,
            "net_income_4q": null,
            "revenue": 4689959,
            "revenue_4q": null,
            "common_shares": 12079479,
            "book_valuer_per_share": 12.13,
            "book_valuer_per_share_4q_avg": 11.69,
            "equity": 14656352,
            "current_ratio": 134.83,
            "debt_ratio": 44.97,
            "inventory_turnover_ratio": 1.76,
            "account_receivable_turnover_ratio": null,
            "reinvestment_rate": null,
            "research_to_sale_ratio": null,
            "price_fair": 32.2,
            "eps_avg_yearly": 0.92,
            "eps_latest_yearly": 1,
            "eps_growth_yearly": 34.43
        },
        "20064": {
            "year_quarter": 20064,
            "year": 2006,
            "quarter": 4,
            "eps": 0.39,
            "eps_growth_year": 77.27,
            "eps_4q": 1.11,
            "eps_4q_growth_year": 299.34,
            "roe": 3.1,
            "roe_4q": 9.02,
            "gross_profit": 802218,
            "gross_margin": 13.44,
            "gross_margin_4q_avg": 13.21,
            "net_income": 462933,
            "net_income_4q": null,
            "revenue": 5968496,
            "revenue_4q": null,
            "common_shares": 12071291,
            "book_valuer_per_share": 12.58,
            "book_valuer_per_share_4q_avg": 11.98,
            "equity": 15184916,
            "current_ratio": 144.91,
            "debt_ratio": 52.87,
            "inventory_turnover_ratio": 1.68,
            "account_receivable_turnover_ratio": null,
            "reinvestment_rate": null,
            "research_to_sale_ratio": null,
            "price_fair": 36.68,
            "eps_avg_yearly": 1.05,
            "eps_latest_yearly": 1.56,
            "eps_growth_yearly": 72.34
        },
        "20071": {
            "year_quarter": 20071,
            "year": 2007,
            "quarter": 1,
            "eps": 0.32,
            "eps_growth_year": 28,
            "eps_4q": 1.15,
            "eps_4q_growth_year": 103.03,
            "roe": 2.5,
            "roe_4q": 9.35,
            "gross_profit": 375093,
            "gross_margin": 9.14,
            "gross_margin_4q_avg": 11.72,
            "net_income": 386447,
            "net_income_4q": null,
            "revenue": 4103172,
            "revenue_4q": null,
            "common_shares": 12085251,
            "book_valuer_per_share": 13,
            "book_valuer_per_share_4q_avg": 12.35,
            "equity": 15707548,
            "current_ratio": 148.09,
            "debt_ratio": 40.48,
            "inventory_turnover_ratio": 1.32,
            "account_receivable_turnover_ratio": null,
            "reinvestment_rate": null,
            "research_to_sale_ratio": null,
            "price_fair": 38.03,
            "eps_avg_yearly": 1.09,
            "eps_latest_yearly": 1.28,
            "eps_growth_yearly": 48.32
        },
        "20072": {
            "year_quarter": 20072,
            "year": 2007,
            "quarter": 2,
            "eps": 0.03,
            "eps_growth_year": -85,
            "eps_4q": 1.13,
            "eps_4q_growth_year": 34.17,
            "roe": 0.2,
            "roe_4q": 7.880000000000001,
            "gross_profit": 360147,
            "gross_margin": 11.08,
            "gross_margin_4q_avg": 11.27,
            "net_income": 31441,
            "net_income_4q": null,
            "revenue": 3249007,
            "revenue_4q": null,
            "common_shares": 12091502,
            "book_valuer_per_share": 12.69,
            "book_valuer_per_share_4q_avg": 12.6,
            "equity": 15344992,
            "current_ratio": 150.04,
            "debt_ratio": 39.08,
            "inventory_turnover_ratio": 1.43,
            "account_receivable_turnover_ratio": null,
            "reinvestment_rate": null,
            "research_to_sale_ratio": null,
            "price_fair": 2.85,
            "eps_avg_yearly": 0.95,
            "eps_latest_yearly": 0.12,
            "eps_growth_yearly": -10.37
        },
        "20073": {
            "year_quarter": 20073,
            "year": 2007,
            "quarter": 3,
            "eps": 0.06,
            "eps_growth_year": -76,
            "eps_4q": 0.79,
            "eps_4q_growth_year": -13.52,
            "roe": 0.47,
            "roe_4q": 6.27,
            "gross_profit": 341400,
            "gross_margin": 7.8,
            "gross_margin_4q_avg": 10.37,
            "net_income": 72642,
            "net_income_4q": null,
            "revenue": 4379293,
            "revenue_4q": null,
            "common_shares": 12075937,
            "book_valuer_per_share": 12.88,
            "book_valuer_per_share_4q_avg": 12.79,
            "equity": 15553881,
            "current_ratio": 137.73,
            "debt_ratio": 40.73,
            "inventory_turnover_ratio": 1.93,
            "account_receivable_turnover_ratio": null,
            "reinvestment_rate": null,
            "research_to_sale_ratio": null,
            "price_fair": 30.1,
            "eps_avg_yearly": 0.86,
            "eps_latest_yearly": 0.24,
            "eps_growth_yearly": 40.93
        },
        "20074": {
            "year_quarter": 20074,
            "year": 2007,
            "quarter": 4,
            "eps": 0.17,
            "eps_growth_year": -56.41,
            "eps_4q": 0.58,
            "eps_4q_growth_year": -47.89,
            "roe": 1.31,
            "roe_4q": 4.48,
            "gross_profit": 657735,
            "gross_margin": 11.38,
            "gross_margin_4q_avg": 9.85,
            "net_income": 204685,
            "net_income_4q": null,
            "revenue": 5781216,
            "revenue_4q": null,
            "common_shares": 12081436,
            "book_valuer_per_share": 13,
            "book_valuer_per_share_4q_avg": 12.89,
            "equity": 15709036,
            "current_ratio": 167.58,
            "debt_ratio": 53.47,
            "inventory_turnover_ratio": 1.72,
            "account_receivable_turnover_ratio": null,
            "reinvestment_rate": null,
            "research_to_sale_ratio": null,
            "price_fair": 29.4,
            "eps_avg_yearly": 0.84,
            "eps_latest_yearly": 0.68,
            "eps_growth_yearly": 117.86
        },
        "20081": {
            "year_quarter": 20081,
            "year": 2008,
            "quarter": 1,
            "eps": -0.05,
            "eps_growth_year": -115.62,
            "eps_4q": 0.21,
            "eps_4q_growth_year": -81.37,
            "roe": -0.38,
            "roe_4q": 1.5999999999999999,
            "gross_profit": 545429,
            "gross_margin": 10.58,
            "gross_margin_4q_avg": 10.21,
            "net_income": -58383,
            "net_income_4q": null,
            "revenue": 5153301,
            "revenue_4q": null,
            "common_shares": 12005056,
            "book_valuer_per_share": 12.66,
            "book_valuer_per_share_4q_avg": 12.81,
            "equity": 15199904,
            "current_ratio": 189.7,
            "debt_ratio": 51.99,
            "inventory_turnover_ratio": 1.29,
            "account_receivable_turnover_ratio": null,
            "reinvestment_rate": null,
            "research_to_sale_ratio": null,
            "price_fair": 29.4,
            "eps_avg_yearly": 0.84,
            "eps_latest_yearly": 0.68,
            "eps_growth_yearly": 117.86
        },
        "20082": {
            "year_quarter": 20082,
            "year": 2008,
            "quarter": 2,
            "eps": -0.11,
            "eps_growth_year": -466.67,
            "eps_4q": 0.08,
            "eps_4q_growth_year": -93.18,
            "roe": -0.83,
            "roe_4q": 0.5700000000000001,
            "gross_profit": 212500,
            "gross_margin": 4.09,
            "gross_margin_4q_avg": 8.46,
            "net_income": -126587,
            "net_income_4q": null,
            "revenue": 5191450,
            "revenue_4q": null,
            "common_shares": 12005056,
            "book_valuer_per_share": 12.62,
            "book_valuer_per_share_4q_avg": 12.79,
            "equity": 15152407,
            "current_ratio": 158.83,
            "debt_ratio": 52.41,
            "inventory_turnover_ratio": 1.42,
            "account_receivable_turnover_ratio": null,
            "reinvestment_rate": null,
            "research_to_sale_ratio": null,
            "price_fair": 29.4,
            "eps_avg_yearly": 0.84,
            "eps_latest_yearly": 0.68,
            "eps_growth_yearly": 117.86
        },
        "20083": {
            "year_quarter": 20083,
            "year": 2008,
            "quarter": 3,
            "eps": 0.25,
            "eps_growth_year": 316.67,
            "eps_4q": 0.27,
            "eps_4q_growth_year": -66.15,
            "roe": 1.92,
            "roe_4q": 2.02,
            "gross_profit": 782479,
            "gross_margin": 11.05,
            "gross_margin_4q_avg": 9.28,
            "net_income": 297334,
            "net_income_4q": null,
            "revenue": 7080260,
            "revenue_4q": null,
            "common_shares": 12005056,
            "book_valuer_per_share": 13.19,
            "book_valuer_per_share_4q_avg": 12.87,
            "equity": 15837484,
            "current_ratio": 153.09,
            "debt_ratio": 55.68,
            "inventory_turnover_ratio": 1.63,
            "account_receivable_turnover_ratio": null,
            "reinvestment_rate": 3807.42,
            "research_to_sale_ratio": null,
            "price_fair": 29.4,
            "eps_avg_yearly": 0.84,
            "eps_latest_yearly": 0.68,
            "eps_growth_yearly": 117.86
        },
        "20084": {
            "year_quarter": 20084,
            "year": 2008,
            "quarter": 4,
            "eps": 0.03,
            "eps_growth_year": -82.35,
            "eps_4q": 0.13,
            "eps_4q_growth_year": -78.12,
            "roe": 0.22,
            "roe_4q": 0.93,
            "gross_profit": 599474,
            "gross_margin": 10.13,
            "gross_margin_4q_avg": 8.96,
            "net_income": 34989,
            "net_income_4q": null,
            "revenue": 5918444,
            "revenue_4q": null,
            "common_shares": 11918206,
            "book_valuer_per_share": 13.72,
            "book_valuer_per_share_4q_avg": 13.05,
            "equity": 16351661,
            "current_ratio": 159.48,
            "debt_ratio": 52,
            "inventory_turnover_ratio": 1.35,
            "account_receivable_turnover_ratio": 1.6,
            "reinvestment_rate": 133.5,
            "research_to_sale_ratio": null,
            "price_fair": 26.88,
            "eps_avg_yearly": 0.77,
            "eps_latest_yearly": 0.12,
            "eps_growth_yearly": 70.87
        },
        "20091": {
            "year_quarter": 20091,
            "year": 2009,
            "quarter": 1,
            "eps": 0.01,
            "eps_growth_year": null,
            "eps_4q": 0.18,
            "eps_4q_growth_year": -15.53,
            "roe": 0.06,
            "roe_4q": 1.37,
            "gross_profit": 469820,
            "gross_margin": 9.7,
            "gross_margin_4q_avg": 8.74,
            "net_income": 10134,
            "net_income_4q": null,
            "revenue": 4844533,
            "revenue_4q": null,
            "common_shares": 11918206,
            "book_valuer_per_share": 14,
            "book_valuer_per_share_4q_avg": 13.38,
            "equity": 16689103,
            "current_ratio": 179.46,
            "debt_ratio": 50.04,
            "inventory_turnover_ratio": 1.28,
            "account_receivable_turnover_ratio": 0.75,
            "reinvestment_rate": 366.31,
            "research_to_sale_ratio": null,
            "price_fair": 24.56,
            "eps_avg_yearly": 0.7,
            "eps_latest_yearly": 0.04,
            "eps_growth_yearly": 40.19
        },
        "20092": {
            "year_quarter": 20092,
            "year": 2009,
            "quarter": 2,
            "eps": -0.18,
            "eps_growth_year": null,
            "eps_4q": 0.11,
            "eps_4q_growth_year": 44.12,
            "roe": -1.28,
            "roe_4q": 0.9199999999999999,
            "gross_profit": 131270,
            "gross_margin": 3.1,
            "gross_margin_4q_avg": 8.5,
            "net_income": -210312,
            "net_income_4q": null,
            "revenue": 4228391,
            "revenue_4q": null,
            "common_shares": 11918206,
            "book_valuer_per_share": 13.5,
            "book_valuer_per_share_4q_avg": 13.6,
            "equity": 16093149,
            "current_ratio": 206.42,
            "debt_ratio": 50.67,
            "inventory_turnover_ratio": 1.4,
            "account_receivable_turnover_ratio": 0.82,
            "reinvestment_rate": 352.85,
            "research_to_sale_ratio": null,
            "price_fair": 24.56,
            "eps_avg_yearly": 0.7,
            "eps_latest_yearly": 0.04,
            "eps_growth_yearly": 40.19
        },
        "20093": {
            "year_quarter": 20093,
            "year": 2009,
            "quarter": 3,
            "eps": -0.16,
            "eps_growth_year": -164,
            "eps_4q": -0.3,
            "eps_4q_growth_year": -212.46,
            "roe": -1.21,
            "roe_4q": -2.21,
            "gross_profit": 159089,
            "gross_margin": 3.47,
            "gross_margin_4q_avg": 6.6,
            "net_income": -192104,
            "net_income_4q": null,
            "revenue": 4588422,
            "revenue_4q": null,
            "common_shares": 11918206,
            "book_valuer_per_share": 13.19,
            "book_valuer_per_share_4q_avg": 13.6,
            "equity": 15717287,
            "current_ratio": 194.29,
            "debt_ratio": 51.91,
            "inventory_turnover_ratio": 1.53,
            "account_receivable_turnover_ratio": 0.96,
            "reinvestment_rate": 411.88,
            "research_to_sale_ratio": null,
            "price_fair": 24.56,
            "eps_avg_yearly": 0.7,
            "eps_latest_yearly": 0.04,
            "eps_growth_yearly": 40.19
        },
        "20094": {
            "year_quarter": 20094,
            "year": 2009,
            "quarter": 4,
            "eps": -0.34,
            "eps_growth_year": -1233.33,
            "eps_4q": -0.67,
            "eps_4q_growth_year": -627.77,
            "roe": -2.6,
            "roe_4q": -5.03,
            "gross_profit": -47363,
            "gross_margin": -0.93,
            "gross_margin_4q_avg": 3.84,
            "net_income": -402415,
            "net_income_4q": null,
            "revenue": 5110494,
            "revenue_4q": null,
            "common_shares": 11918206,
            "book_valuer_per_share": 12.74,
            "book_valuer_per_share_4q_avg": 13.36,
            "equity": 15181964,
            "current_ratio": 176.28,
            "debt_ratio": 52.92,
            "inventory_turnover_ratio": 1.69,
            "account_receivable_turnover_ratio": 1.96,
            "reinvestment_rate": 177.43,
            "research_to_sale_ratio": null,
            "price_fair": 23.94,
            "eps_avg_yearly": 0.68,
            "eps_latest_yearly": 0.04,
            "eps_growth_yearly": 37.89
        },
        "20101": {
            "year_quarter": 20101,
            "year": 2010,
            "quarter": 1,
            "eps": -2974.79,
            "eps_growth_year": -29748000,
            "eps_4q": -0.92,
            "eps_4q_growth_year": -610.64,
            "roe": -1.98,
            "roe_4q": -7.07,
            "gross_profit": 141626,
            "gross_margin": 3.14,
            "gross_margin_4q_avg": 2.2,
            "net_income": -297479,
            "net_income_4q": null,
            "revenue": 4513067,
            "revenue_4q": null,
            "common_shares": 11918206,
            "book_valuer_per_share": 12.48,
            "book_valuer_per_share_4q_avg": 12.98,
            "equity": 14869883,
            "current_ratio": 166.35,
            "debt_ratio": 53.31,
            "inventory_turnover_ratio": 1.41,
            "account_receivable_turnover_ratio": 0.88,
            "reinvestment_rate": 1234.43,
            "research_to_sale_ratio": 1.64,
            "price_fair": 22.71,
            "eps_avg_yearly": 0.65,
            "eps_latest_yearly": 0.04,
            "eps_growth_yearly": 36.04
        },
        "20102": {
            "year_quarter": 20102,
            "year": 2010,
            "quarter": 2,
            "eps": -0.33,
            "eps_growth_year": null,
            "eps_4q": -1.08,
            "eps_4q_growth_year": -1075.7,
            "roe": -2.7,
            "roe_4q": -8.489999999999998,
            "gross_profit": 149749,
            "gross_margin": 2.92,
            "gross_margin_4q_avg": 2.15,
            "net_income": -397341,
            "net_income_4q": null,
            "revenue": 5135131,
            "revenue_4q": null,
            "common_shares": 11918206,
            "book_valuer_per_share": 12.23,
            "book_valuer_per_share_4q_avg": 12.66,
            "equity": 14577491,
            "current_ratio": 159.65,
            "debt_ratio": 54.88,
            "inventory_turnover_ratio": 1.55,
            "account_receivable_turnover_ratio": 0.94,
            "reinvestment_rate": 7625.15,
            "research_to_sale_ratio": 1.43,
            "price_fair": 22.05,
            "eps_avg_yearly": 0.63,
            "eps_latest_yearly": 0.04,
            "eps_growth_yearly": 50.55
        },
        "20103": {
            "year_quarter": 20103,
            "year": 2010,
            "quarter": 3,
            "eps": 0.09,
            "eps_growth_year": null,
            "eps_4q": -0.83,
            "eps_4q_growth_year": null,
            "roe": 0.76,
            "roe_4q": -6.52,
            "gross_profit": 407371,
            "gross_margin": 7.2,
            "gross_margin_4q_avg": 3.08,
            "net_income": 110598,
            "net_income_4q": null,
            "revenue": 5654156,
            "revenue_4q": null,
            "common_shares": 11918206,
            "book_valuer_per_share": 12.14,
            "book_valuer_per_share_4q_avg": 12.4,
            "equity": 14466623,
            "current_ratio": 160.45,
            "debt_ratio": 55.59,
            "inventory_turnover_ratio": 1.49,
            "account_receivable_turnover_ratio": 0.94,
            "reinvestment_rate": null,
            "research_to_sale_ratio": 1.18,
            "price_fair": 20.2,
            "eps_avg_yearly": 0.58,
            "eps_latest_yearly": 0.04,
            "eps_growth_yearly": 43.48
        },
        "20104": {
            "year_quarter": 20104,
            "year": 2010,
            "quarter": 4,
            "eps": 0.34,
            "eps_growth_year": null,
            "eps_4q": -0.15,
            "eps_4q_growth_year": null,
            "roe": 2.85,
            "roe_4q": -1.0699999999999998,
            "gross_profit": 1124044,
            "gross_margin": 14.42,
            "gross_margin_4q_avg": 6.92,
            "net_income": 408924,
            "net_income_4q": null,
            "revenue": 7793926,
            "revenue_4q": null,
            "common_shares": 11918206,
            "book_valuer_per_share": 11.93,
            "book_valuer_per_share_4q_avg": 12.2,
            "equity": 14222571,
            "current_ratio": 138.11,
            "debt_ratio": 55.83,
            "inventory_turnover_ratio": 1.81,
            "account_receivable_turnover_ratio": 1.23,
            "reinvestment_rate": null,
            "research_to_sale_ratio": 0.3,
            "price_fair": 19.2,
            "eps_avg_yearly": 0.55,
            "eps_latest_yearly": 1.36,
            "eps_growth_yearly": 170.21
        },
        "20111": {
            "year_quarter": 20111,
            "year": 2011,
            "quarter": 1,
            "eps": 0.28,
            "eps_growth_year": null,
            "eps_4q": 0.38,
            "eps_4q_growth_year": null,
            "roe": 2.31,
            "roe_4q": 3.2199999999999998,
            "gross_profit": 564771,
            "gross_margin": 10.45,
            "gross_margin_4q_avg": 8.75,
            "net_income": 332945,
            "net_income_4q": null,
            "revenue": 5405922,
            "revenue_4q": null,
            "common_shares": 11918206,
            "book_valuer_per_share": 12.28,
            "book_valuer_per_share_4q_avg": 12.15,
            "equity": 14630178,
            "current_ratio": 187.12,
            "debt_ratio": 56.62,
            "inventory_turnover_ratio": 1.34,
            "account_receivable_turnover_ratio": 0.85,
            "reinvestment_rate": null,
            "research_to_sale_ratio": 1.2,
            "price_fair": 18.4,
            "eps_avg_yearly": 0.53,
            "eps_latest_yearly": 1.12,
            "eps_growth_yearly": 170.38
        },
        "20112": {
            "year_quarter": 20112,
            "year": 2011,
            "quarter": 2,
            "eps": 0.09,
            "eps_growth_year": null,
            "eps_4q": 0.8,
            "eps_4q_growth_year": null,
            "roe": 0.73,
            "roe_4q": 6.65,
            "gross_profit": 664517,
            "gross_margin": 11.7,
            "gross_margin_4q_avg": 10.94,
            "net_income": 106852,
            "net_income_4q": null,
            "revenue": 5677808,
            "revenue_4q": null,
            "common_shares": 11918206,
            "book_valuer_per_share": 12.24,
            "book_valuer_per_share_4q_avg": 12.15,
            "equity": 14590397,
            "current_ratio": 170.43,
            "debt_ratio": 56.17,
            "inventory_turnover_ratio": 1.41,
            "account_receivable_turnover_ratio": 0.91,
            "reinvestment_rate": null,
            "research_to_sale_ratio": 1.12,
            "price_fair": 19.6,
            "eps_avg_yearly": 0.56,
            "eps_latest_yearly": 0.36,
            "eps_growth_yearly": 183.39
        },
        "20113": {
            "year_quarter": 20113,
            "year": 2011,
            "quarter": 3,
            "eps": 0.13,
            "eps_growth_year": 41.68,
            "eps_4q": 0.84,
            "eps_4q_growth_year": null,
            "roe": 1.05,
            "roe_4q": 6.9399999999999995,
            "gross_profit": 716266,
            "gross_margin": 11.16,
            "gross_margin_4q_avg": 11.93,
            "net_income": 156701,
            "net_income_4q": null,
            "revenue": 6417540,
            "revenue_4q": null,
            "common_shares": 11918206,
            "book_valuer_per_share": 12.81,
            "book_valuer_per_share_4q_avg": 12.32,
            "equity": 15261348,
            "current_ratio": 164.83,
            "debt_ratio": 56.67,
            "inventory_turnover_ratio": 1.52,
            "account_receivable_turnover_ratio": 0.94,
            "reinvestment_rate": null,
            "research_to_sale_ratio": 1.04,
            "price_fair": 21,
            "eps_avg_yearly": 0.6,
            "eps_latest_yearly": 0.52,
            "eps_growth_yearly": 151.65
        },
        "20114": {
            "year_quarter": 20114,
            "year": 2011,
            "quarter": 4,
            "eps": 0.31,
            "eps_growth_year": -8.25,
            "eps_4q": 0.82,
            "eps_4q_growth_year": null,
            "roe": 2.43,
            "roe_4q": 6.520000000000001,
            "gross_profit": 1025355,
            "gross_margin": 16.1,
            "gross_margin_4q_avg": 12.35,
            "net_income": 375192,
            "net_income_4q": null,
            "revenue": 6368215,
            "revenue_4q": null,
            "common_shares": 11918206,
            "book_valuer_per_share": 13.07,
            "book_valuer_per_share_4q_avg": 12.6,
            "equity": 15581287,
            "current_ratio": 184.98,
            "debt_ratio": 55.09,
            "inventory_turnover_ratio": 1.39,
            "account_receivable_turnover_ratio": 0.89,
            "reinvestment_rate": -48.71,
            "research_to_sale_ratio": 1.2,
            "price_fair": 23.8,
            "eps_avg_yearly": 0.68,
            "eps_latest_yearly": 1.24,
            "eps_growth_yearly": 126.01
        },
        "20121": {
            "year_quarter": 20121,
            "year": 2012,
            "quarter": 1,
            "eps": 0.1,
            "eps_growth_year": -64.29,
            "eps_4q": 0.64,
            "eps_4q_growth_year": 67.52,
            "roe": 0.8,
            "roe_4q": 5.01,
            "gross_profit": 685523,
            "gross_margin": 12.27,
            "gross_margin_4q_avg": 12.81,
            "net_income": 123671,
            "net_income_4q": null,
            "revenue": 5584930,
            "revenue_4q": null,
            "common_shares": 11918206,
            "book_valuer_per_share": 12.99,
            "book_valuer_per_share_4q_avg": 12.78,
            "equity": 15487092,
            "current_ratio": 187.66,
            "debt_ratio": 52.96,
            "inventory_turnover_ratio": 1.34,
            "account_receivable_turnover_ratio": 0.83,
            "reinvestment_rate": 158.96,
            "research_to_sale_ratio": 1.31,
            "price_fair": 22.58,
            "eps_avg_yearly": 0.65,
            "eps_latest_yearly": 0.4,
            "eps_growth_yearly": 76.39
        },
        "20122": {
            "year_quarter": 20122,
            "year": 2012,
            "quarter": 2,
            "eps": 0.1,
            "eps_growth_year": 13.91,
            "eps_4q": 0.65,
            "eps_4q_growth_year": -18.98,
            "roe": 0.8,
            "roe_4q": 5.08,
            "gross_profit": 664562,
            "gross_margin": 10.94,
            "gross_margin_4q_avg": 12.62,
            "net_income": 121716,
            "net_income_4q": null,
            "revenue": 6074284,
            "revenue_4q": null,
            "common_shares": 11918206,
            "book_valuer_per_share": 12.66,
            "book_valuer_per_share_4q_avg": 12.88,
            "equity": 15085144,
            "current_ratio": 161.96,
            "debt_ratio": 56.54,
            "inventory_turnover_ratio": 1.44,
            "account_receivable_turnover_ratio": 0.92,
            "reinvestment_rate": 143.11,
            "research_to_sale_ratio": 1.23,
            "price_fair": 21.62,
            "eps_avg_yearly": 0.62,
            "eps_latest_yearly": 0.4,
            "eps_growth_yearly": 67.9
        },
        "20123": {
            "year_quarter": 20123,
            "year": 2012,
            "quarter": 3,
            "eps": 0.21,
            "eps_growth_year": 60.38,
            "eps_4q": 0.73,
            "eps_4q_growth_year": -13.28,
            "roe": 1.66,
            "roe_4q": 5.6899999999999995,
            "gross_profit": 1000332,
            "gross_margin": 14.16,
            "gross_margin_4q_avg": 13.37,
            "net_income": 251319,
            "net_income_4q": null,
            "revenue": 7063560,
            "revenue_4q": null,
            "common_shares": 11918206,
            "book_valuer_per_share": 12.7,
            "book_valuer_per_share_4q_avg": 12.86,
            "equity": 15135194,
            "current_ratio": 167.92,
            "debt_ratio": 57.08,
            "inventory_turnover_ratio": 1.5,
            "account_receivable_turnover_ratio": 1.01,
            "reinvestment_rate": 82.86,
            "research_to_sale_ratio": 0.91,
            "price_fair": 22.4,
            "eps_avg_yearly": 0.64,
            "eps_latest_yearly": 0.84,
            "eps_growth_yearly": 105.11
        },
        "20124": {
            "year_quarter": 20124,
            "year": 2012,
            "quarter": 4,
            "eps": 0.31,
            "eps_growth_year": -1.1,
            "eps_4q": 0.73,
            "eps_4q_growth_year": -10.7,
            "roe": 2.43,
            "roe_4q": 5.6899999999999995,
            "gross_profit": 1086960,
            "gross_margin": 13.46,
            "gross_margin_4q_avg": 12.71,
            "net_income": 371048,
            "net_income_4q": null,
            "revenue": 8072598,
            "revenue_4q": null,
            "common_shares": 11918206,
            "book_valuer_per_share": 12.93,
            "book_valuer_per_share_4q_avg": 12.82,
            "equity": 15413405,
            "current_ratio": 178.38,
            "debt_ratio": 56.35,
            "inventory_turnover_ratio": 1.75,
            "account_receivable_turnover_ratio": 0.98,
            "reinvestment_rate": 1302.85,
            "research_to_sale_ratio": 0.76,
            "price_fair": 26.32,
            "eps_avg_yearly": 0.75,
            "eps_latest_yearly": 1.24,
            "eps_growth_yearly": 159.36
        },
        "20131": {
            "year_quarter": 20131,
            "year": 2013,
            "quarter": 1,
            "eps": 0.23,
            "eps_growth_year": 130,
            "eps_4q": 0.86,
            "eps_4q_growth_year": 34.16,
            "roe": 1.79,
            "roe_4q": 6.680000000000001,
            "gross_profit": 850200,
            "gross_margin": 12.69,
            "gross_margin_4q_avg": 12.81,
            "net_income": 278790,
            "net_income_4q": null,
            "revenue": 6698618,
            "revenue_4q": null,
            "common_shares": 11918206,
            "book_valuer_per_share": 13.22,
            "book_valuer_per_share_4q_avg": 12.88,
            "equity": 15757137,
            "current_ratio": 179.78,
            "debt_ratio": 56.05,
            "inventory_turnover_ratio": 1.63,
            "account_receivable_turnover_ratio": 0.77,
            "reinvestment_rate": -4.51,
            "research_to_sale_ratio": 0.86,
            "price_fair": 29.4,
            "eps_avg_yearly": 0.84,
            "eps_latest_yearly": 0.92,
            "eps_growth_yearly": 175.7
        },
        "20132": {
            "year_quarter": 20132,
            "year": 2013,
            "quarter": 2,
            "eps": 0.28,
            "eps_growth_year": 174.17,
            "eps_4q": 1.04,
            "eps_4q_growth_year": 59.05,
            "roe": 2.13,
            "roe_4q": 8.01,
            "gross_profit": 1018654,
            "gross_margin": 14.71,
            "gross_margin_4q_avg": 13.76,
            "net_income": 335116,
            "net_income_4q": null,
            "revenue": 6925710,
            "revenue_4q": null,
            "common_shares": 11918206,
            "book_valuer_per_share": 13.15,
            "book_valuer_per_share_4q_avg": 13,
            "equity": 15676796,
            "current_ratio": 167.4,
            "debt_ratio": 57.44,
            "inventory_turnover_ratio": 1.65,
            "account_receivable_turnover_ratio": 0.86,
            "reinvestment_rate": 93.27,
            "research_to_sale_ratio": 0.85,
            "price_fair": 30.29,
            "eps_avg_yearly": 0.87,
            "eps_latest_yearly": 1.12,
            "eps_growth_yearly": 167.63
        },
        "20133": {
            "year_quarter": 20133,
            "year": 2013,
            "quarter": 3,
            "eps": 0.47,
            "eps_growth_year": 122.89,
            "eps_4q": 1.3,
            "eps_4q_growth_year": 77.42,
            "roe": 3.53,
            "roe_4q": 9.88,
            "gross_profit": 1322777,
            "gross_margin": 15.56,
            "gross_margin_4q_avg": 14.11,
            "net_income": 561969,
            "net_income_4q": null,
            "revenue": 8498643,
            "revenue_4q": null,
            "common_shares": 11918206,
            "book_valuer_per_share": 13.54,
            "book_valuer_per_share_4q_avg": 13.21,
            "equity": 16134371,
            "current_ratio": 182.11,
            "debt_ratio": 59.51,
            "inventory_turnover_ratio": 1.8,
            "account_receivable_turnover_ratio": 1.01,
            "reinvestment_rate": 95.41,
            "research_to_sale_ratio": 0.75,
            "price_fair": 33.25,
            "eps_avg_yearly": 0.95,
            "eps_latest_yearly": 1.88,
            "eps_growth_yearly": 176.28
        },
        "20134": {
            "year_quarter": 20134,
            "year": 2013,
            "quarter": 4,
            "eps": 0.57,
            "eps_growth_year": 82.8,
            "eps_4q": 1.56,
            "eps_4q_growth_year": 113.67,
            "roe": 4.09,
            "roe_4q": 11.54,
            "gross_profit": 1375203,
            "gross_margin": 15.67,
            "gross_margin_4q_avg": 14.66,
            "net_income": 678294,
            "net_income_4q": null,
            "revenue": 8774904,
            "revenue_4q": null,
            "common_shares": 11918206,
            "book_valuer_per_share": 14.28,
            "book_valuer_per_share_4q_avg": 13.55,
            "equity": 17019343,
            "current_ratio": 192.96,
            "debt_ratio": 56.84,
            "inventory_turnover_ratio": 1.77,
            "account_receivable_turnover_ratio": 0.96,
            "reinvestment_rate": 68.65,
            "research_to_sale_ratio": 0.75,
            "price_fair": 36.83,
            "eps_avg_yearly": 1.05,
            "eps_latest_yearly": 2.28,
            "eps_growth_yearly": 169.27
        },
        "20141": {
            "year_quarter": 20141,
            "year": 2014,
            "quarter": 1,
            "eps": 0.28,
            "eps_growth_year": 21.74,
            "eps_4q": 1.6,
            "eps_4q_growth_year": 86.7,
            "roe": 1.95,
            "roe_4q": 11.7,
            "gross_profit": 959761,
            "gross_margin": 13.35,
            "gross_margin_4q_avg": 14.82,
            "net_income": 334339,
            "net_income_4q": null,
            "revenue": 7191633,
            "revenue_4q": null,
            "common_shares": 11918206,
            "book_valuer_per_share": 14.56,
            "book_valuer_per_share_4q_avg": 13.88,
            "equity": 17349017,
            "current_ratio": 176.14,
            "debt_ratio": 58.59,
            "inventory_turnover_ratio": 1.51,
            "account_receivable_turnover_ratio": 0.8,
            "reinvestment_rate": 78.27,
            "research_to_sale_ratio": 0.87,
            "price_fair": 37,
            "eps_avg_yearly": 1.06,
            "eps_latest_yearly": 1.12,
            "eps_growth_yearly": 142.64
        },
        "20142": {
            "year_quarter": 20142,
            "year": 2014,
            "quarter": 2,
            "eps": 0.24,
            "eps_growth_year": -14.29,
            "eps_4q": 1.56,
            "eps_4q_growth_year": 50.29,
            "roe": 1.66,
            "roe_4q": 11.229999999999999,
            "gross_profit": 1010665,
            "gross_margin": 13.16,
            "gross_margin_4q_avg": 14.44,
            "net_income": 283370,
            "net_income_4q": null,
            "revenue": 7677448,
            "revenue_4q": null,
            "common_shares": 11918206,
            "book_valuer_per_share": 14.14,
            "book_valuer_per_share_4q_avg": 14.13,
            "equity": 16853272,
            "current_ratio": 164.05,
            "debt_ratio": 59.44,
            "inventory_turnover_ratio": 1.52,
            "account_receivable_turnover_ratio": 0.9,
            "reinvestment_rate": 82.23,
            "research_to_sale_ratio": 0.87,
            "price_fair": 36.77,
            "eps_avg_yearly": 1.05,
            "eps_latest_yearly": 0.96,
            "eps_growth_yearly": 129.32
        },
        "20143": {
            "year_quarter": 20143,
            "year": 2014,
            "quarter": 3,
            "eps": 0.49,
            "eps_growth_year": 4.26,
            "eps_4q": 1.58,
            "eps_4q_growth_year": 21.35,
            "roe": 3.36,
            "roe_4q": 11.059999999999999,
            "gross_profit": 1297710,
            "gross_margin": 14.43,
            "gross_margin_4q_avg": 14.15,
            "net_income": 581153,
            "net_income_4q": null,
            "revenue": 8993805,
            "revenue_4q": null,
            "common_shares": 11918206,
            "book_valuer_per_share": 14.86,
            "book_valuer_per_share_4q_avg": 14.46,
            "equity": 17713838,
            "current_ratio": 166.25,
            "debt_ratio": 60.4,
            "inventory_turnover_ratio": 1.59,
            "account_receivable_turnover_ratio": 1.01,
            "reinvestment_rate": 96.72,
            "research_to_sale_ratio": 0.82,
            "price_fair": 38.76,
            "eps_avg_yearly": 1.11,
            "eps_latest_yearly": 1.96,
            "eps_growth_yearly": 147.28
        },
        "20144": {
            "year_quarter": 20144,
            "year": 2014,
            "quarter": 4,
            "eps": 0.66,
            "eps_growth_year": 16.14,
            "eps_4q": 1.67,
            "eps_4q_growth_year": 7.14,
            "roe": 4.31,
            "roe_4q": 11.28,
            "gross_profit": 1551498,
            "gross_margin": 15.54,
            "gross_margin_4q_avg": 14.12,
            "net_income": 787786,
            "net_income_4q": null,
            "revenue": 9986627,
            "revenue_4q": null,
            "common_shares": 11918206,
            "book_valuer_per_share": 15.84,
            "book_valuer_per_share_4q_avg": 14.85,
            "equity": 18873657,
            "current_ratio": 185.36,
            "debt_ratio": 59.27,
            "inventory_turnover_ratio": 1.71,
            "account_receivable_turnover_ratio": 1,
            "reinvestment_rate": 98.83,
            "research_to_sale_ratio": 0.8,
            "price_fair": 41.56,
            "eps_avg_yearly": 1.19,
            "eps_latest_yearly": 2.64,
            "eps_growth_yearly": 86.51
        },
        "20151": {
            "year_quarter": 20151,
            "year": 2015,
            "quarter": 1,
            "eps": 0.38,
            "eps_growth_year": 35.71,
            "eps_4q": 1.77,
            "eps_4q_growth_year": 10.26,
            "roe": 2.38,
            "roe_4q": 11.709999999999999,
            "gross_profit": 1261197,
            "gross_margin": 14.53,
            "gross_margin_4q_avg": 14.42,
            "net_income": 453333,
            "net_income_4q": null,
            "revenue": 8677255,
            "revenue_4q": null,
            "common_shares": 11918206,
            "book_valuer_per_share": 16.11,
            "book_valuer_per_share_4q_avg": 15.24,
            "equity": 19199034,
            "current_ratio": 193.12,
            "debt_ratio": 59.29,
            "inventory_turnover_ratio": 1.5,
            "account_receivable_turnover_ratio": 0.89,
            "reinvestment_rate": 93.77,
            "research_to_sale_ratio": 0.84,
            "price_fair": 42.44,
            "eps_avg_yearly": 1.21,
            "eps_latest_yearly": 1.52,
            "eps_growth_yearly": 80.32
        },
        "20152": {
            "year_quarter": 20152,
            "year": 2015,
            "quarter": 2,
            "eps": 0.4,
            "eps_growth_year": 66.67,
            "eps_4q": 1.93,
            "eps_4q_growth_year": 23.8,
            "roe": 2.52,
            "roe_4q": 12.57,
            "gross_profit": 1440184,
            "gross_margin": 15.28,
            "gross_margin_4q_avg": 14.95,
            "net_income": 477919,
            "net_income_4q": null,
            "revenue": 9422746,
            "revenue_4q": null,
            "common_shares": 11918206,
            "book_valuer_per_share": 15.76,
            "book_valuer_per_share_4q_avg": 15.64,
            "equity": 18786426,
            "current_ratio": 159.99,
            "debt_ratio": 61.2,
            "inventory_turnover_ratio": 1.47,
            "account_receivable_turnover_ratio": 1.02,
            "reinvestment_rate": 107.26,
            "research_to_sale_ratio": 0.78,
            "price_fair": 45.15,
            "eps_avg_yearly": 1.29,
            "eps_latest_yearly": 1.6,
            "eps_growth_yearly": 98.6
        },
        "20153": {
            "year_quarter": 20153,
            "year": 2015,
            "quarter": 3,
            "eps": 0.8,
            "eps_growth_year": 63.27,
            "eps_4q": 2.24,
            "eps_4q_growth_year": 42.42,
            "roe": 4.9,
            "roe_4q": 14.11,
            "gross_profit": 1905420,
            "gross_margin": 15.19,
            "gross_margin_4q_avg": 15.14,
            "net_income": 954350,
            "net_income_4q": null,
            "revenue": 12543166,
            "revenue_4q": null,
            "common_shares": 11918206,
            "book_valuer_per_share": 16.89,
            "book_valuer_per_share_4q_avg": 16.15,
            "equity": 20135009,
            "current_ratio": 157.85,
            "debt_ratio": 62.37,
            "inventory_turnover_ratio": 1.64,
            "account_receivable_turnover_ratio": 1.17,
            "reinvestment_rate": 96.41,
            "research_to_sale_ratio": 0.62,
            "price_fair": 51.01,
            "eps_avg_yearly": 1.46,
            "eps_latest_yearly": 3.2,
            "eps_growth_yearly": 112.49
        },
        "20154": {
            "year_quarter": 20154,
            "year": 2015,
            "quarter": 4,
            "eps": 0.82,
            "eps_growth_year": 24.6,
            "eps_4q": 2.41,
            "eps_4q_growth_year": 44.32,
            "roe": 4.8,
            "roe_4q": 14.599999999999998,
            "gross_profit": 2033386,
            "gross_margin": 14.8,
            "gross_margin_4q_avg": 14.95,
            "net_income": 981566,
            "net_income_4q": null,
            "revenue": 13739811,
            "revenue_4q": null,
            "common_shares": 11918206,
            "book_valuer_per_share": 17.44,
            "book_valuer_per_share_4q_avg": 16.55,
            "equity": 20779562,
            "current_ratio": 157.63,
            "debt_ratio": 59.66,
            "inventory_turnover_ratio": 1.74,
            "account_receivable_turnover_ratio": 1.21,
            "reinvestment_rate": 93.39,
            "research_to_sale_ratio": 0.27,
            "price_fair": 55.48,
            "eps_avg_yearly": 1.59,
            "eps_latest_yearly": 3.28,
            "eps_growth_yearly": 78.5
        },
        "20161": {
            "year_quarter": 20161,
            "year": 2016,
            "quarter": 1,
            "eps": 0.22,
            "eps_growth_year": -42.11,
            "eps_4q": 2.25,
            "eps_4q_growth_year": 27.08,
            "roe": 1.26,
            "roe_4q": 13.48,
            "gross_profit": 1091568,
            "gross_margin": 11.63,
            "gross_margin_4q_avg": 14.23,
            "net_income": 262006,
            "net_income_4q": null,
            "revenue": 9389380,
            "revenue_4q": null,
            "common_shares": 11918206,
            "book_valuer_per_share": 17.51,
            "book_valuer_per_share_4q_avg": 16.9,
            "equity": 20863619,
            "current_ratio": 162.13,
            "debt_ratio": 58.46,
            "inventory_turnover_ratio": 1.4,
            "account_receivable_turnover_ratio": 0.98,
            "reinvestment_rate": 99.42,
            "research_to_sale_ratio": 0.76,
            "price_fair": 56.53,
            "eps_avg_yearly": 1.62,
            "eps_latest_yearly": 0.88,
            "eps_growth_yearly": 77.14
        },
        "20162": {
            "year_quarter": 20162,
            "year": 2016,
            "quarter": 2,
            "eps": 0.02,
            "eps_growth_year": -95,
            "eps_4q": 1.86,
            "eps_4q_growth_year": -3.42,
            "roe": 0.12,
            "roe_4q": 11.08,
            "gross_profit": 1103165,
            "gross_margin": 11.84,
            "gross_margin_4q_avg": 13.37,
            "net_income": 23629,
            "net_income_4q": null,
            "revenue": 9319849,
            "revenue_4q": null,
            "common_shares": 11918206,
            "book_valuer_per_share": 16.28,
            "book_valuer_per_share_4q_avg": 17.03,
            "equity": 19408405,
            "current_ratio": 150.48,
            "debt_ratio": 59.06,
            "inventory_turnover_ratio": 1.43,
            "account_receivable_turnover_ratio": 1.12,
            "reinvestment_rate": 92.11,
            "research_to_sale_ratio": 0.75,
            "price_fair": 55.83,
            "eps_avg_yearly": 1.6,
            "eps_latest_yearly": 0.08,
            "eps_growth_yearly": 54.41
        },
        "20163": {
            "year_quarter": 20163,
            "year": 2016,
            "quarter": 3,
            "eps": 0.4,
            "eps_growth_year": -50,
            "eps_4q": 1.46,
            "eps_4q_growth_year": -34.92,
            "roe": 2.43,
            "roe_4q": 8.61,
            "gross_profit": 1585756,
            "gross_margin": 12.59,
            "gross_margin_4q_avg": 12.72,
            "net_income": 472508,
            "net_income_4q": null,
            "revenue": 12591206,
            "revenue_4q": null,
            "common_shares": 11918206,
            "book_valuer_per_share": 16.35,
            "book_valuer_per_share_4q_avg": 16.9,
            "equity": 19492023,
            "current_ratio": 153.12,
            "debt_ratio": 60.95,
            "inventory_turnover_ratio": 1.76,
            "account_receivable_turnover_ratio": 1.32,
            "reinvestment_rate": 92.23,
            "research_to_sale_ratio": 0.59,
            "price_fair": 57.49,
            "eps_avg_yearly": 1.64,
            "eps_latest_yearly": 1.6,
            "eps_growth_yearly": 501.91
        },
        "20164": {
            "year_quarter": 20164,
            "year": 2016,
            "quarter": 4,
            "eps": 0.73,
            "eps_growth_year": -11.65,
            "eps_4q": 1.36,
            "eps_4q_growth_year": -43.31,
            "roe": 4.36,
            "roe_4q": 8.170000000000002,
            "gross_profit": 1994655,
            "gross_margin": 14.03,
            "gross_margin_4q_avg": 12.52,
            "net_income": 867257,
            "net_income_4q": null,
            "revenue": 14214764,
            "revenue_4q": null,
            "common_shares": 11918206,
            "book_valuer_per_share": 16.99,
            "book_valuer_per_share_4q_avg": 16.78,
            "equity": 20247744,
            "current_ratio": 169.47,
            "debt_ratio": 59.67,
            "inventory_turnover_ratio": 1.89,
            "account_receivable_turnover_ratio": 1.25,
            "reinvestment_rate": -44.5,
            "research_to_sale_ratio": 0.57,
            "price_fair": 61.16,
            "eps_avg_yearly": 1.75,
            "eps_latest_yearly": 2.92,
            "eps_growth_yearly": 510.63
        },
        "20171": {
            "year_quarter": 20171,
            "year": 2017,
            "quarter": 1,
            "eps": 0.33,
            "eps_growth_year": 50,
            "eps_4q": 1.48,
            "eps_4q_growth_year": -34.16,
            "roe": 1.98,
            "roe_4q": 8.889999999999999,
            "gross_profit": 1470424,
            "gross_margin": 13.11,
            "gross_margin_4q_avg": 12.89,
            "net_income": 398306,
            "net_income_4q": null,
            "revenue": 11215406,
            "revenue_4q": null,
            "common_shares": 11918206,
            "book_valuer_per_share": 16.78,
            "book_valuer_per_share_4q_avg": 16.6,
            "equity": 20000280,
            "current_ratio": 163.46,
            "debt_ratio": 60,
            "inventory_turnover_ratio": 1.5,
            "account_receivable_turnover_ratio": 1,
            "reinvestment_rate": 82.73,
            "research_to_sale_ratio": 0.65,
            "price_fair": 62.04,
            "eps_avg_yearly": 1.77,
            "eps_latest_yearly": 1.32,
            "eps_growth_yearly": 503.38
        },
        "20172": {
            "year_quarter": 20172,
            "year": 2017,
            "quarter": 2,
            "eps": 0.45,
            "eps_growth_year": 2150,
            "eps_4q": 1.91,
            "eps_4q_growth_year": 2.23,
            "roe": 2.66,
            "roe_4q": 11.43,
            "gross_profit": 1400618,
            "gross_margin": 12.89,
            "gross_margin_4q_avg": 13.16,
            "net_income": 532926,
            "net_income_4q": null,
            "revenue": 10864010,
            "revenue_4q": null,
            "common_shares": 11918206,
            "book_valuer_per_share": 16.81,
            "book_valuer_per_share_4q_avg": 16.73,
            "equity": 20030749,
            "current_ratio": 155.85,
            "debt_ratio": 59.64,
            "inventory_turnover_ratio": 1.35,
            "account_receivable_turnover_ratio": 1.14,
            "reinvestment_rate": 92.73,
            "research_to_sale_ratio": 0.67,
            "price_fair": 63.53,
            "eps_avg_yearly": 1.82,
            "eps_latest_yearly": 1.8,
            "eps_growth_yearly": 507.04
        },
        "20173": {
            "year_quarter": 20173,
            "year": 2017,
            "quarter": 3,
            "eps": 1.17,
            "eps_growth_year": 192.5,
            "eps_4q": 2.68,
            "eps_4q_growth_year": 83.6,
            "roe": 6.71,
            "roe_4q": 15.71,
            "gross_profit": 2544380,
            "gross_margin": 17.03,
            "gross_margin_4q_avg": 14.27,
            "net_income": 1395624,
            "net_income_4q": null,
            "revenue": 14939170,
            "revenue_4q": null,
            "common_shares": 11918206,
            "book_valuer_per_share": 18.12,
            "book_valuer_per_share_4q_avg": 17.18,
            "equity": 21591214,
            "current_ratio": 159.01,
            "debt_ratio": 60.45,
            "inventory_turnover_ratio": 1.67,
            "account_receivable_turnover_ratio": 1.46,
            "reinvestment_rate": 89.65,
            "research_to_sale_ratio": 0.71,
            "price_fair": 69.65,
            "eps_avg_yearly": 1.99,
            "eps_latest_yearly": 4.68,
            "eps_growth_yearly": 530.08
        },
        "20174": {
            "year_quarter": 20174,
            "year": 2017,
            "quarter": 4,
            "eps": 1.05,
            "eps_growth_year": 44.15,
            "eps_4q": 3,
            "eps_4q_growth_year": 120.07,
            "roe": 5.63,
            "roe_4q": 16.98,
            "gross_profit": 2675287,
            "gross_margin": 15.79,
            "gross_margin_4q_avg": 14.71,
            "net_income": 1250188,
            "net_income_4q": null,
            "revenue": 16945607,
            "revenue_4q": null,
            "common_shares": 11918206,
            "book_valuer_per_share": 19.18,
            "book_valuer_per_share_4q_avg": 17.72,
            "equity": 22856428,
            "current_ratio": 160.35,
            "debt_ratio": 59.44,
            "inventory_turnover_ratio": 2.1,
            "account_receivable_turnover_ratio": 1.33,
            "reinvestment_rate": 81.48,
            "research_to_sale_ratio": 0.73,
            "price_fair": 73.85,
            "eps_avg_yearly": 2.11,
            "eps_latest_yearly": 4.2,
            "eps_growth_yearly": 522.19
        },
        "20181": {
            "year_quarter": 20181,
            "year": 2018,
            "quarter": 1,
            "eps": 0.4,
            "eps_growth_year": 21.21,
            "eps_4q": 3.07,
            "eps_4q_growth_year": 107.78,
            "roe": 2.08,
            "roe_4q": 17.08,
            "gross_profit": 1562435,
            "gross_margin": 14.29,
            "gross_margin_4q_avg": 15,
            "net_income": 481741,
            "net_income_4q": null,
            "revenue": 10930129,
            "revenue_4q": null,
            "common_shares": 11918206,
            "book_valuer_per_share": 19.69,
            "book_valuer_per_share_4q_avg": 18.45,
            "equity": 23470950,
            "current_ratio": 156.78,
            "debt_ratio": 58.76,
            "inventory_turnover_ratio": 1.39,
            "account_receivable_turnover_ratio": 0.93,
            "reinvestment_rate": 76.28,
            "research_to_sale_ratio": 0.88,
            "price_fair": 74.9,
            "eps_avg_yearly": 2.14,
            "eps_latest_yearly": 1.6,
            "eps_growth_yearly": 519.44
        },
        "20182": {
            "year_quarter": 20182,
            "year": 2018,
            "quarter": 2,
            "eps": 0.42,
            "eps_growth_year": -6.67,
            "eps_4q": 3.04,
            "eps_4q_growth_year": 59.63,
            "roe": 2.17,
            "roe_4q": 16.59,
            "gross_profit": 1547093,
            "gross_margin": 14.65,
            "gross_margin_4q_avg": 15.44,
            "net_income": 497686,
            "net_income_4q": null,
            "revenue": 10557313,
            "revenue_4q": null,
            "common_shares": 11918206,
            "book_valuer_per_share": 18.87,
            "book_valuer_per_share_4q_avg": 18.97,
            "equity": 22494186,
            "current_ratio": 162.12,
            "debt_ratio": 59.82,
            "inventory_turnover_ratio": 1.17,
            "account_receivable_turnover_ratio": 1.08,
            "reinvestment_rate": 74.64,
            "research_to_sale_ratio": 0.91,
            "price_fair": 76.48,
            "eps_avg_yearly": 2.19,
            "eps_latest_yearly": 1.68,
            "eps_growth_yearly": 524.26
        },
        "20183": {
            "year_quarter": 20183,
            "year": 2018,
            "quarter": 3,
            "eps": 0.83,
            "eps_growth_year": -29.06,
            "eps_4q": 2.7,
            "eps_4q_growth_year": 0.63,
            "roe": 4.33,
            "roe_4q": 14.21,
            "gross_profit": 2150283,
            "gross_margin": 14.59,
            "gross_margin_4q_avg": 14.83,
            "net_income": 984505,
            "net_income_4q": null,
            "revenue": 14735081,
            "revenue_4q": null,
            "common_shares": 11918206,
            "book_valuer_per_share": 19.3,
            "book_valuer_per_share_4q_avg": 19.26,
            "equity": 23004232,
            "current_ratio": 163.63,
            "debt_ratio": 58.83,
            "inventory_turnover_ratio": 1.58,
            "account_receivable_turnover_ratio": 1.38,
            "reinvestment_rate": 63.53,
            "research_to_sale_ratio": 1.11,
            "price_fair": 79.45,
            "eps_avg_yearly": 2.27,
            "eps_latest_yearly": 3.32,
            "eps_growth_yearly": 522.62
        },
        "20184": {
            "year_quarter": 20184,
            "year": 2018,
            "quarter": 4,
            "eps": 0.37,
            "eps_growth_year": -65.14,
            "eps_4q": 2.01,
            "eps_4q_growth_year": -32.91,
            "roe": 1.87,
            "roe_4q": 10.450000000000001,
            "gross_profit": 1965623,
            "gross_margin": 13.46,
            "gross_margin_4q_avg": 14.25,
            "net_income": 435799,
            "net_income_4q": null,
            "revenue": 14605578,
            "revenue_4q": null,
            "common_shares": 11918206,
            "book_valuer_per_share": 19.71,
            "book_valuer_per_share_4q_avg": 19.39,
            "equity": 23492292,
            "current_ratio": 163.61,
            "debt_ratio": 59.26,
            "inventory_turnover_ratio": 1.72,
            "account_receivable_turnover_ratio": 1.17,
            "reinvestment_rate": 60.59,
            "research_to_sale_ratio": 3.45,
            "price_fair": 76.91,
            "eps_avg_yearly": 2.2,
            "eps_latest_yearly": 1.48,
            "eps_growth_yearly": 500.09
        },
        "20191": {
            "year_quarter": 20191,
            "year": 2019,
            "quarter": 1,
            "eps": 0.26,
            "eps_growth_year": -35,
            "eps_4q": 1.87,
            "eps_4q_growth_year": -39.01,
            "roe": 1.32,
            "roe_4q": 9.690000000000001,
            "gross_profit": 1081734,
            "gross_margin": 10.34,
            "gross_margin_4q_avg": 13.26,
            "net_income": 314524,
            "net_income_4q": null,
            "revenue": 10459354,
            "revenue_4q": null,
            "common_shares": 11918206,
            "book_valuer_per_share": 20.3,
            "book_valuer_per_share_4q_avg": 19.55,
            "equity": 24198286,
            "current_ratio": 166.27,
            "debt_ratio": 57.51,
            "inventory_turnover_ratio": 1.34,
            "account_receivable_turnover_ratio": 0.88,
            "reinvestment_rate": 62.42,
            "research_to_sale_ratio": 1.8,
            "price_fair": 75.86,
            "eps_avg_yearly": 2.17,
            "eps_latest_yearly": 1.04,
            "eps_growth_yearly": 503.26
        },
        "20192": {
            "year_quarter": 20192,
            "year": 2019,
            "quarter": 2,
            "eps": 0.5,
            "eps_growth_year": 19.05,
            "eps_4q": 1.95,
            "eps_4q_growth_year": -35.8,
            "roe": 2.48,
            "roe_4q": 10,
            "gross_profit": 1772645,
            "gross_margin": 14.67,
            "gross_margin_4q_avg": 13.27,
            "net_income": 592703,
            "net_income_4q": null,
            "revenue": 12083939,
            "revenue_4q": null,
            "common_shares": 11918206,
            "book_valuer_per_share": 19.83,
            "book_valuer_per_share_4q_avg": 19.79,
            "equity": 23628986,
            "current_ratio": 178.41,
            "debt_ratio": 58.86,
            "inventory_turnover_ratio": 1.4,
            "account_receivable_turnover_ratio": 1.14,
            "reinvestment_rate": 47.09,
            "research_to_sale_ratio": 2.25,
            "price_fair": 76.74,
            "eps_avg_yearly": 2.19,
            "eps_latest_yearly": 2,
            "eps_growth_yearly": 525.03
        },
        "20193": {
            "year_quarter": 20193,
            "year": 2019,
            "quarter": 3,
            "eps": 1.24,
            "eps_growth_year": 49.4,
            "eps_4q": 2.36,
            "eps_4q_growth_year": -12.39,
            "roe": 6.12,
            "roe_4q": 11.79,
            "gross_profit": 3085256,
            "gross_margin": 18.93,
            "gross_margin_4q_avg": 14.35,
            "net_income": 1472881,
            "net_income_4q": null,
            "revenue": 16294467,
            "revenue_4q": null,
            "common_shares": 11918206,
            "book_valuer_per_share": 20.58,
            "book_valuer_per_share_4q_avg": 20.11,
            "equity": 24524395,
            "current_ratio": 174.84,
            "debt_ratio": 59.55,
            "inventory_turnover_ratio": 1.66,
            "account_receivable_turnover_ratio": 1.29,
            "reinvestment_rate": 30.87,
            "research_to_sale_ratio": 2.72,
            "price_fair": 80.59,
            "eps_avg_yearly": 2.3,
            "eps_latest_yearly": 4.96,
            "eps_growth_yearly": 537.03
        },
        "20194": {
            "year_quarter": 20194,
            "year": 2019,
            "quarter": 4,
            "eps": 1.21,
            "eps_growth_year": 230.96,
            "eps_4q": 3.21,
            "eps_4q_growth_year": 59.29,
            "roe": 5.74,
            "roe_4q": 15.66,
            "gross_profit": 4058637,
            "gross_margin": 23.41,
            "gross_margin_4q_avg": 16.84,
            "net_income": 1442310,
            "net_income_4q": null,
            "revenue": 17337129,
            "revenue_4q": null,
            "common_shares": 11918206,
            "book_valuer_per_share": 21.61,
            "book_valuer_per_share_4q_avg": 20.58,
            "equity": 25754931,
            "current_ratio": 187.28,
            "debt_ratio": 57.95,
            "inventory_turnover_ratio": 1.69,
            "account_receivable_turnover_ratio": 1.19,
            "reinvestment_rate": 28.76,
            "research_to_sale_ratio": 6.48,
            "price_fair": 84,
            "eps_avg_yearly": 2.4,
            "eps_latest_yearly": 4.84,
            "eps_growth_yearly": 535.8
        },
        "20201": {
            "year_quarter": 20201,
            "year": 2020,
            "quarter": 1,
            "eps": 0.78,
            "eps_growth_year": 200,
            "eps_4q": 3.72,
            "eps_4q_growth_year": 98.76,
            "roe": 3.55,
            "roe_4q": 17.89,
            "gross_profit": 2280713,
            "gross_margin": 18.86,
            "gross_margin_4q_avg": 18.97,
            "net_income": 929339,
            "net_income_4q": null,
            "revenue": 12089664,
            "revenue_4q": null,
            "common_shares": 11918206,
            "book_valuer_per_share": 22.27,
            "book_valuer_per_share_4q_avg": 21.07,
            "equity": 26544391,
            "current_ratio": 199.62,
            "debt_ratio": 56.42,
            "inventory_turnover_ratio": 1.22,
            "account_receivable_turnover_ratio": 0.92,
            "reinvestment_rate": 23.91,
            "research_to_sale_ratio": 4.95,
            "price_fair": 88.9,
            "eps_avg_yearly": 2.54,
            "eps_latest_yearly": 3.12,
            "eps_growth_yearly": 545.2
        },
        "20202": {
            "year_quarter": 20202,
            "year": 2020,
            "quarter": 2,
            "eps": 0.84,
            "eps_growth_year": 68,
            "eps_4q": 4.07,
            "eps_4q_growth_year": 108.16,
            "roe": 3.82,
            "roe_4q": 19.23,
            "gross_profit": 2540886,
            "gross_margin": 18.93,
            "gross_margin_4q_avg": 20.03,
            "net_income": 1000560,
            "net_income_4q": null,
            "revenue": 13421132,
            "revenue_4q": null,
            "common_shares": 11918206,
            "book_valuer_per_share": 21.66,
            "book_valuer_per_share_4q_avg": 21.53,
            "equity": 25818515,
            "current_ratio": 178.47,
            "debt_ratio": 58.13,
            "inventory_turnover_ratio": 1.27,
            "account_receivable_turnover_ratio": 1.15,
            "reinvestment_rate": 29.66,
            "research_to_sale_ratio": 4.55,
            "price_fair": 96.08,
            "eps_avg_yearly": 2.75,
            "eps_latest_yearly": 3.36,
            "eps_growth_yearly": 569.85
        },
        "20203": {
            "year_quarter": 20203,
            "year": 2020,
            "quarter": 3,
            "eps": 1.21,
            "eps_growth_year": -2.42,
            "eps_4q": 4.04,
            "eps_4q_growth_year": 70.86,
            "roe": 5.39,
            "roe_4q": 18.5,
            "gross_profit": 3116544,
            "gross_margin": 18.47,
            "gross_margin_4q_avg": 19.92,
            "net_income": 1439173,
            "net_income_4q": null,
            "revenue": 16877291,
            "revenue_4q": null,
            "common_shares": 11918206,
            "book_valuer_per_share": 23.12,
            "book_valuer_per_share_4q_avg": 22.17,
            "equity": 27556179,
            "current_ratio": 181.16,
            "debt_ratio": 57.72,
            "inventory_turnover_ratio": 1.59,
            "account_receivable_turnover_ratio": 1.31,
            "reinvestment_rate": 29.99,
            "research_to_sale_ratio": 3.32,
            "price_fair": 103.16,
            "eps_avg_yearly": 2.95,
            "eps_latest_yearly": 4.84,
            "eps_growth_yearly": 105.87
        },
        "20204": {
            "year_quarter": 20204,
            "year": 2020,
            "quarter": 4,
            "eps": 1.09,
            "eps_growth_year": -10.17,
            "eps_4q": 3.91,
            "eps_4q_growth_year": 22.04,
            "roe": 4.57,
            "roe_4q": 17.330000000000002,
            "gross_profit": 3064878,
            "gross_margin": 16.91,
            "gross_margin_4q_avg": 18.29,
            "net_income": 1295629,
            "net_income_4q": null,
            "revenue": 18128842,
            "revenue_4q": null,
            "common_shares": 11918206,
            "book_valuer_per_share": 24.46,
            "book_valuer_per_share_4q_avg": 22.88,
            "equity": 29146571,
            "current_ratio": 185.55,
            "debt_ratio": 56.1,
            "inventory_turnover_ratio": 1.8,
            "account_receivable_turnover_ratio": 1.29,
            "reinvestment_rate": 37.38,
            "research_to_sale_ratio": 3.5,
            "price_fair": 106.31,
            "eps_avg_yearly": 3.04,
            "eps_latest_yearly": 4.36,
            "eps_growth_yearly": 82.76
        },
        "20211": {
            "year_quarter": 20211,
            "year": 2021,
            "quarter": 1,
            "eps": 0.78,
            "eps_growth_year": 0,
            "eps_4q": 3.92,
            "eps_4q_growth_year": 5.17,
            "roe": 3.15,
            "roe_4q": 16.93,
            "gross_profit": 2379897,
            "gross_margin": 17.75,
            "gross_margin_4q_avg": 18.02,
            "net_income": 931337,
            "net_income_4q": null,
            "revenue": 13407702,
            "revenue_4q": null,
            "common_shares": 11918206,
            "book_valuer_per_share": 25.16,
            "book_valuer_per_share_4q_avg": 23.6,
            "equity": 29985690,
            "current_ratio": 187.45,
            "debt_ratio": 54.88,
            "inventory_turnover_ratio": 1.36,
            "account_receivable_turnover_ratio": 1.09,
            "reinvestment_rate": 46.26,
            "research_to_sale_ratio": 4.47,
            "price_fair": 110.25,
            "eps_avg_yearly": 3.15,
            "eps_latest_yearly": 3.12,
            "eps_growth_yearly": 89.35
        },
        "20212": {
            "year_quarter": 20212,
            "year": 2021,
            "quarter": 2,
            "eps": 0.52,
            "eps_growth_year": -38.1,
            "eps_4q": 3.59,
            "eps_4q_growth_year": -11.63,
            "roe": 2.1,
            "roe_4q": 15.21,
            "gross_profit": 1972112,
            "gross_margin": 15.96,
            "gross_margin_4q_avg": 17.27,
            "net_income": 615438,
            "net_income_4q": null,
            "revenue": 12356977,
            "revenue_4q": null,
            "common_shares": 11918206,
            "book_valuer_per_share": 24.06,
            "book_valuer_per_share_4q_avg": 24.2,
            "equity": 28672107,
            "current_ratio": 165.56,
            "debt_ratio": 56.94,
            "inventory_turnover_ratio": 1.17,
            "account_receivable_turnover_ratio": 1.22,
            "reinvestment_rate": 51.1,
            "research_to_sale_ratio": 4.88,
            "price_fair": 110.86,
            "eps_avg_yearly": 3.17,
            "eps_latest_yearly": 2.08,
            "eps_growth_yearly": 71.93
        },
        "20213": {
            "year_quarter": 20213,
            "year": 2021,
            "quarter": 3,
            "eps": 1.31,
            "eps_growth_year": 8.26,
            "eps_4q": 3.7,
            "eps_4q_growth_year": -8.38,
            "roe": 5.32,
            "roe_4q": 15.14,
            "gross_profit": 3275686,
            "gross_margin": 18.66,
            "gross_margin_4q_avg": 17.32,
            "net_income": 1565975,
            "net_income_4q": null,
            "revenue": 17553598,
            "revenue_4q": null,
            "common_shares": 11918206,
            "book_valuer_per_share": 25.31,
            "book_valuer_per_share_4q_avg": 24.75,
            "equity": 30163289,
            "current_ratio": 168.82,
            "debt_ratio": 57.28,
            "inventory_turnover_ratio": 1.43,
            "account_receivable_turnover_ratio": 1.51,
            "reinvestment_rate": 51.75,
            "research_to_sale_ratio": 3.41,
            "price_fair": 112.09,
            "eps_avg_yearly": 3.2,
            "eps_latest_yearly": 5.24,
            "eps_growth_yearly": 69.91
        },
        "20214": {
            "year_quarter": 20214,
            "year": 2021,
            "quarter": 4,
            "eps": 1.7,
            "eps_growth_year": 56.47,
            "eps_4q": 4.31,
            "eps_4q_growth_year": 10.19,
            "roe": 6.48,
            "roe_4q": 17.05,
            "gross_profit": 3780206,
            "gross_margin": 19.15,
            "gross_margin_4q_avg": 17.88,
            "net_income": 2027287,
            "net_income_4q": null,
            "revenue": 19735379,
            "revenue_4q": null,
            "common_shares": 11918206,
            "book_valuer_per_share": 27.16,
            "book_valuer_per_share_4q_avg": 25.42,
            "equity": 32366428,
            "current_ratio": 178.03,
            "debt_ratio": 55.04,
            "inventory_turnover_ratio": 1.62,
            "account_receivable_turnover_ratio": 1.36,
            "reinvestment_rate": 47.93,
            "research_to_sale_ratio": 3.04,
            "price_fair": 117.78,
            "eps_avg_yearly": 3.37,
            "eps_latest_yearly": 6.8,
            "eps_growth_yearly": 79.91
        },
        "20221": {
            "year_quarter": 20221,
            "year": 2022,
            "quarter": 1,
            "eps": 1.58,
            "eps_growth_year": 102.56,
            "eps_4q": 5.11,
            "eps_4q_growth_year": 30.6,
            "roe": 5.78,
            "roe_4q": 19.680000000000003,
            "gross_profit": 3579952,
            "gross_margin": 20.4,
            "gross_margin_4q_avg": 18.54,
            "net_income": 1885903,
            "net_income_4q": null,
            "revenue": 17549401,
            "revenue_4q": null,
            "common_shares": 11918206,
            "book_valuer_per_share": 27.59,
            "book_valuer_per_share_4q_avg": 26.03,
            "equity": 32885213,
            "current_ratio": 170.37,
            "debt_ratio": 55.82,
            "inventory_turnover_ratio": 1.43,
            "account_receivable_turnover_ratio": 1.19,
            "reinvestment_rate": 44.84,
            "research_to_sale_ratio": 3.34,
            "price_fair": 128.1,
            "eps_avg_yearly": 3.66,
            "eps_latest_yearly": 6.32,
            "eps_growth_yearly": 93.63
        },
        "20222": {
            "year_quarter": 20222,
            "year": 2022,
            "quarter": 2,
            "eps": 1.21,
            "eps_growth_year": 132.69,
            "eps_4q": 5.81,
            "eps_4q_growth_year": 61.61,
            "roe": 4.31,
            "roe_4q": 21.89,
            "gross_profit": 3141088,
            "gross_margin": 19.23,
            "gross_margin_4q_avg": 19.36,
            "net_income": 1440222,
            "net_income_4q": null,
            "revenue": 16332573,
            "revenue_4q": null,
            "common_shares": 11918206,
            "book_valuer_per_share": 28.53,
            "book_valuer_per_share_4q_avg": 27.15,
            "equity": 34001948,
            "current_ratio": 169.86,
            "debt_ratio": 55.03,
            "inventory_turnover_ratio": 1.19,
            "account_receivable_turnover_ratio": 1.22,
            "reinvestment_rate": 44.41,
            "research_to_sale_ratio": 4.35,
            "price_fair": 135.01,
            "eps_avg_yearly": 3.86,
            "eps_latest_yearly": 4.84,
            "eps_growth_yearly": 86.52
        },
        "20223": {
            "year_quarter": 20223,
            "year": 2022,
            "quarter": 3,
            "eps": 2.11,
            "eps_growth_year": 61.07,
            "eps_4q": 6.6,
            "eps_4q_growth_year": 78.44,
            "roe": 7.1,
            "roe_4q": 23.67,
            "gross_profit": 4361806,
            "gross_margin": 20.11,
            "gross_margin_4q_avg": 19.72,
            "net_income": 2512755,
            "net_income_4q": null,
            "revenue": 21691712,
            "revenue_4q": null,
            "common_shares": 11918206,
            "book_valuer_per_share": 30.87,
            "book_valuer_per_share_4q_avg": 28.54,
            "equity": 36786511,
            "current_ratio": 172.15,
            "debt_ratio": 54.51,
            "inventory_turnover_ratio": 1.49,
            "account_receivable_turnover_ratio": 1.46,
            "reinvestment_rate": 46.11,
            "research_to_sale_ratio": 3.34,
            "price_fair": 146.21,
            "eps_avg_yearly": 4.18,
            "eps_latest_yearly": 8.44,
            "eps_growth_yearly": 80.71
        },
        "20224": {
            "year_quarter": 20224,
            "year": 2022,
            "quarter": 4,
            "eps": 1.81,
            "eps_growth_year": 6.65,
            "eps_4q": 6.71,
            "eps_4q_growth_year": 55.66,
            "roe": 5.73,
            "roe_4q": 22.92,
            "gross_profit": 4366051,
            "gross_margin": 20.94,
            "gross_margin_4q_avg": 20.17,
            "net_income": 2162097,
            "net_income_4q": null,
            "revenue": 20845722,
            "revenue_4q": null,
            "common_shares": 11918206,
            "book_valuer_per_share": 32.49,
            "book_valuer_per_share_4q_avg": 29.87,
            "equity": 38716888,
            "current_ratio": 186.14,
            "debt_ratio": 51.5,
            "inventory_turnover_ratio": 1.54,
            "account_receivable_turnover_ratio": 1.24,
            "reinvestment_rate": 40.65,
            "research_to_sale_ratio": 3.2,
            "price_fair": 158.81,
            "eps_avg_yearly": 4.54,
            "eps_latest_yearly": 7.24,
            "eps_growth_yearly": 91.01
        },
        "20231": {
            "year_quarter": 20231,
            "year": 2023,
            "quarter": 1,
            "eps": 0.3,
            "eps_growth_year": -81.01,
            "eps_4q": 5.43,
            "eps_4q_growth_year": 6.21,
            "roe": 0.96,
            "roe_4q": 18.099999999999998,
            "gross_profit": 1932938,
            "gross_margin": 14.32,
            "gross_margin_4q_avg": 18.65,
            "net_income": 357745,
            "net_income_4q": null,
            "revenue": 13496082,
            "revenue_4q": null,
            "common_shares": 11918206,
            "book_valuer_per_share": 30.16,
            "book_valuer_per_share_4q_avg": 30.51,
            "equity": 35948363,
            "current_ratio": 159.15,
            "debt_ratio": 51.59,
            "inventory_turnover_ratio": 1.19,
            "account_receivable_turnover_ratio": 0.96,
            "reinvestment_rate": 39.28,
            "research_to_sale_ratio": 4.32,
            "price_fair": 159.16,
            "eps_avg_yearly": 4.55,
            "eps_latest_yearly": 1.2,
            "eps_growth_yearly": 77.59
        },
        "20232": {
            "year_quarter": 20232,
            "year": 2023,
            "quarter": 2,
            "eps": 0.5,
            "eps_growth_year": -58.68,
            "eps_4q": 4.73,
            "eps_4q_growth_year": -18.6,
            "roe": 1.67,
            "roe_4q": 15.459999999999999,
            "gross_profit": 1710856,
            "gross_margin": 12.34,
            "gross_margin_4q_avg": 16.93,
            "net_income": 599947,
            "net_income_4q": null,
            "revenue": 13863529,
            "revenue_4q": null,
            "common_shares": 11918206,
            "book_valuer_per_share": 30.18,
            "book_valuer_per_share_4q_avg": 30.93,
            "equity": 35966157,
            "current_ratio": 178.09,
            "debt_ratio": 50.04,
            "inventory_turnover_ratio": 1.27,
            "account_receivable_turnover_ratio": 1.16,
            "reinvestment_rate": 39.22,
            "research_to_sale_ratio": 4.56,
            "price_fair": 159.16,
            "eps_avg_yearly": 4.55,
            "eps_latest_yearly": 2,
            "eps_growth_yearly": 71.18
        },
        "20233": {
            "year_quarter": 20233,
            "year": 2023,
            "quarter": 3,
            "eps": 1.41,
            "eps_growth_year": -33.18,
            "eps_4q": 4.03,
            "eps_4q_growth_year": -38.98,
            "roe": 4.51,
            "roe_4q": 12.870000000000001,
            "gross_profit": 3111679,
            "gross_margin": 15.88,
            "gross_margin_4q_avg": 15.87,
            "net_income": 1679784,
            "net_income_4q": null,
            "revenue": 19592498,
            "revenue_4q": null,
            "common_shares": 11918206,
            "book_valuer_per_share": 32.38,
            "book_valuer_per_share_4q_avg": 31.3,
            "equity": 38592265,
            "current_ratio": 162.84,
            "debt_ratio": 52.39,
            "inventory_turnover_ratio": 1.69,
            "account_receivable_turnover_ratio": 1.3,
            "reinvestment_rate": 46.37,
            "research_to_sale_ratio": 3.59,
            "price_fair": 160.65,
            "eps_avg_yearly": 4.59,
            "eps_latest_yearly": 5.64,
            "eps_growth_yearly": 79.68
        },
        "20234": {
            "year_quarter": 20234,
            "year": 2023,
            "quarter": 4,
            "eps": 1.28,
            "eps_growth_year": -29.19,
            "eps_4q": 3.5,
            "eps_4q_growth_year": -47.9,
            "roe": 3.93,
            "roe_4q": 11.07,
            "gross_profit": 3371324,
            "gross_margin": 16.75,
            "gross_margin_4q_avg": 14.82,
            "net_income": 1530899,
            "net_income_4q": null,
            "revenue": 20126664,
            "revenue_4q": null,
            "common_shares": 11918206,
            "book_valuer_per_share": 32.93,
            "book_valuer_per_share_4q_avg": 31.41,
            "equity": 39252569,
            "current_ratio": 175.21,
            "debt_ratio": 50.38,
            "inventory_turnover_ratio": 1.88,
            "account_receivable_turnover_ratio": 1.18,
            "reinvestment_rate": 42.66,
            "research_to_sale_ratio": 3.15,
            "price_fair": 161.26,
            "eps_avg_yearly": 4.61,
            "eps_latest_yearly": 5.12,
            "eps_growth_yearly": 77.98
        }
    },
    "months": {
        "2001-06": {
            "month": "2001-06",
            "price": "81.08",
            "revenue": 1273905
        },
        "2001-07": {
            "month": "2001-07",
            "price": "55.21",
            "revenue": 1153177
        },
        "2001-08": {
            "month": "2001-08",
            "price": "52.84",
            "revenue": 1233648
        },
        "2001-09": {
            "month": "2001-09",
            "price": "43.03",
            "revenue": 1383962
        },
        "2001-10": {
            "month": "2001-10",
            "price": "34.51",
            "revenue": 1393517
        },
        "2001-11": {
            "month": "2001-11",
            "price": "40.45",
            "revenue": 1409969
        },
        "2001-12": {
            "month": "2001-12",
            "price": "51.60",
            "revenue": 1116016
        },
        "2002-01": {
            "month": "2002-01",
            "price": "49.54",
            "revenue": 1004755
        },
        "2002-02": {
            "month": "2002-02",
            "price": "44.07",
            "revenue": 1010348
        },
        "2002-03": {
            "month": "2002-03",
            "price": "57.18",
            "revenue": 1105137
        },
        "2002-04": {
            "month": "2002-04",
            "price": "62.43",
            "revenue": 1264516
        },
        "2002-05": {
            "month": "2002-05",
            "price": "53.55",
            "revenue": 1267344
        },
        "2002-06": {
            "month": "2002-06",
            "price": "41.98",
            "revenue": 1224030
        },
        "2002-07": {
            "month": "2002-07",
            "price": "30.63",
            "revenue": 1242397
        },
        "2002-08": {
            "month": "2002-08",
            "price": "30.39",
            "revenue": 1296935
        },
        "2002-09": {
            "month": "2002-09",
            "price": "29.96",
            "revenue": 1348687
        },
        "2002-10": {
            "month": "2002-10",
            "price": "27.41",
            "revenue": 1397331
        },
        "2002-11": {
            "month": "2002-11",
            "price": "26.05",
            "revenue": 1380981
        },
        "2002-12": {
            "month": "2002-12",
            "price": "22.46",
            "revenue": 1220566
        },
        "2003-01": {
            "month": "2003-01",
            "price": "20.91",
            "revenue": 1207764
        },
        "2003-02": {
            "month": "2003-02",
            "price": "18.23",
            "revenue": 862211
        },
        "2003-03": {
            "month": "2003-03",
            "price": "18.10",
            "revenue": 897572
        },
        "2003-04": {
            "month": "2003-04",
            "price": "15.95",
            "revenue": 1007564
        },
        "2003-05": {
            "month": "2003-05",
            "price": "11.96",
            "revenue": 888871
        },
        "2003-06": {
            "month": "2003-06",
            "price": "14.82",
            "revenue": 906021
        },
        "2003-07": {
            "month": "2003-07",
            "price": "17.10",
            "revenue": 881072
        },
        "2003-08": {
            "month": "2003-08",
            "price": "14.77",
            "revenue": 972385
        },
        "2003-09": {
            "month": "2003-09",
            "price": "15.77",
            "revenue": 906890
        },
        "2003-10": {
            "month": "2003-10",
            "price": "17.53",
            "revenue": 1076289
        },
        "2003-11": {
            "month": "2003-11",
            "price": "20.32",
            "revenue": 1103983
        },
        "2003-12": {
            "month": "2003-12",
            "price": "18.21",
            "revenue": 1349666
        },
        "2004-01": {
            "month": "2004-01",
            "price": "19.33",
            "revenue": 1074353
        },
        "2004-02": {
            "month": "2004-02",
            "price": "20.20",
            "revenue": 917405
        },
        "2004-03": {
            "month": "2004-03",
            "price": "19.05",
            "revenue": 995512
        },
        "2004-04": {
            "month": "2004-04",
            "price": "16.94",
            "revenue": 1076500
        },
        "2004-05": {
            "month": "2004-05",
            "price": "12.69",
            "revenue": 1101904
        },
        "2004-06": {
            "month": "2004-06",
            "price": "11.53",
            "revenue": 1014496
        },
        "2004-07": {
            "month": "2004-07",
            "price": "10.73",
            "revenue": 953959
        },
        "2004-08": {
            "month": "2004-08",
            "price": "11.64",
            "revenue": 838887
        },
        "2004-09": {
            "month": "2004-09",
            "price": "11.62",
            "revenue": 1013259
        },
        "2004-10": {
            "month": "2004-10",
            "price": "10.64",
            "revenue": 1291296
        },
        "2004-11": {
            "month": "2004-11",
            "price": "11.54",
            "revenue": 1403303
        },
        "2004-12": {
            "month": "2004-12",
            "price": "10.75",
            "revenue": 1103694
        },
        "2005-01": {
            "month": "2005-01",
            "price": "9.34",
            "revenue": 1198219
        },
        "2005-02": {
            "month": "2005-02",
            "price": "9.45",
            "revenue": 936585
        },
        "2005-03": {
            "month": "2005-03",
            "price": "8.93",
            "revenue": 1129554
        },
        "2005-04": {
            "month": "2005-04",
            "price": "8.66",
            "revenue": 1007465
        },
        "2005-05": {
            "month": "2005-05",
            "price": "9.10",
            "revenue": 1074852
        },
        "2005-06": {
            "month": "2005-06",
            "price": "12.18",
            "revenue": 1118668
        },
        "2005-07": {
            "month": "2005-07",
            "price": "13.32",
            "revenue": 1213340
        },
        "2005-08": {
            "month": "2005-08",
            "price": "13.44",
            "revenue": 1712541
        },
        "2005-09": {
            "month": "2005-09",
            "price": "14.27",
            "revenue": 1791361
        },
        "2005-10": {
            "month": "2005-10",
            "price": "15.14",
            "revenue": 1841317
        },
        "2005-11": {
            "month": "2005-11",
            "price": "14.57",
            "revenue": 1942766
        },
        "2005-12": {
            "month": "2005-12",
            "price": "17.25",
            "revenue": 1883001
        },
        "2006-01": {
            "month": "2006-01",
            "price": "17.21",
            "revenue": 1676139
        },
        "2006-02": {
            "month": "2006-02",
            "price": "15.19",
            "revenue": 1648648
        },
        "2006-03": {
            "month": "2006-03",
            "price": "15.29",
            "revenue": 1854804
        },
        "2006-04": {
            "month": "2006-04",
            "price": "17.13",
            "revenue": 1905357
        },
        "2006-05": {
            "month": "2006-05",
            "price": "15.42",
            "revenue": 1645438
        },
        "2006-06": {
            "month": "2006-06",
            "price": "12.79",
            "revenue": 1444553
        },
        "2006-07": {
            "month": "2006-07",
            "price": "12.21",
            "revenue": 1653245
        },
        "2006-08": {
            "month": "2006-08",
            "price": "14.07",
            "revenue": 1816559
        },
        "2006-09": {
            "month": "2006-09",
            "price": "14.20",
            "revenue": 1900835
        },
        "2006-10": {
            "month": "2006-10",
            "price": "14.46",
            "revenue": 2103014
        },
        "2006-11": {
            "month": "2006-11",
            "price": "14.60",
            "revenue": 2193346
        },
        "2006-12": {
            "month": "2006-12",
            "price": "15.10",
            "revenue": 2250819
        },
        "2007-01": {
            "month": "2007-01",
            "price": "15.25",
            "revenue": 1761414
        },
        "2007-02": {
            "month": "2007-02",
            "price": "14.70",
            "revenue": 1369560
        },
        "2007-03": {
            "month": "2007-03",
            "price": "13.73",
            "revenue": 1515244
        },
        "2007-04": {
            "month": "2007-04",
            "price": "14.15",
            "revenue": 1400493
        },
        "2007-05": {
            "month": "2007-05",
            "price": "13.53",
            "revenue": 1246301
        },
        "2007-06": {
            "month": "2007-06",
            "price": "14.43",
            "revenue": 1148311
        },
        "2007-07": {
            "month": "2007-07",
            "price": "16.79",
            "revenue": 1411087
        },
        "2007-08": {
            "month": "2007-08",
            "price": "14.91",
            "revenue": 1781061
        },
        "2007-09": {
            "month": "2007-09",
            "price": "14.64",
            "revenue": 2071337
        },
        "2007-10": {
            "month": "2007-10",
            "price": "14.97",
            "revenue": 2617415
        },
        "2007-11": {
            "month": "2007-11",
            "price": "13.27",
            "revenue": 2477712
        },
        "2007-12": {
            "month": "2007-12",
            "price": "11.30",
            "revenue": 2059482
        },
        "2008-01": {
            "month": "2008-01",
            "price": "9.76",
            "revenue": 1769440
        },
        "2008-02": {
            "month": "2008-02",
            "price": "9.55",
            "revenue": 1366436
        },
        "2008-03": {
            "month": "2008-03",
            "price": "10.16",
            "revenue": 1797976
        },
        "2008-04": {
            "month": "2008-04",
            "price": "10.32",
            "revenue": 1731287
        },
        "2008-05": {
            "month": "2008-05",
            "price": "10.83",
            "revenue": 1643615
        },
        "2008-06": {
            "month": "2008-06",
            "price": "10.00",
            "revenue": 1841518
        },
        "2008-07": {
            "month": "2008-07",
            "price": "8.43",
            "revenue": 1925473
        },
        "2008-08": {
            "month": "2008-08",
            "price": "9.66",
            "revenue": 2207680
        },
        "2008-09": {
            "month": "2008-09",
            "price": "8.20",
            "revenue": 2686658
        },
        "2008-10": {
            "month": "2008-10",
            "price": "6.30",
            "revenue": 2980838
        },
        "2008-11": {
            "month": "2008-11",
            "price": "4.60",
            "revenue": 1844205
        },
        "2008-12": {
            "month": "2008-12",
            "price": "4.22",
            "revenue": 1388789
        },
        "2009-01": {
            "month": "2009-01",
            "price": "4.29",
            "revenue": 1245375
        },
        "2009-02": {
            "month": "2009-02",
            "price": "4.38",
            "revenue": 1453442
        },
        "2009-03": {
            "month": "2009-03",
            "price": "5.86",
            "revenue": 1700464
        },
        "2009-04": {
            "month": "2009-04",
            "price": "8.96",
            "revenue": 1492746
        },
        "2009-05": {
            "month": "2009-05",
            "price": "9.47",
            "revenue": 1415955
        },
        "2009-06": {
            "month": "2009-06",
            "price": "8.48",
            "revenue": 1527650
        },
        "2009-07": {
            "month": "2009-07",
            "price": "8.71",
            "revenue": 1505971
        },
        "2009-08": {
            "month": "2009-08",
            "price": "8.58",
            "revenue": 1517690
        },
        "2009-09": {
            "month": "2009-09",
            "price": "8.69",
            "revenue": 1623556
        },
        "2009-10": {
            "month": "2009-10",
            "price": "8.92",
            "revenue": 1612240
        },
        "2009-11": {
            "month": "2009-11",
            "price": "8.68",
            "revenue": 1740555
        },
        "2009-12": {
            "month": "2009-12",
            "price": "9.38",
            "revenue": 1705075
        },
        "2010-01": {
            "month": "2010-01",
            "price": "10.17",
            "revenue": 1524840
        },
        "2010-02": {
            "month": "2010-02",
            "price": "8.64",
            "revenue": 1342098
        },
        "2010-03": {
            "month": "2010-03",
            "price": "8.91",
            "revenue": 1698262
        },
        "2010-04": {
            "month": "2010-04",
            "price": "9.53",
            "revenue": 1631726
        },
        "2010-05": {
            "month": "2010-05",
            "price": "8.50",
            "revenue": 1794305
        },
        "2010-06": {
            "month": "2010-06",
            "price": "8.28",
            "revenue": 1838755
        },
        "2010-07": {
            "month": "2010-07",
            "price": "8.60",
            "revenue": 1873994
        },
        "2010-08": {
            "month": "2010-08",
            "price": "8.98",
            "revenue": 2019394
        },
        "2010-09": {
            "month": "2010-09",
            "price": "9.43",
            "revenue": 2126330
        },
        "2010-10": {
            "month": "2010-10",
            "price": "9.90",
            "revenue": 2318116
        },
        "2010-11": {
            "month": "2010-11",
            "price": "11.10",
            "revenue": 2273369
        },
        "2010-12": {
            "month": "2010-12",
            "price": "16.87",
            "revenue": 1889932
        },
        "2011-01": {
            "month": "2011-01",
            "price": "18.93",
            "revenue": 1751193
        },
        "2011-02": {
            "month": "2011-02",
            "price": "17.75",
            "revenue": 1580781
        },
        "2011-03": {
            "month": "2011-03",
            "price": "17.79",
            "revenue": 2032606
        },
        "2011-04": {
            "month": "2011-04",
            "price": "17.06",
            "revenue": 1809932
        },
        "2011-05": {
            "month": "2011-05",
            "price": "15.71",
            "revenue": 1937572
        },
        "2011-06": {
            "month": "2011-06",
            "price": "13.94",
            "revenue": 1944690
        },
        "2011-07": {
            "month": "2011-07",
            "price": "14.35",
            "revenue": 1965024
        },
        "2011-08": {
            "month": "2011-08",
            "price": "12.94",
            "revenue": 2297351
        },
        "2011-09": {
            "month": "2011-09",
            "price": "12.57",
            "revenue": 2118815
        },
        "2011-10": {
            "month": "2011-10",
            "price": "12.36",
            "revenue": 2236885
        },
        "2011-11": {
            "month": "2011-11",
            "price": "10.84",
            "revenue": 2184162
        },
        "2011-12": {
            "month": "2011-12",
            "price": "9.03",
            "revenue": 1984117
        },
        "2012-01": {
            "month": "2012-01",
            "price": "9.68",
            "revenue": 1785619
        },
        "2012-02": {
            "month": "2012-02",
            "price": "12.26",
            "revenue": 1778135
        },
        "2012-03": {
            "month": "2012-03",
            "price": "14.01",
            "revenue": 2031009
        },
        "2012-04": {
            "month": "2012-04",
            "price": "12.23",
            "revenue": 1948182
        },
        "2012-05": {
            "month": "2012-05",
            "price": "11.58",
            "revenue": 2013634
        },
        "2012-06": {
            "month": "2012-06",
            "price": "11.73",
            "revenue": 2105863
        },
        "2012-07": {
            "month": "2012-07",
            "price": "12.38",
            "revenue": 2243777
        },
        "2012-08": {
            "month": "2012-08",
            "price": "13.12",
            "revenue": 2345297
        },
        "2012-09": {
            "month": "2012-09",
            "price": "13.31",
            "revenue": 2474563
        },
        "2012-10": {
            "month": "2012-10",
            "price": "12.38",
            "revenue": 2592795
        },
        "2012-11": {
            "month": "2012-11",
            "price": "11.46",
            "revenue": 2830213
        },
        "2012-12": {
            "month": "2012-12",
            "price": "12.51",
            "revenue": 2583911
        },
        "2013-01": {
            "month": "2013-01",
            "price": "11.61",
            "revenue": 2521464
        },
        "2013-02": {
            "month": "2013-02",
            "price": "11.20",
            "revenue": 2019629
        },
        "2013-03": {
            "month": "2013-03",
            "price": "11.04",
            "revenue": 2146097
        },
        "2013-04": {
            "month": "2013-04",
            "price": "10.83",
            "revenue": 2342665
        },
        "2013-05": {
            "month": "2013-05",
            "price": "11.91",
            "revenue": 2312465
        },
        "2013-06": {
            "month": "2013-06",
            "price": "12.87",
            "revenue": 2225086
        },
        "2013-07": {
            "month": "2013-07",
            "price": "13.14",
            "revenue": 2663498
        },
        "2013-08": {
            "month": "2013-08",
            "price": "14.26",
            "revenue": 2915750
        },
        "2013-09": {
            "month": "2013-09",
            "price": "14.12",
            "revenue": 2958357
        },
        "2013-10": {
            "month": "2013-10",
            "price": "14.07",
            "revenue": 2917841
        },
        "2013-11": {
            "month": "2013-11",
            "price": "15.89",
            "revenue": 3024055
        },
        "2013-12": {
            "month": "2013-12",
            "price": "17.16",
            "revenue": 2852050
        },
        "2014-01": {
            "month": "2014-01",
            "price": "17.60",
            "revenue": 2556087
        },
        "2014-02": {
            "month": "2014-02",
            "price": "16.46",
            "revenue": 2096649
        },
        "2014-03": {
            "month": "2014-03",
            "price": "16.50",
            "revenue": 2538111
        },
        "2014-04": {
            "month": "2014-04",
            "price": "18.86",
            "revenue": 2722740
        },
        "2014-05": {
            "month": "2014-05",
            "price": "20.50",
            "revenue": 2449949
        },
        "2014-06": {
            "month": "2014-06",
            "price": "20.11",
            "revenue": 2505545
        },
        "2014-07": {
            "month": "2014-07",
            "price": "19.15",
            "revenue": 2781105
        },
        "2014-08": {
            "month": "2014-08",
            "price": "18.00",
            "revenue": 2967775
        },
        "2014-09": {
            "month": "2014-09",
            "price": "18.62",
            "revenue": 3244924
        },
        "2014-10": {
            "month": "2014-10",
            "price": "16.92",
            "revenue": 3426881
        },
        "2014-11": {
            "month": "2014-11",
            "price": "16.91",
            "revenue": 3445125
        },
        "2014-12": {
            "month": "2014-12",
            "price": "17.95",
            "revenue": 3114621
        },
        "2015-01": {
            "month": "2015-01",
            "price": "17.94",
            "revenue": 3020406
        },
        "2015-02": {
            "month": "2015-02",
            "price": "17.57",
            "revenue": 2602411
        },
        "2015-03": {
            "month": "2015-03",
            "price": "18.57",
            "revenue": 3048188
        },
        "2015-04": {
            "month": "2015-04",
            "price": "19.92",
            "revenue": 3153723
        },
        "2015-05": {
            "month": "2015-05",
            "price": "19.28",
            "revenue": 3045990
        },
        "2015-06": {
            "month": "2015-06",
            "price": "18.09",
            "revenue": 3223444
        },
        "2015-07": {
            "month": "2015-07",
            "price": "19.76",
            "revenue": 3730680
        },
        "2015-08": {
            "month": "2015-08",
            "price": "20.74",
            "revenue": 4141766
        },
        "2015-09": {
            "month": "2015-09",
            "price": "23.33",
            "revenue": 4670261
        },
        "2015-10": {
            "month": "2015-10",
            "price": "22.48",
            "revenue": 5020183
        },
        "2015-11": {
            "month": "2015-11",
            "price": "21.99",
            "revenue": 5074164
        },
        "2015-12": {
            "month": "2015-12",
            "price": "22.05",
            "revenue": 3645464
        },
        "2016-01": {
            "month": "2016-01",
            "price": "19.20",
            "revenue": 3704197
        },
        "2016-02": {
            "month": "2016-02",
            "price": "19.19",
            "revenue": 2637472
        },
        "2016-03": {
            "month": "2016-03",
            "price": "20.77",
            "revenue": 3047711
        },
        "2016-04": {
            "month": "2016-04",
            "price": "19.16",
            "revenue": 3045583
        },
        "2016-05": {
            "month": "2016-05",
            "price": "16.07",
            "revenue": 3227426
        },
        "2016-06": {
            "month": "2016-06",
            "price": "16.91",
            "revenue": 3046839
        },
        "2016-07": {
            "month": "2016-07",
            "price": "16.43",
            "revenue": 3628377
        },
        "2016-08": {
            "month": "2016-08",
            "price": "16.39",
            "revenue": 4290064
        },
        "2016-09": {
            "month": "2016-09",
            "price": "16.22",
            "revenue": 4672767
        },
        "2016-10": {
            "month": "2016-10",
            "price": "16.58",
            "revenue": 4635464
        },
        "2016-11": {
            "month": "2016-11",
            "price": "15.65",
            "revenue": 4813584
        },
        "2016-12": {
            "month": "2016-12",
            "price": "15.48",
            "revenue": 4765714
        },
        "2017-01": {
            "month": "2017-01",
            "price": "16.07",
            "revenue": 3871779
        },
        "2017-02": {
            "month": "2017-02",
            "price": "18.41",
            "revenue": 3676032
        },
        "2017-03": {
            "month": "2017-03",
            "price": "21.59",
            "revenue": 3666725
        },
        "2017-04": {
            "month": "2017-04",
            "price": "21.82",
            "revenue": 3456023
        },
        "2017-05": {
            "month": "2017-05",
            "price": "23.24",
            "revenue": 3514690
        },
        "2017-06": {
            "month": "2017-06",
            "price": "24.82",
            "revenue": 3894126
        },
        "2017-07": {
            "month": "2017-07",
            "price": "25.63",
            "revenue": 4458405
        },
        "2017-08": {
            "month": "2017-08",
            "price": "30.40",
            "revenue": 4961791
        },
        "2017-09": {
            "month": "2017-09",
            "price": "34.17",
            "revenue": 5519014
        },
        "2017-10": {
            "month": "2017-10",
            "price": "35.26",
            "revenue": 5462766
        },
        "2017-11": {
            "month": "2017-11",
            "price": "45.48",
            "revenue": 5778316
        },
        "2017-12": {
            "month": "2017-12",
            "price": "41.79",
            "revenue": 5704526
        },
        "2018-01": {
            "month": "2018-01",
            "price": "38.61",
            "revenue": 4532339
        },
        "2018-02": {
            "month": "2018-02",
            "price": "34.67",
            "revenue": 3121540
        },
        "2018-03": {
            "month": "2018-03",
            "price": "31.76",
            "revenue": 3276250
        },
        "2018-04": {
            "month": "2018-04",
            "price": "30.59",
            "revenue": 3547111
        },
        "2018-05": {
            "month": "2018-05",
            "price": "33.25",
            "revenue": 3388056
        },
        "2018-06": {
            "month": "2018-06",
            "price": "34.15",
            "revenue": 3622200
        },
        "2018-07": {
            "month": "2018-07",
            "price": "30.57",
            "revenue": 4527081
        },
        "2018-08": {
            "month": "2018-08",
            "price": "29.97",
            "revenue": 4952903
        },
        "2018-09": {
            "month": "2018-09",
            "price": "24.96",
            "revenue": 5255650
        },
        "2018-10": {
            "month": "2018-10",
            "price": "20.86",
            "revenue": 5201162
        },
        "2018-11": {
            "month": "2018-11",
            "price": "19.51",
            "revenue": 5390750
        },
        "2018-12": {
            "month": "2018-12",
            "price": "21.00",
            "revenue": 4010257
        },
        "2019-01": {
            "month": "2019-01",
            "price": "20.23",
            "revenue": 4016157
        },
        "2019-02": {
            "month": "2019-02",
            "price": "22.34",
            "revenue": 2743389
        },
        "2019-03": {
            "month": "2019-03",
            "price": "22.36",
            "revenue": 3699096
        },
        "2019-04": {
            "month": "2019-04",
            "price": "26.75",
            "revenue": 4036133
        },
        "2019-05": {
            "month": "2019-05",
            "price": "23.76",
            "revenue": 4037153
        },
        "2019-06": {
            "month": "2019-06",
            "price": "24.91",
            "revenue": 4011365
        },
        "2019-07": {
            "month": "2019-07",
            "price": "27.23",
            "revenue": 4778811
        },
        "2019-08": {
            "month": "2019-08",
            "price": "28.92",
            "revenue": 5582498
        },
        "2019-09": {
            "month": "2019-09",
            "price": "35.64",
            "revenue": 5933158
        },
        "2019-10": {
            "month": "2019-10",
            "price": "40.18",
            "revenue": 6225170
        },
        "2019-11": {
            "month": "2019-11",
            "price": "48.40",
            "revenue": 6098104
        },
        "2019-12": {
            "month": "2019-12",
            "price": "46.93",
            "revenue": 5013855
        },
        "2020-01": {
            "month": "2020-01",
            "price": "44.64",
            "revenue": 4045829
        },
        "2020-02": {
            "month": "2020-02",
            "price": "42.25",
            "revenue": 3235628
        },
        "2020-03": {
            "month": "2020-03",
            "price": "32.76",
            "revenue": 4808206
        },
        "2020-04": {
            "month": "2020-04",
            "price": "35.26",
            "revenue": 4630415
        },
        "2020-05": {
            "month": "2020-05",
            "price": "40.96",
            "revenue": 4373283
        },
        "2020-06": {
            "month": "2020-06",
            "price": "45.48",
            "revenue": 4417434
        },
        "2020-07": {
            "month": "2020-07",
            "price": "47.77",
            "revenue": 5076659
        },
        "2020-08": {
            "month": "2020-08",
            "price": "48.38",
            "revenue": 5650482
        },
        "2020-09": {
            "month": "2020-09",
            "price": "44.92",
            "revenue": 6150150
        },
        "2020-10": {
            "month": "2020-10",
            "price": "45.30",
            "revenue": 6227201
        },
        "2020-11": {
            "month": "2020-11",
            "price": "46.01",
            "revenue": 6308150
        },
        "2020-12": {
            "month": "2020-12",
            "price": "44.99",
            "revenue": 5593491
        },
        "2021-01": {
            "month": "2021-01",
            "price": "44.19",
            "revenue": 5038378
        },
        "2021-02": {
            "month": "2021-02",
            "price": "43.52",
            "revenue": 3841931
        },
        "2021-03": {
            "month": "2021-03",
            "price": "42.91",
            "revenue": 4527394
        },
        "2021-04": {
            "month": "2021-04",
            "price": "43.02",
            "revenue": 4520054
        },
        "2021-05": {
            "month": "2021-05",
            "price": "36.86",
            "revenue": 4055147
        },
        "2021-06": {
            "month": "2021-06",
            "price": "40.19",
            "revenue": 3781776
        },
        "2021-07": {
            "month": "2021-07",
            "price": "44.19",
            "revenue": 5358180
        },
        "2021-08": {
            "month": "2021-08",
            "price": "40.67",
            "revenue": 5812051
        },
        "2021-09": {
            "month": "2021-09",
            "price": "38.52",
            "revenue": 6382692
        },
        "2021-10": {
            "month": "2021-10",
            "price": "37.59",
            "revenue": 6001507
        },
        "2021-11": {
            "month": "2021-11",
            "price": "41.77",
            "revenue": 6825656
        },
        "2021-12": {
            "month": "2021-12",
            "price": "42.74",
            "revenue": 6908216
        },
        "2022-01": {
            "month": "2022-01",
            "price": "43.05",
            "revenue": 6398240
        },
        "2022-02": {
            "month": "2022-02",
            "price": "46.12",
            "revenue": 5060539
        },
        "2022-03": {
            "month": "2022-03",
            "price": "46.97",
            "revenue": 6090621
        },
        "2022-04": {
            "month": "2022-04",
            "price": "46.58",
            "revenue": 5227643
        },
        "2022-05": {
            "month": "2022-05",
            "price": "46.05",
            "revenue": 5136455
        },
        "2022-06": {
            "month": "2022-06",
            "price": "46.81",
            "revenue": 5968476
        },
        "2022-07": {
            "month": "2022-07",
            "price": "46.09",
            "revenue": 6888468
        },
        "2022-08": {
            "month": "2022-08",
            "price": "50.44",
            "revenue": 7188397
        },
        "2022-09": {
            "month": "2022-09",
            "price": "48.43",
            "revenue": 7614847
        },
        "2022-10": {
            "month": "2022-10",
            "price": "44.18",
            "revenue": 7838118
        },
        "2022-11": {
            "month": "2022-11",
            "price": "47.25",
            "revenue": 7105632
        },
        "2022-12": {
            "month": "2022-12",
            "price": "47.83",
            "revenue": 5901972
        },
        "2023-01": {
            "month": "2023-01",
            "price": "44.63",
            "revenue": 4908396
        },
        "2023-02": {
            "month": "2023-02",
            "price": "46.12",
            "revenue": 4001684
        },
        "2023-03": {
            "month": "2023-03",
            "price": "45.47",
            "revenue": 4586003
        },
        "2023-04": {
            "month": "2023-04",
            "price": "44.25",
            "revenue": 4621626
        },
        "2023-05": {
            "month": "2023-05",
            "price": "43.05",
            "revenue": 4736764
        },
        "2023-06": {
            "month": "2023-06",
            "price": "43.98",
            "revenue": 4505139
        },
        "2023-07": {
            "month": "2023-07",
            "price": "45.65",
            "revenue": 6030466
        },
        "2023-08": {
            "month": "2023-08",
            "price": "44.25",
            "revenue": 6460694
        },
        "2023-09": {
            "month": "2023-09",
            "price": "51.86",
            "revenue": 7101338
        },
        "2023-10": {
            "month": "2023-10",
            "price": "52.80",
            "revenue": 7318549
        },
        "2023-11": {
            "month": "2023-11",
            "price": "61.05",
            "revenue": 7004989
        },
        "2023-12": {
            "month": "2023-12",
            "price": "71.72",
            "revenue": 5803126
        }
    }
}
