{
    "summary": {
        "stock_name": "台揚",
        "stock_id": "2314",
        "category": "通信網路",
        "main_business": "衛星通訊系統及器材<br>地面微波通訊系統及器材",
        "website_url": "https://www.mtigroup.com/zh-tw",
        "ceo": "吳永欽",
        "pe_ratio": -24,
        "report_year_from": 2001,
        "report_year_to": 2023,
        "age": 22,
        "eps_negative_percentage": 52,
        "eps_growth_avg": {
            "last_all": -13.77,
            "last_2y": null,
            "last_4y": -84.46,
            "last_8y": -15.02,
            "last_12y": -15.02,
            "last_16y": -9.52,
            "last_20y": -13.77,
            "at_2006_last_3y": 41.56,
            "at_2007_last_3y": 32.89,
            "at_2008_last_3y": 2.15,
            "at_2009_last_3y": -4.02,
            "at_2010_last_3y": -38.69,
            "at_2011_last_3y": -61.47,
            "at_2012_last_3y": -100,
            "at_2013_last_3y": null,
            "at_2014_last_3y": null,
            "at_2015_last_3y": null,
            "at_2016_last_3y": 100,
            "at_2017_last_3y": 54.41,
            "at_2018_last_3y": 13.3,
            "at_2019_last_3y": -15.02,
            "at_2020_last_3y": -53.37,
            "at_2021_last_3y": -84.46,
            "at_2022_last_3y": -100,
            "at_2023_last_3y": -100,
            "at_2006_last_all": 6.17,
            "at_2007_last_all": 6.31,
            "at_2008_last_all": 1.44,
            "at_2009_last_all": -13.05,
            "at_2010_last_all": -13.05,
            "at_2011_last_all": -13.05,
            "at_2012_last_all": -13.05,
            "at_2013_last_all": -13.05,
            "at_2014_last_all": -13.05,
            "at_2015_last_all": -13.05,
            "at_2016_last_all": 1.08,
            "at_2017_last_all": 1.94,
            "at_2018_last_all": -5.15,
            "at_2019_last_all": -13.77,
            "at_2020_last_all": -13.77,
            "at_2021_last_all": -13.77,
            "at_2022_last_all": -13.77,
            "at_2023_last_all": -13.77
        },
        "latest_eps": -1.67,
        "latest_price": 39.5,
        "latest_roe": -19.04,
        "latest_gross_margin": 13.54,
        "latest_equity": 1911980,
        "latest_revenue": 1038360,
        "latest_gross_profit": 140552,
        "latest_net_income": -117133,
        "latest_debt_ratio": 68.95,
        "latest_current_ratio": 125.47,
        "latest_account_receivable_turnover_ratio": 0.95,
        "latest_inventory_turnover_ratio": 0.44,
        "latest_reinvestment_rate": null,
        "latest_research_to_sale_ratio": 16.16
    },
    "eps_dividends": {
        "1992": {
            "cash": 0,
            "stock": 3,
            "eps": 0
        },
        "1994": {
            "cash": 0,
            "stock": 2,
            "eps": 0
        },
        "1995": {
            "cash": 0,
            "stock": 2,
            "eps": 0
        },
        "1996": {
            "cash": 0,
            "stock": 2,
            "eps": 0
        },
        "2000": {
            "cash": 2,
            "stock": 0,
            "eps": 0
        },
        "2001": {
            "cash": 0,
            "stock": 0,
            "eps": 2.02
        },
        "2002": {
            "cash": 1,
            "stock": 1,
            "eps": -1.54
        },
        "2003": {
            "cash": 0,
            "stock": 0,
            "eps": 0.11
        },
        "2004": {
            "cash": 0,
            "stock": 0,
            "eps": 0.81
        },
        "2005": {
            "cash": 0,
            "stock": 0,
            "eps": 0.2
        },
        "2006": {
            "cash": 0,
            "stock": 0,
            "eps": 1.02
        },
        "2007": {
            "cash": 0.65,
            "stock": 0,
            "eps": 1.09
        },
        "2008": {
            "cash": 0.75,
            "stock": 0,
            "eps": 0.84
        },
        "2009": {
            "cash": 0.43,
            "stock": 0.11,
            "eps": -0.15
        },
        "2010": {
            "cash": 0,
            "stock": 0,
            "eps": -0.39
        },
        "2011": {
            "cash": 0,
            "stock": 0,
            "eps": -4.3
        },
        "2012": {
            "cash": 0,
            "stock": 0,
            "eps": -2.5
        },
        "2013": {
            "cash": 0,
            "stock": 0,
            "eps": -2.45
        },
        "2014": {
            "cash": 0,
            "stock": 0,
            "eps": -1.42
        },
        "2015": {
            "cash": 0,
            "stock": 0,
            "eps": 0.1
        },
        "2016": {
            "cash": 0,
            "stock": 0,
            "eps": 0.68
        },
        "2017": {
            "cash": 0.12,
            "stock": 0,
            "eps": 0.74
        },
        "2018": {
            "cash": 0.2,
            "stock": 0,
            "eps": 0.23
        },
        "2019": {
            "cash": 0.2,
            "stock": 0,
            "eps": 0
        },
        "2020": {
            "cash": 0,
            "stock": 0,
            "eps": -0.41
        },
        "2021": {
            "cash": 0,
            "stock": 0,
            "eps": -1.97
        },
        "2022": {
            "cash": 0,
            "stock": 0,
            "eps": -2.06
        },
        "2023": {
            "cash": 0,
            "stock": 0,
            "eps": -0.75
        }
    },
    "dividends": {
        "1992-04-25": {
            "cash": 0,
            "stock": 3
        },
        "1994-02-19": {
            "cash": 0,
            "stock": 2
        },
        "1995-04-22": {
            "cash": 0,
            "stock": 2
        },
        "1996-04-25": {
            "cash": 0,
            "stock": 2
        },
        "2000-04-28": {
            "cash": 2,
            "stock": 0
        },
        "2002-04-23": {
            "cash": 1,
            "stock": 1
        },
        "2007-03-13": {
            "cash": 0.65,
            "stock": 0
        },
        "2008-03-26": {
            "cash": 0.75,
            "stock": 0
        },
        "2009-03-10": {
            "cash": 0.43,
            "stock": 0.11
        },
        "2017-08-10": {
            "cash": 0.12,
            "stock": 0
        },
        "2018-08-08": {
            "cash": 0.2,
            "stock": 0
        },
        "2019-08-14": {
            "cash": 0.2,
            "stock": 0
        }
    },
    "prices": {
        "200101": "61.49",
        "200102": "73.84",
        "200103": "64.45",
        "200104": "61.55",
        "200105": "46.93",
        "200106": "37.68",
        "200107": "35.14",
        "200108": "38.67",
        "200109": "30.64",
        "200110": "24.43",
        "200111": "27.21",
        "200112": "34.27",
        "200201": "36.39",
        "200202": "35.78",
        "200203": "31.80",
        "200204": "32.35",
        "200205": "25.14",
        "200206": "21.97",
        "200207": "22.38",
        "200208": "23.16",
        "200209": "22.42",
        "200210": "22.39",
        "200211": "21.62",
        "200212": "15.84",
        "200301": "15.48",
        "200302": "15.50",
        "200303": "14.35",
        "200304": "13.92",
        "200305": "9.98",
        "200306": "11.58",
        "200307": "12.67",
        "200308": "11.62",
        "200309": "11.70",
        "200310": "11.89",
        "200311": "12.68",
        "200312": "14.97",
        "200401": "14.71",
        "200402": "16.96",
        "200403": "20.37",
        "200404": "20.99",
        "200405": "15.83",
        "200406": "14.61",
        "200407": "12.89",
        "200408": "12.78",
        "200409": "14.20",
        "200410": "14.70",
        "200411": "13.34",
        "200412": "13.11",
        "200501": "12.42",
        "200502": "12.80",
        "200503": "14.29",
        "200504": "13.94",
        "200505": "11.93",
        "200506": "12.98",
        "200507": "13.36",
        "200508": "12.42",
        "200509": "11.01",
        "200510": "9.39",
        "200511": "8.96",
        "200512": "10.40",
        "200601": "10.76",
        "200602": "9.87",
        "200603": "9.67",
        "200604": "12.86",
        "200605": "14.23",
        "200606": "12.41",
        "200607": "12.53",
        "200608": "12.62",
        "200609": "12.50",
        "200610": "14.06",
        "200611": "14.82",
        "200612": "14.91",
        "200701": "14.71",
        "200702": "14.36",
        "200703": "14.71",
        "200704": "16.17",
        "200705": "16.49",
        "200706": "19.79",
        "200707": "23.26",
        "200708": "25.38",
        "200709": "24.80",
        "200710": "28.84",
        "200711": "24.25",
        "200712": "19.77",
        "200801": "17.21",
        "200802": "16.74",
        "200803": "18.34",
        "200804": "20.62",
        "200805": "19.95",
        "200806": "16.67",
        "200807": "15.18",
        "200808": "16.17",
        "200809": "13.70",
        "200810": "11.62",
        "200811": "9.85",
        "200812": "10.77",
        "200901": "11.87",
        "200902": "11.11",
        "200903": "11.77",
        "200904": "14.66",
        "200905": "16.46",
        "200906": "14.83",
        "200907": "14.82",
        "200908": "14.18",
        "200909": "14.85",
        "200910": "15.28",
        "200911": "14.75",
        "200912": "15.47",
        "201001": "17.79",
        "201002": "18.09",
        "201003": "20.64",
        "201004": "20.07",
        "201005": "17.50",
        "201006": "16.37",
        "201007": "17.75",
        "201008": "19.74",
        "201009": "19.08",
        "201010": "19.70",
        "201011": "18.18",
        "201012": "19.22",
        "201101": "18.36",
        "201102": "16.97",
        "201103": "15.63",
        "201104": "14.65",
        "201105": "14.67",
        "201106": "15.52",
        "201107": "13.34",
        "201108": "9.91",
        "201109": "7.13",
        "201110": "6.92",
        "201111": "6.17",
        "201112": "5.56",
        "201201": "9.74",
        "201202": "12.21",
        "201203": "11.89",
        "201204": "9.55",
        "201205": "9.57",
        "201206": "9.87",
        "201207": "10.69",
        "201208": "11.12",
        "201209": "11.40",
        "201210": "12.04",
        "201211": "11.33",
        "201212": "13.79",
        "201301": "13.83",
        "201302": "13.32",
        "201303": "19.12",
        "201304": "17.31",
        "201305": "18.02",
        "201306": "18.02",
        "201307": "19.44",
        "201308": "20.03",
        "201309": "20.03",
        "201310": "18.42",
        "201311": "17.89",
        "201312": "17.47",
        "201401": "19.29",
        "201402": "18.51",
        "201403": "18.13",
        "201404": "17.42",
        "201405": "16.80",
        "201406": "17.21",
        "201407": "18.78",
        "201408": "17.79",
        "201409": "16.90",
        "201410": "15.10",
        "201411": "13.95",
        "201412": "14.20",
        "201501": "14.64",
        "201502": "13.90",
        "201503": "13.52",
        "201504": "12.88",
        "201505": "12.50",
        "201506": "11.45",
        "201507": "9.42",
        "201508": "8.13",
        "201509": "7.56",
        "201510": "8.63",
        "201511": "8.84",
        "201512": "9.70",
        "201601": "12.23",
        "201602": "11.72",
        "201603": "11.14",
        "201604": "9.81",
        "201605": "9.64",
        "201606": "10.01",
        "201607": "10.68",
        "201608": "11.94",
        "201609": "15.39",
        "201610": "26.08",
        "201611": "23.86",
        "201612": "25.77",
        "201701": "24.88",
        "201702": "25.95",
        "201703": "31.31",
        "201704": "29.61",
        "201705": "33.12",
        "201706": "36.04",
        "201707": "35.12",
        "201708": "35.72",
        "201709": "37.45",
        "201710": "35.30",
        "201711": "34.50",
        "201712": "31.12",
        "201801": "31.74",
        "201802": "28.28",
        "201803": "27.75",
        "201804": "27.67",
        "201805": "25.78",
        "201806": "27.08",
        "201807": "25.78",
        "201808": "24.05",
        "201809": "21.17",
        "201810": "17.24",
        "201811": "18.60",
        "201812": "20.73",
        "201901": "20.08",
        "201902": "21.08",
        "201903": "23.82",
        "201904": "27.76",
        "201905": "23.74",
        "201906": "24.35",
        "201907": "25.53",
        "201908": "23.80",
        "201909": "24.24",
        "201910": "23.05",
        "201911": "23.02",
        "201912": "23.87",
        "202001": "23.74",
        "202002": "21.33",
        "202003": "16.88",
        "202004": "18.12",
        "202005": "21.36",
        "202006": "22.10",
        "202007": "22.71",
        "202008": "23.93",
        "202009": "23.58",
        "202010": "22.36",
        "202011": "24.50",
        "202012": "31.81",
        "202101": "33.17",
        "202102": "33.04",
        "202103": "34.61",
        "202104": "41.27",
        "202105": "33.94",
        "202106": "48.18",
        "202107": "57.05",
        "202108": "52.86",
        "202109": "66.30",
        "202110": "73.39",
        "202111": "82.88",
        "202112": "76.83",
        "202201": "69.48",
        "202202": "60.23",
        "202203": "59.78",
        "202204": "59.96",
        "202205": "56.54",
        "202206": "58.42",
        "202207": "44.54",
        "202208": "49.18",
        "202209": "45.72",
        "202210": "36.56",
        "202211": "37.90",
        "202212": "40.25",
        "202301": "39.21",
        "202302": "43.47",
        "202303": "43.79",
        "202304": "45.09",
        "202305": "47.19",
        "202306": "45.50",
        "202307": "44.49",
        "202308": "40.47",
        "202309": "38.22"
    },
    "quarters": {
        "20011": {
            "year_quarter": 20011,
            "year": 2001,
            "quarter": 1,
            "eps": 1.44,
            "eps_growth_year": -34.25,
            "eps_4q": 2.37,
            "eps_4q_growth_year": -52.12,
            "roe": 10.1,
            "roe_4q": 10.1,
            "gross_profit": 269072,
            "gross_margin": 20.6,
            "gross_margin_4q_avg": 20.6,
            "net_income": 451148,
            "revenue": 1306061,
            "common_shares": 3128631,
            "book_valuer_per_share": 14.99,
            "book_valuer_per_share_4q_avg": 14.99,
            "equity": 4690140,
            "current_ratio": 120.64,
            "debt_ratio": 41.43,
            "inventory_turnover_ratio": 0.59,
            "account_receivable_turnover_ratio": null,
            "reinvestment_rate": null,
            "research_to_sale_ratio": null,
            "price_fair": 0,
            "eps_avg_yearly": 0,
            "eps_latest_yearly": 0,
            "eps_growth_yearly": 0
        },
        "20012": {
            "year_quarter": 20012,
            "year": 2001,
            "quarter": 2,
            "eps": 0.21,
            "eps_growth_year": 320,
            "eps_4q": 2.11,
            "eps_4q_growth_year": -13.81,
            "roe": 1.69,
            "roe_4q": 11.79,
            "gross_profit": 182337,
            "gross_margin": 17.43,
            "gross_margin_4q_avg": 19.02,
            "net_income": 80663,
            "revenue": 1046085,
            "common_shares": 3830934,
            "book_valuer_per_share": 12.72,
            "book_valuer_per_share_4q_avg": 13.86,
            "equity": 4872765,
            "current_ratio": 162.49,
            "debt_ratio": 37.87,
            "inventory_turnover_ratio": 0.5,
            "account_receivable_turnover_ratio": null,
            "reinvestment_rate": null,
            "research_to_sale_ratio": null,
            "price_fair": 0,
            "eps_avg_yearly": 0,
            "eps_latest_yearly": 0,
            "eps_growth_yearly": 0
        },
        "20013": {
            "year_quarter": 20013,
            "year": 2001,
            "quarter": 3,
            "eps": 0.21,
            "eps_growth_year": 16.67,
            "eps_4q": 2.2,
            "eps_4q_growth_year": -4.92,
            "roe": 1.62,
            "roe_4q": 13.41,
            "gross_profit": 246048,
            "gross_margin": 17.65,
            "gross_margin_4q_avg": 18.56,
            "net_income": 79645,
            "revenue": 1393954,
            "common_shares": 3830934,
            "book_valuer_per_share": 12.93,
            "book_valuer_per_share_4q_avg": 13.55,
            "equity": 4953497,
            "current_ratio": 173.86,
            "debt_ratio": 36.6,
            "inventory_turnover_ratio": 0.76,
            "account_receivable_turnover_ratio": null,
            "reinvestment_rate": null,
            "research_to_sale_ratio": null,
            "price_fair": 0,
            "eps_avg_yearly": 0,
            "eps_latest_yearly": 0,
            "eps_growth_yearly": 0
        },
        "20014": {
            "year_quarter": 20014,
            "year": 2001,
            "quarter": 4,
            "eps": 0.16,
            "eps_growth_year": -77.46,
            "eps_4q": 1.73,
            "eps_4q_growth_year": -36.53,
            "roe": 1.3,
            "roe_4q": 14.709999999999999,
            "gross_profit": 157990,
            "gross_margin": 17.01,
            "gross_margin_4q_avg": 18.17,
            "net_income": 62271,
            "revenue": 928564,
            "common_shares": 3830934,
            "book_valuer_per_share": 12.14,
            "book_valuer_per_share_4q_avg": 13.2,
            "equity": 4652449,
            "current_ratio": 288.38,
            "debt_ratio": 35.51,
            "inventory_turnover_ratio": 0.58,
            "account_receivable_turnover_ratio": null,
            "reinvestment_rate": null,
            "research_to_sale_ratio": null,
            "price_fair": 0,
            "eps_avg_yearly": 0,
            "eps_latest_yearly": 0,
            "eps_growth_yearly": 0
        },
        "20021": {
            "year_quarter": 20021,
            "year": 2002,
            "quarter": 1,
            "eps": -0.98,
            "eps_growth_year": -168.06,
            "eps_4q": -0.4,
            "eps_4q_growth_year": -116.72,
            "roe": -8.13,
            "roe_4q": -3.520000000000001,
            "gross_profit": 94445,
            "gross_margin": 12.76,
            "gross_margin_4q_avg": 16.21,
            "net_income": -373887,
            "revenue": 739928,
            "common_shares": 3830934,
            "book_valuer_per_share": 11.88,
            "book_valuer_per_share_4q_avg": 12.42,
            "equity": 4550715,
            "current_ratio": 205.54,
            "debt_ratio": 33.98,
            "inventory_turnover_ratio": 0.55,
            "account_receivable_turnover_ratio": null,
            "reinvestment_rate": null,
            "research_to_sale_ratio": null,
            "price_fair": 0,
            "eps_avg_yearly": 0,
            "eps_latest_yearly": 0,
            "eps_growth_yearly": 0
        },
        "20022": {
            "year_quarter": 20022,
            "year": 2002,
            "quarter": 2,
            "eps": 0.01,
            "eps_growth_year": -95.24,
            "eps_4q": -0.54,
            "eps_4q_growth_year": -125.42,
            "roe": 0.08,
            "roe_4q": -5.130000000000001,
            "gross_profit": 177631,
            "gross_margin": 20.06,
            "gross_margin_4q_avg": 16.87,
            "net_income": 3693,
            "revenue": 885421,
            "common_shares": 4261626,
            "book_valuer_per_share": 10.45,
            "book_valuer_per_share_4q_avg": 11.85,
            "equity": 4452020,
            "current_ratio": 207.31,
            "debt_ratio": 34.49,
            "inventory_turnover_ratio": 0.67,
            "account_receivable_turnover_ratio": null,
            "reinvestment_rate": null,
            "research_to_sale_ratio": null,
            "price_fair": 0,
            "eps_avg_yearly": 0,
            "eps_latest_yearly": 0,
            "eps_growth_yearly": 0
        },
        "20023": {
            "year_quarter": 20023,
            "year": 2002,
            "quarter": 3,
            "eps": 0.04,
            "eps_growth_year": -80.95,
            "eps_4q": -0.67,
            "eps_4q_growth_year": -130.37,
            "roe": 0.39,
            "roe_4q": -6.360000000000001,
            "gross_profit": 174643,
            "gross_margin": 17.42,
            "gross_margin_4q_avg": 16.81,
            "net_income": 17422,
            "revenue": 1002567,
            "common_shares": 4261626,
            "book_valuer_per_share": 10.69,
            "book_valuer_per_share_4q_avg": 11.29,
            "equity": 4557177,
            "current_ratio": 252.28,
            "debt_ratio": 46.07,
            "inventory_turnover_ratio": 0.76,
            "account_receivable_turnover_ratio": null,
            "reinvestment_rate": null,
            "research_to_sale_ratio": null,
            "price_fair": 5.6,
            "eps_avg_yearly": 0.16,
            "eps_latest_yearly": 0.16,
            "eps_growth_yearly": 1200
        },
        "20024": {
            "year_quarter": 20024,
            "year": 2002,
            "quarter": 4,
            "eps": -0.61,
            "eps_growth_year": -481.25,
            "eps_4q": -1.43,
            "eps_4q_growth_year": -182.61,
            "roe": -5.88,
            "roe_4q": -13.540000000000001,
            "gross_profit": 202780,
            "gross_margin": 19.53,
            "gross_margin_4q_avg": 17.44,
            "net_income": -258687,
            "revenue": 1038070,
            "common_shares": 4261626,
            "book_valuer_per_share": 9.95,
            "book_valuer_per_share_4q_avg": 10.74,
            "equity": 4240325,
            "current_ratio": 304.02,
            "debt_ratio": 46.59,
            "inventory_turnover_ratio": 0.77,
            "account_receivable_turnover_ratio": null,
            "reinvestment_rate": 43.34,
            "research_to_sale_ratio": null,
            "price_fair": 5.6,
            "eps_avg_yearly": 0.16,
            "eps_latest_yearly": 0.16,
            "eps_growth_yearly": 1200
        },
        "20031": {
            "year_quarter": 20031,
            "year": 2003,
            "quarter": 1,
            "eps": -0.1,
            "eps_growth_year": null,
            "eps_4q": -0.68,
            "eps_4q_growth_year": null,
            "roe": -0.96,
            "roe_4q": -6.37,
            "gross_profit": 215841,
            "gross_margin": 22.61,
            "gross_margin_4q_avg": 19.91,
            "net_income": -41284,
            "revenue": 954771,
            "common_shares": 4261626,
            "book_valuer_per_share": 10.22,
            "book_valuer_per_share_4q_avg": 10.33,
            "equity": 4356918,
            "current_ratio": 255.29,
            "debt_ratio": 45.09,
            "inventory_turnover_ratio": 0.75,
            "account_receivable_turnover_ratio": null,
            "reinvestment_rate": 41.01,
            "research_to_sale_ratio": null,
            "price_fair": 5.6,
            "eps_avg_yearly": 0.16,
            "eps_latest_yearly": 0.16,
            "eps_growth_yearly": 1200
        },
        "20032": {
            "year_quarter": 20032,
            "year": 2003,
            "quarter": 2,
            "eps": -0.02,
            "eps_growth_year": -300,
            "eps_4q": -0.69,
            "eps_4q_growth_year": null,
            "roe": -0.23,
            "roe_4q": -6.680000000000001,
            "gross_profit": 173788,
            "gross_margin": 22.15,
            "gross_margin_4q_avg": 20.43,
            "net_income": -10079,
            "revenue": 784657,
            "common_shares": 4261626,
            "book_valuer_per_share": 10.2,
            "book_valuer_per_share_4q_avg": 10.27,
            "equity": 4347060,
            "current_ratio": 262.78,
            "debt_ratio": 43.34,
            "inventory_turnover_ratio": 0.68,
            "account_receivable_turnover_ratio": null,
            "reinvestment_rate": 57.64,
            "research_to_sale_ratio": null,
            "price_fair": 5.6,
            "eps_avg_yearly": 0.16,
            "eps_latest_yearly": 0.16,
            "eps_growth_yearly": 1200
        },
        "20033": {
            "year_quarter": 20033,
            "year": 2003,
            "quarter": 3,
            "eps": 0.03,
            "eps_growth_year": -25,
            "eps_4q": -0.72,
            "eps_4q_growth_year": null,
            "roe": 0.29,
            "roe_4q": -6.78,
            "gross_profit": 167408,
            "gross_margin": 21.55,
            "gross_margin_4q_avg": 21.46,
            "net_income": 12371,
            "revenue": 776984,
            "common_shares": 4261626,
            "book_valuer_per_share": 10.12,
            "book_valuer_per_share_4q_avg": 10.12,
            "equity": 4310979,
            "current_ratio": 250.92,
            "debt_ratio": 44.33,
            "inventory_turnover_ratio": 0.76,
            "account_receivable_turnover_ratio": null,
            "reinvestment_rate": 54.73,
            "research_to_sale_ratio": null,
            "price_fair": 5.6,
            "eps_avg_yearly": 0.16,
            "eps_latest_yearly": 0.16,
            "eps_growth_yearly": 1200
        },
        "20034": {
            "year_quarter": 20034,
            "year": 2003,
            "quarter": 4,
            "eps": 0.2,
            "eps_growth_year": null,
            "eps_4q": 0.11,
            "eps_4q_growth_year": null,
            "roe": 1.95,
            "roe_4q": 1.0499999999999998,
            "gross_profit": 220510,
            "gross_margin": 20.88,
            "gross_margin_4q_avg": 21.8,
            "net_income": 85102,
            "revenue": 1056249,
            "common_shares": 4261626,
            "book_valuer_per_share": 10.35,
            "book_valuer_per_share_4q_avg": 10.22,
            "equity": 4409275,
            "current_ratio": 255.55,
            "debt_ratio": 46.9,
            "inventory_turnover_ratio": 1.04,
            "account_receivable_turnover_ratio": null,
            "reinvestment_rate": 64.36,
            "research_to_sale_ratio": null,
            "price_fair": 16.8,
            "eps_avg_yearly": 0.48,
            "eps_latest_yearly": 0.8,
            "eps_growth_yearly": 1733.33
        },
        "20041": {
            "year_quarter": 20041,
            "year": 2004,
            "quarter": 1,
            "eps": 0.19,
            "eps_growth_year": null,
            "eps_4q": 0.4,
            "eps_4q_growth_year": null,
            "roe": 1.8,
            "roe_4q": 3.81,
            "gross_profit": 191025,
            "gross_margin": 19.02,
            "gross_margin_4q_avg": 20.9,
            "net_income": 80010,
            "revenue": 1004194,
            "common_shares": 4291480,
            "book_valuer_per_share": 10.48,
            "book_valuer_per_share_4q_avg": 10.29,
            "equity": 4495765,
            "current_ratio": 230.1,
            "debt_ratio": 44.76,
            "inventory_turnover_ratio": 0.87,
            "account_receivable_turnover_ratio": null,
            "reinvestment_rate": 89.44,
            "research_to_sale_ratio": null,
            "price_fair": 20.07,
            "eps_avg_yearly": 0.57,
            "eps_latest_yearly": 0.76,
            "eps_growth_yearly": 1148.89
        },
        "20042": {
            "year_quarter": 20042,
            "year": 2004,
            "quarter": 2,
            "eps": 0.24,
            "eps_growth_year": null,
            "eps_4q": 0.66,
            "eps_4q_growth_year": null,
            "roe": 2.23,
            "roe_4q": 6.2700000000000005,
            "gross_profit": 225225,
            "gross_margin": 20.76,
            "gross_margin_4q_avg": 20.55,
            "net_income": 101698,
            "revenue": 1084684,
            "common_shares": 4291480,
            "book_valuer_per_share": 10.82,
            "book_valuer_per_share_4q_avg": 10.44,
            "equity": 4642560,
            "current_ratio": 246.57,
            "debt_ratio": 43.38,
            "inventory_turnover_ratio": 0.81,
            "account_receivable_turnover_ratio": null,
            "reinvestment_rate": 61.78,
            "research_to_sale_ratio": null,
            "price_fair": 23.45,
            "eps_avg_yearly": 0.67,
            "eps_latest_yearly": 0.96,
            "eps_growth_yearly": 887.98
        },
        "20043": {
            "year_quarter": 20043,
            "year": 2004,
            "quarter": 3,
            "eps": 0.17,
            "eps_growth_year": 466.67,
            "eps_4q": 0.78,
            "eps_4q_growth_year": null,
            "roe": 1.58,
            "roe_4q": 7.5600000000000005,
            "gross_profit": 215018,
            "gross_margin": 18.97,
            "gross_margin_4q_avg": 19.91,
            "net_income": 73991,
            "revenue": 1133246,
            "common_shares": 4291480,
            "book_valuer_per_share": 11.02,
            "book_valuer_per_share_4q_avg": 10.67,
            "equity": 4729526,
            "current_ratio": 163.38,
            "debt_ratio": 40.66,
            "inventory_turnover_ratio": 0.87,
            "account_receivable_turnover_ratio": null,
            "reinvestment_rate": 11.76,
            "research_to_sale_ratio": null,
            "price_fair": 23.52,
            "eps_avg_yearly": 0.67,
            "eps_latest_yearly": 0.68,
            "eps_growth_yearly": 687.05
        },
        "20044": {
            "year_quarter": 20044,
            "year": 2004,
            "quarter": 4,
            "eps": 0.21,
            "eps_growth_year": 5,
            "eps_4q": 0.81,
            "eps_4q_growth_year": 651.23,
            "roe": 1.89,
            "roe_4q": 7.499999999999999,
            "gross_profit": 178379,
            "gross_margin": 14.82,
            "gross_margin_4q_avg": 18.39,
            "net_income": 88892,
            "revenue": 1203367,
            "common_shares": 4291480,
            "book_valuer_per_share": 10.94,
            "book_valuer_per_share_4q_avg": 10.82,
            "equity": 4694994,
            "current_ratio": 186.08,
            "debt_ratio": 43.75,
            "inventory_turnover_ratio": 0.95,
            "account_receivable_turnover_ratio": null,
            "reinvestment_rate": 33.27,
            "research_to_sale_ratio": null,
            "price_fair": 24.5,
            "eps_avg_yearly": 0.7,
            "eps_latest_yearly": 0.84,
            "eps_growth_yearly": 588.23
        },
        "20051": {
            "year_quarter": 20051,
            "year": 2005,
            "quarter": 1,
            "eps": 0.01,
            "eps_growth_year": -94.74,
            "eps_4q": 1.5,
            "eps_4q_growth_year": 277.69,
            "roe": 0.04,
            "roe_4q": 5.74,
            "gross_profit": 152584,
            "gross_margin": 15.01,
            "gross_margin_4q_avg": 17.39,
            "net_income": 1774,
            "revenue": 1016647,
            "common_shares": 4291480,
            "book_valuer_per_share": 10.9,
            "book_valuer_per_share_4q_avg": 10.92,
            "equity": 4676405,
            "current_ratio": 166.44,
            "debt_ratio": 40.33,
            "inventory_turnover_ratio": 0.74,
            "account_receivable_turnover_ratio": null,
            "reinvestment_rate": -6217.3,
            "research_to_sale_ratio": null,
            "price_fair": 21.2,
            "eps_avg_yearly": 0.61,
            "eps_latest_yearly": 0.04,
            "eps_growth_yearly": 449.78
        },
        "20052": {
            "year_quarter": 20052,
            "year": 2005,
            "quarter": 2,
            "eps": -0.01,
            "eps_growth_year": -104.17,
            "eps_4q": 0.38,
            "eps_4q_growth_year": -42.76,
            "roe": -0.06,
            "roe_4q": 3.45,
            "gross_profit": 163386,
            "gross_margin": 14.85,
            "gross_margin_4q_avg": 15.91,
            "net_income": -2814,
            "revenue": 1100151,
            "common_shares": 4291480,
            "book_valuer_per_share": 10.85,
            "book_valuer_per_share_4q_avg": 10.93,
            "equity": 4655410,
            "current_ratio": 166.95,
            "debt_ratio": 41.15,
            "inventory_turnover_ratio": 0.79,
            "account_receivable_turnover_ratio": null,
            "reinvestment_rate": null,
            "research_to_sale_ratio": null,
            "price_fair": 21.2,
            "eps_avg_yearly": 0.61,
            "eps_latest_yearly": 0.04,
            "eps_growth_yearly": 449.78
        },
        "20053": {
            "year_quarter": 20053,
            "year": 2005,
            "quarter": 3,
            "eps": 0.07,
            "eps_growth_year": -58.82,
            "eps_4q": 0.26,
            "eps_4q_growth_year": -66.42,
            "roe": 0.68,
            "roe_4q": 2.55,
            "gross_profit": 204037,
            "gross_margin": 15.65,
            "gross_margin_4q_avg": 15.08,
            "net_income": 31870,
            "revenue": 1303769,
            "common_shares": 4291480,
            "book_valuer_per_share": 11.11,
            "book_valuer_per_share_4q_avg": 10.95,
            "equity": 4765961,
            "current_ratio": 204.88,
            "debt_ratio": 32.28,
            "inventory_turnover_ratio": 1.02,
            "account_receivable_turnover_ratio": null,
            "reinvestment_rate": null,
            "research_to_sale_ratio": null,
            "price_fair": 21.2,
            "eps_avg_yearly": 0.61,
            "eps_latest_yearly": 0.04,
            "eps_growth_yearly": 449.78
        },
        "20054": {
            "year_quarter": 20054,
            "year": 2005,
            "quarter": 4,
            "eps": 0.13,
            "eps_growth_year": -38.1,
            "eps_4q": 0.2,
            "eps_4q_growth_year": -75.5,
            "roe": 1.22,
            "roe_4q": 1.88,
            "gross_profit": 235516,
            "gross_margin": 18.84,
            "gross_margin_4q_avg": 16.09,
            "net_income": 57709,
            "revenue": 1250304,
            "common_shares": 4291480,
            "book_valuer_per_share": 10.98,
            "book_valuer_per_share_4q_avg": 10.96,
            "equity": 4731120,
            "current_ratio": 254.18,
            "debt_ratio": 34.32,
            "inventory_turnover_ratio": 1.11,
            "account_receivable_turnover_ratio": null,
            "reinvestment_rate": null,
            "research_to_sale_ratio": null,
            "price_fair": 20.83,
            "eps_avg_yearly": 0.6,
            "eps_latest_yearly": 0.52,
            "eps_growth_yearly": 436.41
        },
        "20061": {
            "year_quarter": 20061,
            "year": 2006,
            "quarter": 1,
            "eps": 0.2,
            "eps_growth_year": 1900,
            "eps_4q": 0.41,
            "eps_4q_growth_year": -72.55,
            "roe": 1.72,
            "roe_4q": 3.56,
            "gross_profit": 260155,
            "gross_margin": 19.49,
            "gross_margin_4q_avg": 17.21,
            "net_income": 81789,
            "revenue": 1334648,
            "common_shares": 4291480,
            "book_valuer_per_share": 11.17,
            "book_valuer_per_share_4q_avg": 11.03,
            "equity": 4792211,
            "current_ratio": 220.09,
            "debt_ratio": 33.17,
            "inventory_turnover_ratio": 1.26,
            "account_receivable_turnover_ratio": null,
            "reinvestment_rate": -123.22,
            "research_to_sale_ratio": null,
            "price_fair": 21.62,
            "eps_avg_yearly": 0.62,
            "eps_latest_yearly": 0.8,
            "eps_growth_yearly": 411.85
        },
        "20062": {
            "year_quarter": 20062,
            "year": 2006,
            "quarter": 2,
            "eps": 0.34,
            "eps_growth_year": null,
            "eps_4q": 0.75,
            "eps_4q_growth_year": 99.66,
            "roe": 2.9,
            "roe_4q": 6.52,
            "gross_profit": 347001,
            "gross_margin": 22.74,
            "gross_margin_4q_avg": 19.18,
            "net_income": 141092,
            "revenue": 1525874,
            "common_shares": 4291480,
            "book_valuer_per_share": 11.52,
            "book_valuer_per_share_4q_avg": 11.2,
            "equity": 4943065,
            "current_ratio": 223.87,
            "debt_ratio": 33.95,
            "inventory_turnover_ratio": 1.41,
            "account_receivable_turnover_ratio": null,
            "reinvestment_rate": -83.54,
            "research_to_sale_ratio": null,
            "price_fair": 24.22,
            "eps_avg_yearly": 0.69,
            "eps_latest_yearly": 1.36,
            "eps_growth_yearly": 398.67
        },
        "20063": {
            "year_quarter": 20063,
            "year": 2006,
            "quarter": 3,
            "eps": 0.2,
            "eps_growth_year": 185.71,
            "eps_4q": 0.88,
            "eps_4q_growth_year": 233.67,
            "roe": 1.65,
            "roe_4q": 7.489999999999999,
            "gross_profit": 254221,
            "gross_margin": 19.35,
            "gross_margin_4q_avg": 20.11,
            "net_income": 82840,
            "revenue": 1314016,
            "common_shares": 4291480,
            "book_valuer_per_share": 11.82,
            "book_valuer_per_share_4q_avg": 11.37,
            "equity": 5074342,
            "current_ratio": 260.55,
            "debt_ratio": 32.97,
            "inventory_turnover_ratio": 1.18,
            "account_receivable_turnover_ratio": null,
            "reinvestment_rate": -93.31,
            "research_to_sale_ratio": null,
            "price_fair": 26.46,
            "eps_avg_yearly": 0.76,
            "eps_latest_yearly": 0.8,
            "eps_growth_yearly": 262.2
        },
        "20064": {
            "year_quarter": 20064,
            "year": 2006,
            "quarter": 4,
            "eps": 0.28,
            "eps_growth_year": 115.38,
            "eps_4q": 1.01,
            "eps_4q_growth_year": 404.5,
            "roe": 2.3,
            "roe_4q": 8.57,
            "gross_profit": 271230,
            "gross_margin": 18.19,
            "gross_margin_4q_avg": 19.94,
            "net_income": 117871,
            "revenue": 1491211,
            "common_shares": 4291480,
            "book_valuer_per_share": 12.07,
            "book_valuer_per_share_4q_avg": 11.65,
            "equity": 5195647,
            "current_ratio": 257.16,
            "debt_ratio": 37.47,
            "inventory_turnover_ratio": 1.04,
            "account_receivable_turnover_ratio": null,
            "reinvestment_rate": -30.19,
            "research_to_sale_ratio": null,
            "price_fair": 27.62,
            "eps_avg_yearly": 0.79,
            "eps_latest_yearly": 1.12,
            "eps_growth_yearly": 252.91
        },
        "20071": {
            "year_quarter": 20071,
            "year": 2007,
            "quarter": 1,
            "eps": 0.17,
            "eps_growth_year": -15,
            "eps_4q": 1,
            "eps_4q_growth_year": 143.54,
            "roe": 1.33,
            "roe_4q": 8.18,
            "gross_profit": 217528,
            "gross_margin": 15.32,
            "gross_margin_4q_avg": 18.9,
            "net_income": 69688,
            "revenue": 1419683,
            "common_shares": 4291480,
            "book_valuer_per_share": 12.25,
            "book_valuer_per_share_4q_avg": 11.92,
            "equity": 5257316,
            "current_ratio": 294.73,
            "debt_ratio": 28.99,
            "inventory_turnover_ratio": 1.02,
            "account_receivable_turnover_ratio": null,
            "reinvestment_rate": -55.23,
            "research_to_sale_ratio": null,
            "price_fair": 27.3,
            "eps_avg_yearly": 0.78,
            "eps_latest_yearly": 0.68,
            "eps_growth_yearly": 218.74
        },
        "20072": {
            "year_quarter": 20072,
            "year": 2007,
            "quarter": 2,
            "eps": 0.26,
            "eps_growth_year": -23.53,
            "eps_4q": 0.91,
            "eps_4q_growth_year": 21.01,
            "roe": 2.1,
            "roe_4q": 7.380000000000001,
            "gross_profit": 277569,
            "gross_margin": 17.43,
            "gross_margin_4q_avg": 17.57,
            "net_income": 107965,
            "revenue": 1592273,
            "common_shares": 4298360,
            "book_valuer_per_share": 11.7,
            "book_valuer_per_share_4q_avg": 11.96,
            "equity": 5030924,
            "current_ratio": 221.54,
            "debt_ratio": 34.91,
            "inventory_turnover_ratio": 1.41,
            "account_receivable_turnover_ratio": null,
            "reinvestment_rate": -46.9,
            "research_to_sale_ratio": null,
            "price_fair": 28,
            "eps_avg_yearly": 0.8,
            "eps_latest_yearly": 1.04,
            "eps_growth_yearly": 218.2
        },
        "20073": {
            "year_quarter": 20073,
            "year": 2007,
            "quarter": 3,
            "eps": 0.33,
            "eps_growth_year": 65,
            "eps_4q": 1.04,
            "eps_4q_growth_year": 18.24,
            "roe": 2.68,
            "roe_4q": 8.41,
            "gross_profit": 282072,
            "gross_margin": 14.77,
            "gross_margin_4q_avg": 16.43,
            "net_income": 137845,
            "revenue": 1909298,
            "common_shares": 4355050,
            "book_valuer_per_share": 12.06,
            "book_valuer_per_share_4q_avg": 12.02,
            "equity": 5252100,
            "current_ratio": 226.81,
            "debt_ratio": 34.36,
            "inventory_turnover_ratio": 1.68,
            "account_receivable_turnover_ratio": null,
            "reinvestment_rate": -41.2,
            "research_to_sale_ratio": null,
            "price_fair": 29.3,
            "eps_avg_yearly": 0.84,
            "eps_latest_yearly": 1.32,
            "eps_growth_yearly": 210.31
        },
        "20074": {
            "year_quarter": 20074,
            "year": 2007,
            "quarter": 4,
            "eps": 0.33,
            "eps_growth_year": 17.86,
            "eps_4q": 1.08,
            "eps_4q_growth_year": 7.53,
            "roe": 2.57,
            "roe_4q": 8.68,
            "gross_profit": 320585,
            "gross_margin": 17.06,
            "gross_margin_4q_avg": 16.15,
            "net_income": 138451,
            "revenue": 1879384,
            "common_shares": 4363290,
            "book_valuer_per_share": 12.51,
            "book_valuer_per_share_4q_avg": 12.13,
            "equity": 5505179,
            "current_ratio": 242.9,
            "debt_ratio": 38.09,
            "inventory_turnover_ratio": 1.34,
            "account_receivable_turnover_ratio": null,
            "reinvestment_rate": -15.62,
            "research_to_sale_ratio": null,
            "price_fair": 30.6,
            "eps_avg_yearly": 0.87,
            "eps_latest_yearly": 1.32,
            "eps_growth_yearly": 48.4
        },
        "20081": {
            "year_quarter": 20081,
            "year": 2008,
            "quarter": 1,
            "eps": 0.2,
            "eps_growth_year": 17.65,
            "eps_4q": 1.08,
            "eps_4q_growth_year": 7.84,
            "roe": 1.62,
            "roe_4q": 8.969999999999999,
            "gross_profit": 360118,
            "gross_margin": 18.77,
            "gross_margin_4q_avg": 17.01,
            "net_income": 86575,
            "revenue": 1918628,
            "common_shares": 4194140,
            "book_valuer_per_share": 12.28,
            "book_valuer_per_share_4q_avg": 12.14,
            "equity": 5198123,
            "current_ratio": 228.83,
            "debt_ratio": 41.62,
            "inventory_turnover_ratio": 1.15,
            "account_receivable_turnover_ratio": null,
            "reinvestment_rate": -6.31,
            "research_to_sale_ratio": null,
            "price_fair": 30.7,
            "eps_avg_yearly": 0.88,
            "eps_latest_yearly": 0.8,
            "eps_growth_yearly": 38.57
        },
        "20082": {
            "year_quarter": 20082,
            "year": 2008,
            "quarter": 2,
            "eps": 0.1,
            "eps_growth_year": -61.54,
            "eps_4q": 0.94,
            "eps_4q_growth_year": 2.91,
            "roe": 0.85,
            "roe_4q": 7.720000000000001,
            "gross_profit": 314308,
            "gross_margin": 18.26,
            "gross_margin_4q_avg": 17.22,
            "net_income": 42955,
            "revenue": 1721718,
            "common_shares": 4208620,
            "book_valuer_per_share": 11.51,
            "book_valuer_per_share_4q_avg": 12.09,
            "equity": 4893320,
            "current_ratio": 207.15,
            "debt_ratio": 43.82,
            "inventory_turnover_ratio": 0.96,
            "account_receivable_turnover_ratio": null,
            "reinvestment_rate": -4.64,
            "research_to_sale_ratio": null,
            "price_fair": 22.41,
            "eps_avg_yearly": 0.84,
            "eps_latest_yearly": 0.4,
            "eps_growth_yearly": 16.77
        },
        "20083": {
            "year_quarter": 20083,
            "year": 2008,
            "quarter": 3,
            "eps": 0.24,
            "eps_growth_year": -27.27,
            "eps_4q": 0.87,
            "eps_4q_growth_year": -16.51,
            "roe": 2.06,
            "roe_4q": 7.1,
            "gross_profit": 390136,
            "gross_margin": 17.95,
            "gross_margin_4q_avg": 18.01,
            "net_income": 101409,
            "revenue": 2173391,
            "common_shares": 4214590,
            "book_valuer_per_share": 11.66,
            "book_valuer_per_share_4q_avg": 11.99,
            "equity": 4969357,
            "current_ratio": 206.81,
            "debt_ratio": 43.53,
            "inventory_turnover_ratio": 1.22,
            "account_receivable_turnover_ratio": null,
            "reinvestment_rate": 2.1,
            "research_to_sale_ratio": null,
            "price_fair": 30,
            "eps_avg_yearly": 0.86,
            "eps_latest_yearly": 0.96,
            "eps_growth_yearly": 65.1
        },
        "20084": {
            "year_quarter": 20084,
            "year": 2008,
            "quarter": 4,
            "eps": 0.3,
            "eps_growth_year": -9.09,
            "eps_4q": 0.76,
            "eps_4q_growth_year": -29.51,
            "roe": 2.75,
            "roe_4q": 7.28,
            "gross_profit": 442673,
            "gross_margin": 20.02,
            "gross_margin_4q_avg": 18.75,
            "net_income": 139331,
            "revenue": 2210725,
            "common_shares": 4084750,
            "book_valuer_per_share": 12.46,
            "book_valuer_per_share_4q_avg": 11.98,
            "equity": 5154897,
            "current_ratio": 209.6,
            "debt_ratio": 42.18,
            "inventory_turnover_ratio": 1.35,
            "account_receivable_turnover_ratio": 2.24,
            "reinvestment_rate": -14.82,
            "research_to_sale_ratio": null,
            "price_fair": 30.9,
            "eps_avg_yearly": 0.88,
            "eps_latest_yearly": 1.2,
            "eps_growth_yearly": 65.52
        },
        "20091": {
            "year_quarter": 20091,
            "year": 2009,
            "quarter": 1,
            "eps": 0.02,
            "eps_growth_year": -90,
            "eps_4q": 0.6,
            "eps_4q_growth_year": -45.01,
            "roe": 0.18,
            "roe_4q": 5.84,
            "gross_profit": 223366,
            "gross_margin": 15.94,
            "gross_margin_4q_avg": 18.04,
            "net_income": 9362,
            "revenue": 1401399,
            "common_shares": 4084750,
            "book_valuer_per_share": 12.65,
            "book_valuer_per_share_4q_avg": 12.07,
            "equity": 5234045,
            "current_ratio": 239.68,
            "debt_ratio": 37.58,
            "inventory_turnover_ratio": 0.99,
            "account_receivable_turnover_ratio": 0.88,
            "reinvestment_rate": 5.97,
            "research_to_sale_ratio": null,
            "price_fair": 31,
            "eps_avg_yearly": 0.89,
            "eps_latest_yearly": 0.08,
            "eps_growth_yearly": 66.07
        },
        "20092": {
            "year_quarter": 20092,
            "year": 2009,
            "quarter": 2,
            "eps": -0.07,
            "eps_growth_year": -170,
            "eps_4q": 0.51,
            "eps_4q_growth_year": -45.84,
            "roe": -0.46,
            "roe_4q": 4.529999999999999,
            "gross_profit": 241466,
            "gross_margin": 16.07,
            "gross_margin_4q_avg": 17.5,
            "net_income": -23255,
            "revenue": 1503045,
            "common_shares": 4084750,
            "book_valuer_per_share": 11.97,
            "book_valuer_per_share_4q_avg": 12.19,
            "equity": 4945131,
            "current_ratio": 210.64,
            "debt_ratio": 40.79,
            "inventory_turnover_ratio": 1.09,
            "account_receivable_turnover_ratio": 1.08,
            "reinvestment_rate": 4.5,
            "research_to_sale_ratio": null,
            "price_fair": 31,
            "eps_avg_yearly": 0.89,
            "eps_latest_yearly": 0.08,
            "eps_growth_yearly": 66.07
        },
        "20093": {
            "year_quarter": 20093,
            "year": 2009,
            "quarter": 3,
            "eps": -0.17,
            "eps_growth_year": -170.83,
            "eps_4q": 0.09,
            "eps_4q_growth_year": -89.76,
            "roe": -1.36,
            "roe_4q": 1.1099999999999999,
            "gross_profit": 264972,
            "gross_margin": 17,
            "gross_margin_4q_avg": 17.26,
            "net_income": -66236,
            "revenue": 1558220,
            "common_shares": 4129682,
            "book_valuer_per_share": 11.57,
            "book_valuer_per_share_4q_avg": 12.16,
            "equity": 4823607,
            "current_ratio": 221.57,
            "debt_ratio": 38.86,
            "inventory_turnover_ratio": 1.2,
            "account_receivable_turnover_ratio": 1.04,
            "reinvestment_rate": 2.19,
            "research_to_sale_ratio": null,
            "price_fair": 31,
            "eps_avg_yearly": 0.89,
            "eps_latest_yearly": 0.08,
            "eps_growth_yearly": 66.07
        },
        "20094": {
            "year_quarter": 20094,
            "year": 2009,
            "quarter": 4,
            "eps": 0.07,
            "eps_growth_year": -76.67,
            "eps_4q": -0.15,
            "eps_4q_growth_year": -119.03,
            "roe": 0.62,
            "roe_4q": -1.0200000000000002,
            "gross_profit": 367966,
            "gross_margin": 19.21,
            "gross_margin_4q_avg": 17.06,
            "net_income": 29831,
            "revenue": 1915388,
            "common_shares": 4129682,
            "book_valuer_per_share": 11.61,
            "book_valuer_per_share_4q_avg": 11.95,
            "equity": 4832894,
            "current_ratio": 201.16,
            "debt_ratio": 42.08,
            "inventory_turnover_ratio": 1.44,
            "account_receivable_turnover_ratio": 1.9,
            "reinvestment_rate": 253.41,
            "research_to_sale_ratio": null,
            "price_fair": 31.98,
            "eps_avg_yearly": 0.91,
            "eps_latest_yearly": 0.08,
            "eps_growth_yearly": 44.78
        },
        "20101": {
            "year_quarter": 20101,
            "year": 2010,
            "quarter": 1,
            "eps": 0.02,
            "eps_growth_year": 0,
            "eps_4q": -0.15,
            "eps_4q_growth_year": -124.51,
            "roe": 0.15,
            "roe_4q": -1.05,
            "gross_profit": 317399,
            "gross_margin": 17.48,
            "gross_margin_4q_avg": 17.44,
            "net_income": 7391,
            "revenue": 1815960,
            "common_shares": 4129682,
            "book_valuer_per_share": 11.6,
            "book_valuer_per_share_4q_avg": 11.69,
            "equity": 4825778,
            "current_ratio": 183.69,
            "debt_ratio": 45.97,
            "inventory_turnover_ratio": 1.09,
            "account_receivable_turnover_ratio": 0.78,
            "reinvestment_rate": 299.5,
            "research_to_sale_ratio": 8.72,
            "price_fair": 13.93,
            "eps_avg_yearly": 0.86,
            "eps_latest_yearly": 0.08,
            "eps_growth_yearly": 6.23
        },
        "20102": {
            "year_quarter": 20102,
            "year": 2010,
            "quarter": 2,
            "eps": 0.02,
            "eps_growth_year": null,
            "eps_4q": -0.05,
            "eps_4q_growth_year": -110.48,
            "roe": 0.26,
            "roe_4q": -0.33000000000000007,
            "gross_profit": 371782,
            "gross_margin": 17.99,
            "gross_margin_4q_avg": 17.92,
            "net_income": 12611,
            "revenue": 2066209,
            "common_shares": 4129682,
            "book_valuer_per_share": 11.69,
            "book_valuer_per_share_4q_avg": 11.62,
            "equity": 4864462,
            "current_ratio": 174.95,
            "debt_ratio": 49.08,
            "inventory_turnover_ratio": 0.93,
            "account_receivable_turnover_ratio": 0.72,
            "reinvestment_rate": 345.77,
            "research_to_sale_ratio": 8.93,
            "price_fair": 2.28,
            "eps_avg_yearly": 0.76,
            "eps_latest_yearly": 0.08,
            "eps_growth_yearly": -15.31
        },
        "20103": {
            "year_quarter": 20103,
            "year": 2010,
            "quarter": 3,
            "eps": 0.04,
            "eps_growth_year": null,
            "eps_4q": 0.16,
            "eps_4q_growth_year": 76.08,
            "roe": 0.35,
            "roe_4q": 1.38,
            "gross_profit": 394632,
            "gross_margin": 18.58,
            "gross_margin_4q_avg": 18.32,
            "net_income": 16922,
            "revenue": 2123584,
            "common_shares": 4129682,
            "book_valuer_per_share": 11.62,
            "book_valuer_per_share_4q_avg": 11.63,
            "equity": 4834807,
            "current_ratio": 204.96,
            "debt_ratio": 47.54,
            "inventory_turnover_ratio": 0.88,
            "account_receivable_turnover_ratio": 0.73,
            "reinvestment_rate": 364.08,
            "research_to_sale_ratio": 9.7,
            "price_fair": 24.88,
            "eps_avg_yearly": 0.71,
            "eps_latest_yearly": 0.16,
            "eps_growth_yearly": 28.13
        },
        "20104": {
            "year_quarter": 20104,
            "year": 2010,
            "quarter": 4,
            "eps": -0.47,
            "eps_growth_year": -765.2,
            "eps_4q": -0.38,
            "eps_4q_growth_year": null,
            "roe": -4.14,
            "roe_4q": -3.3799999999999994,
            "gross_profit": 234900,
            "gross_margin": 11.15,
            "gross_margin_4q_avg": 16.3,
            "net_income": -193188,
            "revenue": 2106318,
            "common_shares": 4129682,
            "book_valuer_per_share": 10.81,
            "book_valuer_per_share_4q_avg": 11.43,
            "equity": 4505277,
            "current_ratio": 188.52,
            "debt_ratio": 46.52,
            "inventory_turnover_ratio": 1.03,
            "account_receivable_turnover_ratio": 0.88,
            "reinvestment_rate": 450.95,
            "research_to_sale_ratio": 12.21,
            "price_fair": 18.37,
            "eps_avg_yearly": 0.68,
            "eps_latest_yearly": 0.16,
            "eps_growth_yearly": 17.14
        },
        "20111": {
            "year_quarter": 20111,
            "year": 2011,
            "quarter": 1,
            "eps": -0.61,
            "eps_growth_year": -3150,
            "eps_4q": -1.01,
            "eps_4q_growth_year": null,
            "roe": -5.74,
            "roe_4q": -9.27,
            "gross_profit": 213737,
            "gross_margin": 11.4,
            "gross_margin_4q_avg": 14.78,
            "net_income": -250928,
            "revenue": 1875348,
            "common_shares": 4130372,
            "book_valuer_per_share": 10.24,
            "book_valuer_per_share_4q_avg": 11.09,
            "equity": 4235761,
            "current_ratio": 177.62,
            "debt_ratio": 49.62,
            "inventory_turnover_ratio": 0.96,
            "account_receivable_turnover_ratio": 1,
            "reinvestment_rate": 954.02,
            "research_to_sale_ratio": 15.94,
            "price_fair": 23.67,
            "eps_avg_yearly": 0.68,
            "eps_latest_yearly": 0.16,
            "eps_growth_yearly": 32.98
        },
        "20112": {
            "year_quarter": 20112,
            "year": 2011,
            "quarter": 2,
            "eps": -1.89,
            "eps_growth_year": -8591.85,
            "eps_4q": -2.92,
            "eps_4q_growth_year": null,
            "roe": -20.41,
            "roe_4q": -29.939999999999998,
            "gross_profit": 4826,
            "gross_margin": 0.29,
            "gross_margin_4q_avg": 10.36,
            "net_income": -781658,
            "revenue": 1657726,
            "common_shares": 4130372,
            "book_valuer_per_share": 8.27,
            "book_valuer_per_share_4q_avg": 10.24,
            "equity": 3422081,
            "current_ratio": 146.9,
            "debt_ratio": 59.84,
            "inventory_turnover_ratio": 0.87,
            "account_receivable_turnover_ratio": 1.01,
            "reinvestment_rate": null,
            "research_to_sale_ratio": 18.18,
            "price_fair": 16.07,
            "eps_avg_yearly": 0.64,
            "eps_latest_yearly": 0.16,
            "eps_growth_yearly": 15.11
        },
        "20113": {
            "year_quarter": 20113,
            "year": 2011,
            "quarter": 3,
            "eps": -1.01,
            "eps_growth_year": -2586.9,
            "eps_4q": -3.97,
            "eps_4q_growth_year": -2643.36,
            "roe": -12.71,
            "roe_4q": -43.00000000000001,
            "gross_profit": 56327,
            "gross_margin": 4.47,
            "gross_margin_4q_avg": 6.83,
            "net_income": -416093,
            "revenue": 1260418,
            "common_shares": 4130372,
            "book_valuer_per_share": 7.55,
            "book_valuer_per_share_4q_avg": 9.22,
            "equity": 3122936,
            "current_ratio": 139.03,
            "debt_ratio": 65.54,
            "inventory_turnover_ratio": 0.56,
            "account_receivable_turnover_ratio": 0.89,
            "reinvestment_rate": null,
            "research_to_sale_ratio": 25.41,
            "price_fair": 8.36,
            "eps_avg_yearly": 0.56,
            "eps_latest_yearly": 0.16,
            "eps_growth_yearly": 4.82
        },
        "20114": {
            "year_quarter": 20114,
            "year": 2011,
            "quarter": 4,
            "eps": -0.79,
            "eps_growth_year": null,
            "eps_4q": -4.3,
            "eps_4q_growth_year": null,
            "roe": -11.14,
            "roe_4q": -50.00000000000001,
            "gross_profit": 18035,
            "gross_margin": 0.96,
            "gross_margin_4q_avg": 4.28,
            "net_income": -328728,
            "revenue": 1884801,
            "common_shares": 4130372,
            "book_valuer_per_share": 6.72,
            "book_valuer_per_share_4q_avg": 8.2,
            "equity": 2780404,
            "current_ratio": 126.45,
            "debt_ratio": 68.68,
            "inventory_turnover_ratio": 0.87,
            "account_receivable_turnover_ratio": 1.27,
            "reinvestment_rate": null,
            "research_to_sale_ratio": 13.13,
            "price_fair": 7.25,
            "eps_avg_yearly": 0.47,
            "eps_latest_yearly": 0.16,
            "eps_growth_yearly": 5.42
        },
        "20121": {
            "year_quarter": 20121,
            "year": 2012,
            "quarter": 1,
            "eps": -0.66,
            "eps_growth_year": null,
            "eps_4q": -4.35,
            "eps_4q_growth_year": null,
            "roe": -10.37,
            "roe_4q": -54.629999999999995,
            "gross_profit": 145854,
            "gross_margin": 7.51,
            "gross_margin_4q_avg": 3.31,
            "net_income": -271766,
            "revenue": 1942696,
            "common_shares": 4130372,
            "book_valuer_per_share": 5.95,
            "book_valuer_per_share_4q_avg": 7.12,
            "equity": 2461552,
            "current_ratio": 121.96,
            "debt_ratio": 71,
            "inventory_turnover_ratio": 0.9,
            "account_receivable_turnover_ratio": 1.22,
            "reinvestment_rate": null,
            "research_to_sale_ratio": 11.7,
            "price_fair": 14.8,
            "eps_avg_yearly": 0.42,
            "eps_latest_yearly": 0.16,
            "eps_growth_yearly": 28.71
        },
        "20122": {
            "year_quarter": 20122,
            "year": 2012,
            "quarter": 2,
            "eps": -0.62,
            "eps_growth_year": null,
            "eps_4q": -3.08,
            "eps_4q_growth_year": null,
            "roe": -10.97,
            "roe_4q": -45.190000000000005,
            "gross_profit": 192906,
            "gross_margin": 8.58,
            "gross_margin_4q_avg": 5.38,
            "net_income": -256834,
            "revenue": 2248567,
            "common_shares": 4130372,
            "book_valuer_per_share": 5.37,
            "book_valuer_per_share_4q_avg": 6.4,
            "equity": 2220860,
            "current_ratio": 111.52,
            "debt_ratio": 70.86,
            "inventory_turnover_ratio": 1.09,
            "account_receivable_turnover_ratio": 1.45,
            "reinvestment_rate": null,
            "research_to_sale_ratio": 10.07,
            "price_fair": 14.93,
            "eps_avg_yearly": 0.43,
            "eps_latest_yearly": 0.16,
            "eps_growth_yearly": 66.83
        },
        "20123": {
            "year_quarter": 20123,
            "year": 2012,
            "quarter": 3,
            "eps": -0.89,
            "eps_growth_year": null,
            "eps_4q": -2.96,
            "eps_4q_growth_year": null,
            "roe": -12.67,
            "roe_4q": -45.15,
            "gross_profit": 19537,
            "gross_margin": 1.17,
            "gross_margin_4q_avg": 4.56,
            "net_income": -370162,
            "revenue": 1672780,
            "common_shares": 4130372,
            "book_valuer_per_share": 8.76,
            "book_valuer_per_share_4q_avg": 6.7,
            "equity": 3620615,
            "current_ratio": 140.83,
            "debt_ratio": 59.44,
            "inventory_turnover_ratio": 0.97,
            "account_receivable_turnover_ratio": 1.12,
            "reinvestment_rate": null,
            "research_to_sale_ratio": 12.85,
            "price_fair": 0.96,
            "eps_avg_yearly": 0.32,
            "eps_latest_yearly": 0.16,
            "eps_growth_yearly": -31.81
        },
        "20124": {
            "year_quarter": 20124,
            "year": 2012,
            "quarter": 4,
            "eps": -0.33,
            "eps_growth_year": null,
            "eps_4q": -2.49,
            "eps_4q_growth_year": null,
            "roe": -3.84,
            "roe_4q": -37.849999999999994,
            "gross_profit": 158854,
            "gross_margin": 9.36,
            "gross_margin_4q_avg": 6.66,
            "net_income": -135866,
            "revenue": 1697246,
            "common_shares": 4153372,
            "book_valuer_per_share": 8.31,
            "book_valuer_per_share_4q_avg": 7.1,
            "equity": 3454014,
            "current_ratio": 134.51,
            "debt_ratio": 57.43,
            "inventory_turnover_ratio": 0.98,
            "account_receivable_turnover_ratio": 1.22,
            "reinvestment_rate": null,
            "research_to_sale_ratio": 13.37,
            "price_fair": 0.3,
            "eps_avg_yearly": 0.1,
            "eps_latest_yearly": 0.16,
            "eps_growth_yearly": -64.76
        },
        "20131": {
            "year_quarter": 20131,
            "year": 2013,
            "quarter": 1,
            "eps": -0.64,
            "eps_growth_year": null,
            "eps_4q": -3.46,
            "eps_4q_growth_year": null,
            "roe": -7.89,
            "roe_4q": -35.37,
            "gross_profit": 100629,
            "gross_margin": 6.88,
            "gross_margin_4q_avg": 6.5,
            "net_income": -257915,
            "revenue": 1462735,
            "common_shares": 2944506,
            "book_valuer_per_share": 10.45,
            "book_valuer_per_share_4q_avg": 8.22,
            "equity": 3080158,
            "current_ratio": 126.63,
            "debt_ratio": 60.9,
            "inventory_turnover_ratio": 0.85,
            "account_receivable_turnover_ratio": 1.17,
            "reinvestment_rate": null,
            "research_to_sale_ratio": 14.5,
            "price_fair": 3.73,
            "eps_avg_yearly": 0.11,
            "eps_latest_yearly": 0.16,
            "eps_growth_yearly": 38.1
        },
        "20132": {
            "year_quarter": 20132,
            "year": 2013,
            "quarter": 2,
            "eps": -0.27,
            "eps_growth_year": null,
            "eps_4q": -2.96,
            "eps_4q_growth_year": null,
            "roe": -3.57,
            "roe_4q": -27.97,
            "gross_profit": 201114,
            "gross_margin": 10.36,
            "gross_margin_4q_avg": 6.94,
            "net_income": -108649,
            "revenue": 1941079,
            "common_shares": 2944506,
            "book_valuer_per_share": 10.22,
            "book_valuer_per_share_4q_avg": 9.44,
            "equity": 3011172,
            "current_ratio": 126.53,
            "debt_ratio": 59.24,
            "inventory_turnover_ratio": 1.06,
            "account_receivable_turnover_ratio": 1.79,
            "reinvestment_rate": null,
            "research_to_sale_ratio": 10.44,
            "price_fair": 3.73,
            "eps_avg_yearly": 0.11,
            "eps_latest_yearly": 0.16,
            "eps_growth_yearly": 38.1
        },
        "20133": {
            "year_quarter": 20133,
            "year": 2013,
            "quarter": 3,
            "eps": -0.51,
            "eps_growth_year": null,
            "eps_4q": -2.1,
            "eps_4q_growth_year": null,
            "roe": -6.99,
            "roe_4q": -22.29,
            "gross_profit": 130577,
            "gross_margin": 7.65,
            "gross_margin_4q_avg": 8.56,
            "net_income": -202199,
            "revenue": 1707213,
            "common_shares": 3352858,
            "book_valuer_per_share": 8.27,
            "book_valuer_per_share_4q_avg": 9.31,
            "equity": 2775679,
            "current_ratio": 124.55,
            "debt_ratio": 58.78,
            "inventory_turnover_ratio": 1.02,
            "account_receivable_turnover_ratio": 1.53,
            "reinvestment_rate": null,
            "research_to_sale_ratio": 11.89,
            "price_fair": 3.73,
            "eps_avg_yearly": 0.11,
            "eps_latest_yearly": 0.16,
            "eps_growth_yearly": 38.1
        },
        "20134": {
            "year_quarter": 20134,
            "year": 2013,
            "quarter": 4,
            "eps": -1.03,
            "eps_growth_year": null,
            "eps_4q": -2.72,
            "eps_4q_growth_year": null,
            "roe": -13.14,
            "roe_4q": -31.590000000000003,
            "gross_profit": 108703,
            "gross_margin": 6.41,
            "gross_margin_4q_avg": 7.83,
            "net_income": -343793,
            "revenue": 1696720,
            "common_shares": 3352858,
            "book_valuer_per_share": 7.33,
            "book_valuer_per_share_4q_avg": 9.07,
            "equity": 2458897,
            "current_ratio": 117.37,
            "debt_ratio": 60.19,
            "inventory_turnover_ratio": 1.1,
            "account_receivable_turnover_ratio": 1.79,
            "reinvestment_rate": null,
            "research_to_sale_ratio": 12.09,
            "price_fair": 3.73,
            "eps_avg_yearly": 0.11,
            "eps_latest_yearly": 0.16,
            "eps_growth_yearly": 38.1
        },
        "20141": {
            "year_quarter": 20141,
            "year": 2014,
            "quarter": 1,
            "eps": -0.4,
            "eps_growth_year": null,
            "eps_4q": -2.44,
            "eps_4q_growth_year": null,
            "roe": -6.87,
            "roe_4q": -30.57,
            "gross_profit": 170114,
            "gross_margin": 10.65,
            "gross_margin_4q_avg": 8.77,
            "net_income": -164129,
            "revenue": 1597816,
            "common_shares": 3352858,
            "book_valuer_per_share": 6.93,
            "book_valuer_per_share_4q_avg": 8.19,
            "equity": 2322250,
            "current_ratio": 115.15,
            "debt_ratio": 62.43,
            "inventory_turnover_ratio": 0.96,
            "account_receivable_turnover_ratio": 2.13,
            "reinvestment_rate": null,
            "research_to_sale_ratio": 12.53,
            "price_fair": 4.2,
            "eps_avg_yearly": 0.12,
            "eps_latest_yearly": 0.16,
            "eps_growth_yearly": 200
        },
        "20142": {
            "year_quarter": 20142,
            "year": 2014,
            "quarter": 2,
            "eps": -0.34,
            "eps_growth_year": null,
            "eps_4q": -2.52,
            "eps_4q_growth_year": null,
            "roe": -6.22,
            "roe_4q": -33.22,
            "gross_profit": 177864,
            "gross_margin": 11.9,
            "gross_margin_4q_avg": 9.15,
            "net_income": -138977,
            "revenue": 1494569,
            "common_shares": 3352858,
            "book_valuer_per_share": 6.41,
            "book_valuer_per_share_4q_avg": 7.24,
            "equity": 2148059,
            "current_ratio": 110.45,
            "debt_ratio": 63.6,
            "inventory_turnover_ratio": 0.87,
            "account_receivable_turnover_ratio": 1.84,
            "reinvestment_rate": null,
            "research_to_sale_ratio": 12.48,
            "price_fair": 5.6,
            "eps_avg_yearly": 0.16,
            "eps_latest_yearly": 0.16,
            "eps_growth_yearly": 400
        },
        "20143": {
            "year_quarter": 20143,
            "year": 2014,
            "quarter": 3,
            "eps": -0.18,
            "eps_growth_year": null,
            "eps_4q": -2.13,
            "eps_4q_growth_year": null,
            "roe": -3.3,
            "roe_4q": -29.53,
            "gross_profit": 198778,
            "gross_margin": 13.13,
            "gross_margin_4q_avg": 10.52,
            "net_income": -70293,
            "revenue": 1513835,
            "common_shares": 3352858,
            "book_valuer_per_share": 6.29,
            "book_valuer_per_share_4q_avg": 6.74,
            "equity": 2106000,
            "current_ratio": 105.4,
            "debt_ratio": 65.14,
            "inventory_turnover_ratio": 0.9,
            "account_receivable_turnover_ratio": 1.61,
            "reinvestment_rate": null,
            "research_to_sale_ratio": 10.6,
            "price_fair": 0,
            "eps_avg_yearly": 0,
            "eps_latest_yearly": 0,
            "eps_growth_yearly": 0
        },
        "20144": {
            "year_quarter": 20144,
            "year": 2014,
            "quarter": 4,
            "eps": -0.5,
            "eps_growth_year": null,
            "eps_4q": -1.61,
            "eps_4q_growth_year": null,
            "roe": -8.13,
            "roe_4q": -24.52,
            "gross_profit": 129694,
            "gross_margin": 7.83,
            "gross_margin_4q_avg": 10.88,
            "net_income": -167265,
            "revenue": 1656833,
            "common_shares": 3352858,
            "book_valuer_per_share": 5.99,
            "book_valuer_per_share_4q_avg": 6.41,
            "equity": 2007700,
            "current_ratio": 104.38,
            "debt_ratio": 67.42,
            "inventory_turnover_ratio": 1.04,
            "account_receivable_turnover_ratio": 1.72,
            "reinvestment_rate": null,
            "research_to_sale_ratio": 8.96,
            "price_fair": 0,
            "eps_avg_yearly": 0,
            "eps_latest_yearly": 0,
            "eps_growth_yearly": 0
        },
        "20151": {
            "year_quarter": 20151,
            "year": 2015,
            "quarter": 1,
            "eps": 0.01,
            "eps_growth_year": null,
            "eps_4q": -1.11,
            "eps_4q_growth_year": null,
            "roe": 0.27,
            "roe_4q": -17.38,
            "gross_profit": 255627,
            "gross_margin": 15.74,
            "gross_margin_4q_avg": 12.15,
            "net_income": 5357,
            "revenue": 1624151,
            "common_shares": 3352858,
            "book_valuer_per_share": 5.81,
            "book_valuer_per_share_4q_avg": 6.13,
            "equity": 1947831,
            "current_ratio": 105.13,
            "debt_ratio": 67,
            "inventory_turnover_ratio": 0.97,
            "account_receivable_turnover_ratio": 1.81,
            "reinvestment_rate": null,
            "research_to_sale_ratio": 9.6,
            "price_fair": 0,
            "eps_avg_yearly": 0,
            "eps_latest_yearly": 0,
            "eps_growth_yearly": 0
        },
        "20152": {
            "year_quarter": 20152,
            "year": 2015,
            "quarter": 2,
            "eps": -0.32,
            "eps_growth_year": null,
            "eps_4q": -1.08,
            "eps_4q_growth_year": null,
            "roe": -6.91,
            "roe_4q": -18.07,
            "gross_profit": 128312,
            "gross_margin": 10.36,
            "gross_margin_4q_avg": 11.77,
            "net_income": -129574,
            "revenue": 1238251,
            "common_shares": 3352858,
            "book_valuer_per_share": 5.37,
            "book_valuer_per_share_4q_avg": 5.87,
            "equity": 1801298,
            "current_ratio": 110.72,
            "debt_ratio": 67.82,
            "inventory_turnover_ratio": 0.82,
            "account_receivable_turnover_ratio": 1.53,
            "reinvestment_rate": null,
            "research_to_sale_ratio": 13.81,
            "price_fair": 0,
            "eps_avg_yearly": 0,
            "eps_latest_yearly": 0,
            "eps_growth_yearly": 0
        },
        "20153": {
            "year_quarter": 20153,
            "year": 2015,
            "quarter": 3,
            "eps": 0.36,
            "eps_growth_year": null,
            "eps_4q": -0.37,
            "eps_4q_growth_year": null,
            "roe": 7.59,
            "roe_4q": -7.1800000000000015,
            "gross_profit": 187538,
            "gross_margin": 12.61,
            "gross_margin_4q_avg": 11.64,
            "net_income": 144767,
            "revenue": 1486691,
            "common_shares": 4006452,
            "book_valuer_per_share": 5.02,
            "book_valuer_per_share_4q_avg": 5.55,
            "equity": 2013150,
            "current_ratio": 117.72,
            "debt_ratio": 63.9,
            "inventory_turnover_ratio": 0.99,
            "account_receivable_turnover_ratio": 1.61,
            "reinvestment_rate": null,
            "research_to_sale_ratio": 9.85,
            "price_fair": 0,
            "eps_avg_yearly": 0,
            "eps_latest_yearly": 0,
            "eps_growth_yearly": 0
        },
        "20154": {
            "year_quarter": 20154,
            "year": 2015,
            "quarter": 4,
            "eps": 0.05,
            "eps_growth_year": null,
            "eps_4q": 0.1,
            "eps_4q_growth_year": null,
            "roe": 1.01,
            "roe_4q": 1.9599999999999995,
            "gross_profit": 300723,
            "gross_margin": 15.24,
            "gross_margin_4q_avg": 13.49,
            "net_income": 20350,
            "revenue": 1973761,
            "common_shares": 4006452,
            "book_valuer_per_share": 5.02,
            "book_valuer_per_share_4q_avg": 5.31,
            "equity": 2010287,
            "current_ratio": 116.83,
            "debt_ratio": 65.71,
            "inventory_turnover_ratio": 1.26,
            "account_receivable_turnover_ratio": 1.62,
            "reinvestment_rate": null,
            "research_to_sale_ratio": 7.41,
            "price_fair": 0.6,
            "eps_avg_yearly": 0.2,
            "eps_latest_yearly": 0.2,
            "eps_growth_yearly": -344.44
        },
        "20161": {
            "year_quarter": 20161,
            "year": 2016,
            "quarter": 1,
            "eps": 0.13,
            "eps_growth_year": 1200,
            "eps_4q": 0.22,
            "eps_4q_growth_year": null,
            "roe": 2.57,
            "roe_4q": 4.26,
            "gross_profit": 361691,
            "gross_margin": 17.86,
            "gross_margin_4q_avg": 14.02,
            "net_income": 52031,
            "revenue": 2025612,
            "common_shares": 4006452,
            "book_valuer_per_share": 5.09,
            "book_valuer_per_share_4q_avg": 5.13,
            "equity": 2039280,
            "current_ratio": 119.89,
            "debt_ratio": 64.26,
            "inventory_turnover_ratio": 1.23,
            "account_receivable_turnover_ratio": 1.54,
            "reinvestment_rate": null,
            "research_to_sale_ratio": 8.33,
            "price_fair": 12.6,
            "eps_avg_yearly": 0.36,
            "eps_latest_yearly": 0.52,
            "eps_growth_yearly": 147.78
        },
        "20162": {
            "year_quarter": 20162,
            "year": 2016,
            "quarter": 2,
            "eps": 0.15,
            "eps_growth_year": null,
            "eps_4q": 0.62,
            "eps_4q_growth_year": null,
            "roe": 1.48,
            "roe_4q": 12.649999999999999,
            "gross_profit": 285836,
            "gross_margin": 15.79,
            "gross_margin_4q_avg": 15.38,
            "net_income": 30292,
            "revenue": 1810508,
            "common_shares": 4006452,
            "book_valuer_per_share": 5.12,
            "book_valuer_per_share_4q_avg": 5.06,
            "equity": 2050485,
            "current_ratio": 125.09,
            "debt_ratio": 60.97,
            "inventory_turnover_ratio": 1.22,
            "account_receivable_turnover_ratio": 1.59,
            "reinvestment_rate": null,
            "research_to_sale_ratio": 8.31,
            "price_fair": 15.4,
            "eps_avg_yearly": 0.44,
            "eps_latest_yearly": 0.6,
            "eps_growth_yearly": 119.03
        },
        "20163": {
            "year_quarter": 20163,
            "year": 2016,
            "quarter": 3,
            "eps": 0.18,
            "eps_growth_year": -50,
            "eps_4q": 0.69,
            "eps_4q_growth_year": null,
            "roe": 1.73,
            "roe_4q": 6.789999999999999,
            "gross_profit": 307206,
            "gross_margin": 16.33,
            "gross_margin_4q_avg": 16.31,
            "net_income": 35358,
            "revenue": 1881074,
            "common_shares": 2003226,
            "book_valuer_per_share": 10.17,
            "book_valuer_per_share_4q_avg": 6.35,
            "equity": 2037199,
            "current_ratio": 125.16,
            "debt_ratio": 61.73,
            "inventory_turnover_ratio": 1.34,
            "account_receivable_turnover_ratio": 1.76,
            "reinvestment_rate": null,
            "research_to_sale_ratio": 8.87,
            "price_fair": 17.85,
            "eps_avg_yearly": 0.51,
            "eps_latest_yearly": 0.72,
            "eps_growth_yearly": 109.27
        },
        "20164": {
            "year_quarter": 20164,
            "year": 2016,
            "quarter": 4,
            "eps": 0.22,
            "eps_growth_year": 329.96,
            "eps_4q": 0.77,
            "eps_4q_growth_year": 654.25,
            "roe": 2.13,
            "roe_4q": 7.91,
            "gross_profit": 310762,
            "gross_margin": 16.53,
            "gross_margin_4q_avg": 16.63,
            "net_income": 46547,
            "revenue": 1879862,
            "common_shares": 2133226,
            "book_valuer_per_share": 10.91,
            "book_valuer_per_share_4q_avg": 7.82,
            "equity": 2327324,
            "current_ratio": 164.07,
            "debt_ratio": 56.25,
            "inventory_turnover_ratio": 1.46,
            "account_receivable_turnover_ratio": 1.48,
            "reinvestment_rate": null,
            "research_to_sale_ratio": 9.19,
            "price_fair": 20.44,
            "eps_avg_yearly": 0.58,
            "eps_latest_yearly": 0.88,
            "eps_growth_yearly": 105.2
        },
        "20171": {
            "year_quarter": 20171,
            "year": 2017,
            "quarter": 1,
            "eps": 0.27,
            "eps_growth_year": 107.69,
            "eps_4q": 0.79,
            "eps_4q_growth_year": 259.52,
            "roe": 2.42,
            "roe_4q": 7.76,
            "gross_profit": 323007,
            "gross_margin": 18.76,
            "gross_margin_4q_avg": 16.85,
            "net_income": 56849,
            "revenue": 1721865,
            "common_shares": 2151498,
            "book_valuer_per_share": 10.98,
            "book_valuer_per_share_4q_avg": 9.3,
            "equity": 2362555,
            "current_ratio": 170.12,
            "debt_ratio": 53.94,
            "inventory_turnover_ratio": 1.37,
            "account_receivable_turnover_ratio": 1.31,
            "reinvestment_rate": null,
            "research_to_sale_ratio": 10.04,
            "price_fair": 23.33,
            "eps_avg_yearly": 0.67,
            "eps_latest_yearly": 1.08,
            "eps_growth_yearly": 102.82
        },
        "20172": {
            "year_quarter": 20172,
            "year": 2017,
            "quarter": 2,
            "eps": 0.28,
            "eps_growth_year": 86.67,
            "eps_4q": 0.9,
            "eps_4q_growth_year": 46.1,
            "roe": 2.44,
            "roe_4q": 8.719999999999999,
            "gross_profit": 312255,
            "gross_margin": 16.63,
            "gross_margin_4q_avg": 17.06,
            "net_income": 60062,
            "revenue": 1877806,
            "common_shares": 2151755,
            "book_valuer_per_share": 11.86,
            "book_valuer_per_share_4q_avg": 10.98,
            "equity": 2552819,
            "current_ratio": 150.61,
            "debt_ratio": 58.17,
            "inventory_turnover_ratio": 1.33,
            "account_receivable_turnover_ratio": 1.25,
            "reinvestment_rate": null,
            "research_to_sale_ratio": 7.55,
            "price_fair": 25.6,
            "eps_avg_yearly": 0.73,
            "eps_latest_yearly": 1.12,
            "eps_growth_yearly": 90.24
        },
        "20173": {
            "year_quarter": 20173,
            "year": 2017,
            "quarter": 3,
            "eps": 0.12,
            "eps_growth_year": -33.33,
            "eps_4q": 0.86,
            "eps_4q_growth_year": 25.21,
            "roe": 1.05,
            "roe_4q": 8.04,
            "gross_profit": 264506,
            "gross_margin": 13.22,
            "gross_margin_4q_avg": 16.29,
            "net_income": 27179,
            "revenue": 2000229,
            "common_shares": 2205284,
            "book_valuer_per_share": 11.82,
            "book_valuer_per_share_4q_avg": 11.39,
            "equity": 2605937,
            "current_ratio": 152.87,
            "debt_ratio": 57.33,
            "inventory_turnover_ratio": 1.28,
            "account_receivable_turnover_ratio": 1.13,
            "reinvestment_rate": null,
            "research_to_sale_ratio": 8.01,
            "price_fair": 24.5,
            "eps_avg_yearly": 0.7,
            "eps_latest_yearly": 0.48,
            "eps_growth_yearly": 50.39
        },
        "20174": {
            "year_quarter": 20174,
            "year": 2017,
            "quarter": 4,
            "eps": 0.07,
            "eps_growth_year": -66.86,
            "eps_4q": 0.7,
            "eps_4q_growth_year": -8.54,
            "roe": 0.61,
            "roe_4q": 6.52,
            "gross_profit": 257968,
            "gross_margin": 13.22,
            "gross_margin_4q_avg": 15.46,
            "net_income": 16505,
            "revenue": 1950904,
            "common_shares": 2280283,
            "book_valuer_per_share": 12.15,
            "book_valuer_per_share_4q_avg": 11.7,
            "equity": 2770146,
            "current_ratio": 160.22,
            "debt_ratio": 51.83,
            "inventory_turnover_ratio": 1.25,
            "account_receivable_turnover_ratio": 1.17,
            "reinvestment_rate": null,
            "research_to_sale_ratio": 8.07,
            "price_fair": 22.87,
            "eps_avg_yearly": 0.65,
            "eps_latest_yearly": 0.28,
            "eps_growth_yearly": 26.27
        },
        "20181": {
            "year_quarter": 20181,
            "year": 2018,
            "quarter": 1,
            "eps": 0.01,
            "eps_growth_year": -96.3,
            "eps_4q": 0.46,
            "eps_4q_growth_year": -41.22,
            "roe": 0.06,
            "roe_4q": 4.16,
            "gross_profit": 216915,
            "gross_margin": 13.19,
            "gross_margin_4q_avg": 14.07,
            "net_income": 1579,
            "revenue": 1644462,
            "common_shares": 2280283,
            "book_valuer_per_share": 12.16,
            "book_valuer_per_share_4q_avg": 12,
            "equity": 2773887,
            "current_ratio": 160.66,
            "debt_ratio": 51.73,
            "inventory_turnover_ratio": 1,
            "account_receivable_turnover_ratio": 1.11,
            "reinvestment_rate": null,
            "research_to_sale_ratio": 8.72,
            "price_fair": 1.78,
            "eps_avg_yearly": 0.59,
            "eps_latest_yearly": 0.04,
            "eps_growth_yearly": -10.64
        },
        "20182": {
            "year_quarter": 20182,
            "year": 2018,
            "quarter": 2,
            "eps": 0.02,
            "eps_growth_year": -92.86,
            "eps_4q": 0.22,
            "eps_4q_growth_year": -75.29,
            "roe": 0.2,
            "roe_4q": 1.92,
            "gross_profit": 245047,
            "gross_margin": 12.92,
            "gross_margin_4q_avg": 13.14,
            "net_income": 5577,
            "revenue": 1896496,
            "common_shares": 2280283,
            "book_valuer_per_share": 12.06,
            "book_valuer_per_share_4q_avg": 12.05,
            "equity": 2749908,
            "current_ratio": 151.66,
            "debt_ratio": 54.33,
            "inventory_turnover_ratio": 1.08,
            "account_receivable_turnover_ratio": 1.31,
            "reinvestment_rate": -480.68,
            "research_to_sale_ratio": 8.16,
            "price_fair": 19.09,
            "eps_avg_yearly": 0.55,
            "eps_latest_yearly": 0.08,
            "eps_growth_yearly": 26.69
        },
        "20183": {
            "year_quarter": 20183,
            "year": 2018,
            "quarter": 3,
            "eps": 0.11,
            "eps_growth_year": -8.33,
            "eps_4q": 0.21,
            "eps_4q_growth_year": -75.7,
            "roe": 0.88,
            "roe_4q": 1.75,
            "gross_profit": 265936,
            "gross_margin": 11.76,
            "gross_margin_4q_avg": 12.77,
            "net_income": 24144,
            "revenue": 2262331,
            "common_shares": 2280283,
            "book_valuer_per_share": 12.04,
            "book_valuer_per_share_4q_avg": 12.1,
            "equity": 2744541,
            "current_ratio": 151.01,
            "debt_ratio": 54.9,
            "inventory_turnover_ratio": 1.33,
            "account_receivable_turnover_ratio": 1.35,
            "reinvestment_rate": -348.28,
            "research_to_sale_ratio": 6.62,
            "price_fair": 18.78,
            "eps_avg_yearly": 0.54,
            "eps_latest_yearly": 0.44,
            "eps_growth_yearly": 174.47
        },
        "20184": {
            "year_quarter": 20184,
            "year": 2018,
            "quarter": 4,
            "eps": 0.09,
            "eps_growth_year": 26.08,
            "eps_4q": 0.23,
            "eps_4q_growth_year": -67.55,
            "roe": 0.76,
            "roe_4q": 1.9000000000000001,
            "gross_profit": 338463,
            "gross_margin": 15.63,
            "gross_margin_4q_avg": 13.38,
            "net_income": 20809,
            "revenue": 2165866,
            "common_shares": 2280283,
            "book_valuer_per_share": 12.1,
            "book_valuer_per_share_4q_avg": 12.09,
            "equity": 2759557,
            "current_ratio": 154.68,
            "debt_ratio": 53.37,
            "inventory_turnover_ratio": 1.3,
            "account_receivable_turnover_ratio": 1.22,
            "reinvestment_rate": -174.42,
            "research_to_sale_ratio": 7.82,
            "price_fair": 18.31,
            "eps_avg_yearly": 0.52,
            "eps_latest_yearly": 0.36,
            "eps_growth_yearly": 155.45
        },
        "20191": {
            "year_quarter": 20191,
            "year": 2019,
            "quarter": 1,
            "eps": 0.01,
            "eps_growth_year": 0,
            "eps_4q": 0.23,
            "eps_4q_growth_year": -49.56,
            "roe": 0.09,
            "roe_4q": 1.93,
            "gross_profit": 242607,
            "gross_margin": 14.39,
            "gross_margin_4q_avg": 13.68,
            "net_income": 2598,
            "revenue": 1686248,
            "common_shares": 2280283,
            "book_valuer_per_share": 12.2,
            "book_valuer_per_share_4q_avg": 12.1,
            "equity": 2782299,
            "current_ratio": 165.79,
            "debt_ratio": 51.59,
            "inventory_turnover_ratio": 1.13,
            "account_receivable_turnover_ratio": 1.12,
            "reinvestment_rate": -164.96,
            "research_to_sale_ratio": 7.43,
            "price_fair": 17.1,
            "eps_avg_yearly": 0.49,
            "eps_latest_yearly": 0.04,
            "eps_growth_yearly": 118.95
        },
        "20192": {
            "year_quarter": 20192,
            "year": 2019,
            "quarter": 2,
            "eps": 0,
            "eps_growth_year": -100,
            "eps_4q": 0.21,
            "eps_4q_growth_year": -5.41,
            "roe": 0.02,
            "roe_4q": 1.75,
            "gross_profit": 301367,
            "gross_margin": 20.24,
            "gross_margin_4q_avg": 15.51,
            "net_income": 537,
            "revenue": 1488817,
            "common_shares": 2280283,
            "book_valuer_per_share": 11.98,
            "book_valuer_per_share_4q_avg": 12.08,
            "equity": 2731875,
            "current_ratio": 165.62,
            "debt_ratio": 51.3,
            "inventory_turnover_ratio": 1.02,
            "account_receivable_turnover_ratio": 1.14,
            "reinvestment_rate": -65.51,
            "research_to_sale_ratio": 10.01,
            "price_fair": 17.1,
            "eps_avg_yearly": 0.49,
            "eps_latest_yearly": 0.04,
            "eps_growth_yearly": 118.95
        },
        "20193": {
            "year_quarter": 20193,
            "year": 2019,
            "quarter": 3,
            "eps": -0.1,
            "eps_growth_year": -190.91,
            "eps_4q": 0,
            "eps_4q_growth_year": -98.12,
            "roe": -0.85,
            "roe_4q": 0.020000000000000018,
            "gross_profit": 205132,
            "gross_margin": 17.17,
            "gross_margin_4q_avg": 16.86,
            "net_income": -23043,
            "revenue": 1194983,
            "common_shares": 2280283,
            "book_valuer_per_share": 11.76,
            "book_valuer_per_share_4q_avg": 12.01,
            "equity": 2680568,
            "current_ratio": 185.85,
            "debt_ratio": 46.37,
            "inventory_turnover_ratio": 0.95,
            "account_receivable_turnover_ratio": 1.03,
            "reinvestment_rate": -106.46,
            "research_to_sale_ratio": 10.35,
            "price_fair": 17.1,
            "eps_avg_yearly": 0.49,
            "eps_latest_yearly": 0.04,
            "eps_growth_yearly": 118.95
        },
        "20194": {
            "year_quarter": 20194,
            "year": 2019,
            "quarter": 4,
            "eps": 0.09,
            "eps_growth_year": 3.76,
            "eps_4q": 0.01,
            "eps_4q_growth_year": -96.77,
            "roe": 0.81,
            "roe_4q": 0.07000000000000008,
            "gross_profit": 203171,
            "gross_margin": 14.22,
            "gross_margin_4q_avg": 16.51,
            "net_income": 21592,
            "revenue": 1428832,
            "common_shares": 2280283,
            "book_valuer_per_share": 11.65,
            "book_valuer_per_share_4q_avg": 11.9,
            "equity": 2655455,
            "current_ratio": 182.42,
            "debt_ratio": 47.15,
            "inventory_turnover_ratio": 1.33,
            "account_receivable_turnover_ratio": 1.34,
            "reinvestment_rate": -103.01,
            "research_to_sale_ratio": 7.65,
            "price_fair": 17.88,
            "eps_avg_yearly": 0.51,
            "eps_latest_yearly": 0.04,
            "eps_growth_yearly": 154.6
        },
        "20201": {
            "year_quarter": 20201,
            "year": 2020,
            "quarter": 1,
            "eps": -0.07,
            "eps_growth_year": -800,
            "eps_4q": -0.08,
            "eps_4q_growth_year": -133.81,
            "roe": -0.65,
            "roe_4q": -0.6699999999999999,
            "gross_profit": 150953,
            "gross_margin": 16.71,
            "gross_margin_4q_avg": 17.09,
            "net_income": -17048,
            "revenue": 903421,
            "common_shares": 2280283,
            "book_valuer_per_share": 11.4,
            "book_valuer_per_share_4q_avg": 11.7,
            "equity": 2599284,
            "current_ratio": 213.42,
            "debt_ratio": 47.01,
            "inventory_turnover_ratio": 0.84,
            "account_receivable_turnover_ratio": 0.88,
            "reinvestment_rate": -108.18,
            "research_to_sale_ratio": 9.84,
            "price_fair": 17.85,
            "eps_avg_yearly": 0.51,
            "eps_latest_yearly": 0.04,
            "eps_growth_yearly": 114.15
        },
        "20202": {
            "year_quarter": 20202,
            "year": 2020,
            "quarter": 2,
            "eps": 0.08,
            "eps_growth_year": null,
            "eps_4q": 0,
            "eps_4q_growth_year": -99.67,
            "roe": 0.72,
            "roe_4q": 0.030000000000000027,
            "gross_profit": 238749,
            "gross_margin": 21.61,
            "gross_margin_4q_avg": 17.43,
            "net_income": 18658,
            "revenue": 1104981,
            "common_shares": 2280283,
            "book_valuer_per_share": 11.18,
            "book_valuer_per_share_4q_avg": 11.5,
            "equity": 2549441,
            "current_ratio": 214.55,
            "debt_ratio": 47.6,
            "inventory_turnover_ratio": 0.92,
            "account_receivable_turnover_ratio": 1.07,
            "reinvestment_rate": -113.57,
            "research_to_sale_ratio": 16.89,
            "price_fair": 17.56,
            "eps_avg_yearly": 0.5,
            "eps_latest_yearly": 0.04,
            "eps_growth_yearly": 118.93
        },
        "20203": {
            "year_quarter": 20203,
            "year": 2020,
            "quarter": 3,
            "eps": -0.24,
            "eps_growth_year": null,
            "eps_4q": -0.14,
            "eps_4q_growth_year": -3653.51,
            "roe": -2.19,
            "roe_4q": -1.31,
            "gross_profit": 177487,
            "gross_margin": 18.93,
            "gross_margin_4q_avg": 17.87,
            "net_income": -55217,
            "revenue": 937717,
            "common_shares": 2280283,
            "book_valuer_per_share": 10.96,
            "book_valuer_per_share_4q_avg": 11.3,
            "equity": 2499128,
            "current_ratio": 208.67,
            "debt_ratio": 49.68,
            "inventory_turnover_ratio": 0.76,
            "account_receivable_turnover_ratio": 0.91,
            "reinvestment_rate": -143.57,
            "research_to_sale_ratio": 17.94,
            "price_fair": 16.8,
            "eps_avg_yearly": 0.48,
            "eps_latest_yearly": 0.04,
            "eps_growth_yearly": 122.82
        },
        "20204": {
            "year_quarter": 20204,
            "year": 2020,
            "quarter": 4,
            "eps": -0.18,
            "eps_growth_year": -293.63,
            "eps_4q": -0.42,
            "eps_4q_growth_year": -5766.01,
            "roe": -1.7,
            "roe_4q": -3.82,
            "gross_profit": 172683,
            "gross_margin": 17.2,
            "gross_margin_4q_avg": 18.61,
            "net_income": -41808,
            "revenue": 1003878,
            "common_shares": 2280283,
            "book_valuer_per_share": 10.61,
            "book_valuer_per_share_4q_avg": 11.04,
            "equity": 2419530,
            "current_ratio": 182.75,
            "debt_ratio": 55.19,
            "inventory_turnover_ratio": 0.81,
            "account_receivable_turnover_ratio": 1.06,
            "reinvestment_rate": -210.88,
            "research_to_sale_ratio": 16.01,
            "price_fair": 15.24,
            "eps_avg_yearly": 0.44,
            "eps_latest_yearly": 0.04,
            "eps_growth_yearly": 126.59
        },
        "20211": {
            "year_quarter": 20211,
            "year": 2021,
            "quarter": 1,
            "eps": -0.49,
            "eps_growth_year": null,
            "eps_4q": -0.83,
            "eps_4q_growth_year": null,
            "roe": -4.73,
            "roe_4q": -7.900000000000001,
            "gross_profit": 107827,
            "gross_margin": 10.77,
            "gross_margin_4q_avg": 17.13,
            "net_income": -111694,
            "revenue": 1001216,
            "common_shares": 2280283,
            "book_valuer_per_share": 10.1,
            "book_valuer_per_share_4q_avg": 10.71,
            "equity": 2303310,
            "current_ratio": 177.57,
            "debt_ratio": 57.54,
            "inventory_turnover_ratio": 0.85,
            "account_receivable_turnover_ratio": 0.99,
            "reinvestment_rate": null,
            "research_to_sale_ratio": 16.39,
            "price_fair": 12.43,
            "eps_avg_yearly": 0.36,
            "eps_latest_yearly": 0.04,
            "eps_growth_yearly": 131.05
        },
        "20212": {
            "year_quarter": 20212,
            "year": 2021,
            "quarter": 2,
            "eps": -0.35,
            "eps_growth_year": -537.5,
            "eps_4q": -1.26,
            "eps_4q_growth_year": -181377.62,
            "roe": -3.51,
            "roe_4q": -12.129999999999999,
            "gross_profit": 163694,
            "gross_margin": 16.34,
            "gross_margin_4q_avg": 15.81,
            "net_income": -79396,
            "revenue": 1001669,
            "common_shares": 2280283,
            "book_valuer_per_share": 9.71,
            "book_valuer_per_share_4q_avg": 10.35,
            "equity": 2214374,
            "current_ratio": 175.65,
            "debt_ratio": 61.55,
            "inventory_turnover_ratio": 0.67,
            "account_receivable_turnover_ratio": 0.92,
            "reinvestment_rate": null,
            "research_to_sale_ratio": 17.55,
            "price_fair": 8.6,
            "eps_avg_yearly": 0.25,
            "eps_latest_yearly": 0.04,
            "eps_growth_yearly": 147.66
        },
        "20213": {
            "year_quarter": 20213,
            "year": 2021,
            "quarter": 3,
            "eps": -0.51,
            "eps_growth_year": null,
            "eps_4q": -1.53,
            "eps_4q_growth_year": null,
            "roe": -5.42,
            "roe_4q": -15.36,
            "gross_profit": 156726,
            "gross_margin": 15.63,
            "gross_margin_4q_avg": 14.99,
            "net_income": -116610,
            "revenue": 1003001,
            "common_shares": 2280283,
            "book_valuer_per_share": 9.17,
            "book_valuer_per_share_4q_avg": 9.9,
            "equity": 2090287,
            "current_ratio": 150.5,
            "debt_ratio": 66.96,
            "inventory_turnover_ratio": 0.5,
            "account_receivable_turnover_ratio": 0.89,
            "reinvestment_rate": null,
            "research_to_sale_ratio": 18.92,
            "price_fair": 7.23,
            "eps_avg_yearly": 0.21,
            "eps_latest_yearly": 0.04,
            "eps_growth_yearly": 210.37
        },
        "20214": {
            "year_quarter": 20214,
            "year": 2021,
            "quarter": 4,
            "eps": -0.62,
            "eps_growth_year": null,
            "eps_4q": -1.97,
            "eps_4q_growth_year": null,
            "roe": -7.02,
            "roe_4q": -20.68,
            "gross_profit": 86925,
            "gross_margin": 9.41,
            "gross_margin_4q_avg": 13.04,
            "net_income": -142316,
            "revenue": 923966,
            "common_shares": 2280283,
            "book_valuer_per_share": 8.61,
            "book_valuer_per_share_4q_avg": 9.4,
            "equity": 1962366,
            "current_ratio": 139.07,
            "debt_ratio": 70.05,
            "inventory_turnover_ratio": 0.41,
            "account_receivable_turnover_ratio": 0.81,
            "reinvestment_rate": null,
            "research_to_sale_ratio": 18.64,
            "price_fair": 6.72,
            "eps_avg_yearly": 0.19,
            "eps_latest_yearly": 0.04,
            "eps_growth_yearly": 285.77
        },
        "20221": {
            "year_quarter": 20221,
            "year": 2022,
            "quarter": 1,
            "eps": -0.61,
            "eps_growth_year": null,
            "eps_4q": -2.01,
            "eps_4q_growth_year": null,
            "roe": -6.49,
            "roe_4q": -22.439999999999998,
            "gross_profit": 110117,
            "gross_margin": 11.79,
            "gross_margin_4q_avg": 13.29,
            "net_income": -141248,
            "revenue": 933895,
            "common_shares": 2380283,
            "book_valuer_per_share": 10.04,
            "book_valuer_per_share_4q_avg": 9.38,
            "equity": 2388855,
            "current_ratio": 153.71,
            "debt_ratio": 65.37,
            "inventory_turnover_ratio": 0.36,
            "account_receivable_turnover_ratio": 0.87,
            "reinvestment_rate": null,
            "research_to_sale_ratio": 18.87,
            "price_fair": 8.05,
            "eps_avg_yearly": 0.23,
            "eps_latest_yearly": 0.04,
            "eps_growth_yearly": 442.93
        },
        "20222": {
            "year_quarter": 20222,
            "year": 2022,
            "quarter": 2,
            "eps": -0.54,
            "eps_growth_year": null,
            "eps_4q": -2.22,
            "eps_4q_growth_year": null,
            "roe": -5.52,
            "roe_4q": -24.450000000000003,
            "gross_profit": 144551,
            "gross_margin": 14.08,
            "gross_margin_4q_avg": 12.73,
            "net_income": -128276,
            "revenue": 1026789,
            "common_shares": 2380283,
            "book_valuer_per_share": 9.48,
            "book_valuer_per_share_4q_avg": 9.33,
            "equity": 2256367,
            "current_ratio": 151.55,
            "debt_ratio": 66.04,
            "inventory_turnover_ratio": 0.35,
            "account_receivable_turnover_ratio": 1.03,
            "reinvestment_rate": null,
            "research_to_sale_ratio": 15.51,
            "price_fair": 9.8,
            "eps_avg_yearly": 0.28,
            "eps_latest_yearly": 0.04,
            "eps_growth_yearly": 457.24
        },
        "20223": {
            "year_quarter": 20223,
            "year": 2022,
            "quarter": 3,
            "eps": -0.4,
            "eps_growth_year": null,
            "eps_4q": -2.13,
            "eps_4q_growth_year": null,
            "roe": -4.28,
            "roe_4q": -23.31,
            "gross_profit": 169523,
            "gross_margin": 13.03,
            "gross_margin_4q_avg": 12.08,
            "net_income": -95258,
            "revenue": 1301054,
            "common_shares": 2380283,
            "book_valuer_per_share": 9.2,
            "book_valuer_per_share_4q_avg": 9.33,
            "equity": 2190482,
            "current_ratio": 141.81,
            "debt_ratio": 67.76,
            "inventory_turnover_ratio": 0.46,
            "account_receivable_turnover_ratio": 1.19,
            "reinvestment_rate": null,
            "research_to_sale_ratio": 13.85,
            "price_fair": 0.6,
            "eps_avg_yearly": 0.2,
            "eps_latest_yearly": 0.04,
            "eps_growth_yearly": -214.14
        },
        "20224": {
            "year_quarter": 20224,
            "year": 2022,
            "quarter": 4,
            "eps": -0.51,
            "eps_growth_year": null,
            "eps_4q": -2.04,
            "eps_4q_growth_year": null,
            "roe": -5.7,
            "roe_4q": -21.990000000000002,
            "gross_profit": 205117,
            "gross_margin": 16.81,
            "gross_margin_4q_avg": 13.93,
            "net_income": -121629,
            "revenue": 1220563,
            "common_shares": 2380283,
            "book_valuer_per_share": 8.73,
            "book_valuer_per_share_4q_avg": 9.36,
            "equity": 2077604,
            "current_ratio": 135.37,
            "debt_ratio": 68.24,
            "inventory_turnover_ratio": 0.43,
            "account_receivable_turnover_ratio": 1.16,
            "reinvestment_rate": null,
            "research_to_sale_ratio": 17.66,
            "price_fair": 0.12,
            "eps_avg_yearly": 0.04,
            "eps_latest_yearly": 0.04,
            "eps_growth_yearly": -355.56
        },
        "20231": {
            "year_quarter": 20231,
            "year": 2023,
            "quarter": 1,
            "eps": -0.26,
            "eps_growth_year": null,
            "eps_4q": -1.71,
            "eps_4q_growth_year": null,
            "roe": -3.07,
            "roe_4q": -18.57,
            "gross_profit": 207195,
            "gross_margin": 17.21,
            "gross_margin_4q_avg": 15.28,
            "net_income": -62820,
            "revenue": 1203624,
            "common_shares": 2380283,
            "book_valuer_per_share": 8.49,
            "book_valuer_per_share_4q_avg": 8.98,
            "equity": 2020735,
            "current_ratio": 132.25,
            "debt_ratio": 67.96,
            "inventory_turnover_ratio": 0.44,
            "account_receivable_turnover_ratio": 1.24,
            "reinvestment_rate": null,
            "research_to_sale_ratio": 14.65,
            "price_fair": 0,
            "eps_avg_yearly": 0,
            "eps_latest_yearly": 0,
            "eps_growth_yearly": 0
        },
        "20232": {
            "year_quarter": 20232,
            "year": 2023,
            "quarter": 2,
            "eps": -0.49,
            "eps_growth_year": null,
            "eps_4q": -1.67,
            "eps_4q_growth_year": null,
            "roe": -5.96,
            "roe_4q": -19.01,
            "gross_profit": 140552,
            "gross_margin": 13.54,
            "gross_margin_4q_avg": 15.15,
            "net_income": -117133,
            "revenue": 1038360,
            "common_shares": 2380283,
            "book_valuer_per_share": 8.03,
            "book_valuer_per_share_4q_avg": 8.61,
            "equity": 1911980,
            "current_ratio": 125.47,
            "debt_ratio": 68.95,
            "inventory_turnover_ratio": 0.44,
            "account_receivable_turnover_ratio": 0.95,
            "reinvestment_rate": null,
            "research_to_sale_ratio": 16.16,
            "price_fair": 0,
            "eps_avg_yearly": 0,
            "eps_latest_yearly": 0,
            "eps_growth_yearly": 0
        }
    },
    "months": {
        "2001-06": {
            "month": "2001-06",
            "price": "37.68",
            "revenue": 458294
        },
        "2001-07": {
            "month": "2001-07",
            "price": "35.14",
            "revenue": 490388
        },
        "2001-08": {
            "month": "2001-08",
            "price": "38.67",
            "revenue": 504881
        },
        "2001-09": {
            "month": "2001-09",
            "price": "30.64",
            "revenue": 398686
        },
        "2001-10": {
            "month": "2001-10",
            "price": "24.43",
            "revenue": 317073
        },
        "2001-11": {
            "month": "2001-11",
            "price": "27.21",
            "revenue": 325291
        },
        "2001-12": {
            "month": "2001-12",
            "price": "34.27",
            "revenue": 286200
        },
        "2002-01": {
            "month": "2002-01",
            "price": "36.39",
            "revenue": 200185
        },
        "2002-02": {
            "month": "2002-02",
            "price": "35.78",
            "revenue": 219179
        },
        "2002-03": {
            "month": "2002-03",
            "price": "31.80",
            "revenue": 320565
        },
        "2002-04": {
            "month": "2002-04",
            "price": "32.35",
            "revenue": 316991
        },
        "2002-05": {
            "month": "2002-05",
            "price": "25.14",
            "revenue": 278873
        },
        "2002-06": {
            "month": "2002-06",
            "price": "21.97",
            "revenue": 289556
        },
        "2002-07": {
            "month": "2002-07",
            "price": "22.38",
            "revenue": 276480
        },
        "2002-08": {
            "month": "2002-08",
            "price": "23.16",
            "revenue": 323568
        },
        "2002-09": {
            "month": "2002-09",
            "price": "22.42",
            "revenue": 402520
        },
        "2002-10": {
            "month": "2002-10",
            "price": "22.39",
            "revenue": 324067
        },
        "2002-11": {
            "month": "2002-11",
            "price": "21.62",
            "revenue": 410985
        },
        "2002-12": {
            "month": "2002-12",
            "price": "15.84",
            "revenue": 303018
        },
        "2003-01": {
            "month": "2003-01",
            "price": "15.48",
            "revenue": 300118
        },
        "2003-02": {
            "month": "2003-02",
            "price": "15.50",
            "revenue": 332337
        },
        "2003-03": {
            "month": "2003-03",
            "price": "14.35",
            "revenue": 322315
        },
        "2003-04": {
            "month": "2003-04",
            "price": "13.92",
            "revenue": 294634
        },
        "2003-05": {
            "month": "2003-05",
            "price": "9.98",
            "revenue": 256618
        },
        "2003-06": {
            "month": "2003-06",
            "price": "11.58",
            "revenue": 233406
        },
        "2003-07": {
            "month": "2003-07",
            "price": "12.67",
            "revenue": 269903
        },
        "2003-08": {
            "month": "2003-08",
            "price": "11.62",
            "revenue": 253233
        },
        "2003-09": {
            "month": "2003-09",
            "price": "11.70",
            "revenue": 253847
        },
        "2003-10": {
            "month": "2003-10",
            "price": "11.89",
            "revenue": 320422
        },
        "2003-11": {
            "month": "2003-11",
            "price": "12.68",
            "revenue": 327842
        },
        "2003-12": {
            "month": "2003-12",
            "price": "14.97",
            "revenue": 407985
        },
        "2004-01": {
            "month": "2004-01",
            "price": "14.71",
            "revenue": 265666
        },
        "2004-02": {
            "month": "2004-02",
            "price": "16.96",
            "revenue": 344607
        },
        "2004-03": {
            "month": "2004-03",
            "price": "20.37",
            "revenue": 393922
        },
        "2004-04": {
            "month": "2004-04",
            "price": "20.99",
            "revenue": 372965
        },
        "2004-05": {
            "month": "2004-05",
            "price": "15.83",
            "revenue": 349449
        },
        "2004-06": {
            "month": "2004-06",
            "price": "14.61",
            "revenue": 362269
        },
        "2004-07": {
            "month": "2004-07",
            "price": "12.89",
            "revenue": 355208
        },
        "2004-08": {
            "month": "2004-08",
            "price": "12.78",
            "revenue": 359229
        },
        "2004-09": {
            "month": "2004-09",
            "price": "14.20",
            "revenue": 418809
        },
        "2004-10": {
            "month": "2004-10",
            "price": "14.70",
            "revenue": 403311
        },
        "2004-11": {
            "month": "2004-11",
            "price": "13.34",
            "revenue": 438805
        },
        "2004-12": {
            "month": "2004-12",
            "price": "13.11",
            "revenue": 361251
        },
        "2005-01": {
            "month": "2005-01",
            "price": "12.42",
            "revenue": 319097
        },
        "2005-02": {
            "month": "2005-02",
            "price": "12.80",
            "revenue": 299371
        },
        "2005-03": {
            "month": "2005-03",
            "price": "14.29",
            "revenue": 398178
        },
        "2005-04": {
            "month": "2005-04",
            "price": "13.94",
            "revenue": 332754
        },
        "2005-05": {
            "month": "2005-05",
            "price": "11.93",
            "revenue": 369887
        },
        "2005-06": {
            "month": "2005-06",
            "price": "12.98",
            "revenue": 397511
        },
        "2005-07": {
            "month": "2005-07",
            "price": "13.36",
            "revenue": 415638
        },
        "2005-08": {
            "month": "2005-08",
            "price": "12.42",
            "revenue": 481899
        },
        "2005-09": {
            "month": "2005-09",
            "price": "11.01",
            "revenue": 461039
        },
        "2005-10": {
            "month": "2005-10",
            "price": "9.39",
            "revenue": 455674
        },
        "2005-11": {
            "month": "2005-11",
            "price": "8.96",
            "revenue": 431960
        },
        "2005-12": {
            "month": "2005-12",
            "price": "10.40",
            "revenue": 427617
        },
        "2006-01": {
            "month": "2006-01",
            "price": "10.76",
            "revenue": 447706
        },
        "2006-02": {
            "month": "2006-02",
            "price": "9.87",
            "revenue": 425284
        },
        "2006-03": {
            "month": "2006-03",
            "price": "9.67",
            "revenue": 509691
        },
        "2006-04": {
            "month": "2006-04",
            "price": "12.86",
            "revenue": 524340
        },
        "2006-05": {
            "month": "2006-05",
            "price": "14.23",
            "revenue": 536782
        },
        "2006-06": {
            "month": "2006-06",
            "price": "12.41",
            "revenue": 512172
        },
        "2006-07": {
            "month": "2006-07",
            "price": "12.53",
            "revenue": 439704
        },
        "2006-08": {
            "month": "2006-08",
            "price": "12.62",
            "revenue": 472957
        },
        "2006-09": {
            "month": "2006-09",
            "price": "12.50",
            "revenue": 442388
        },
        "2006-10": {
            "month": "2006-10",
            "price": "14.06",
            "revenue": 487762
        },
        "2006-11": {
            "month": "2006-11",
            "price": "14.82",
            "revenue": 531822
        },
        "2006-12": {
            "month": "2006-12",
            "price": "14.91",
            "revenue": 505084
        },
        "2007-01": {
            "month": "2007-01",
            "price": "14.71",
            "revenue": 480283
        },
        "2007-02": {
            "month": "2007-02",
            "price": "14.36",
            "revenue": 402890
        },
        "2007-03": {
            "month": "2007-03",
            "price": "14.71",
            "revenue": 563497
        },
        "2007-04": {
            "month": "2007-04",
            "price": "16.17",
            "revenue": 507820
        },
        "2007-05": {
            "month": "2007-05",
            "price": "16.49",
            "revenue": 521615
        },
        "2007-06": {
            "month": "2007-06",
            "price": "19.79",
            "revenue": 626958
        },
        "2007-07": {
            "month": "2007-07",
            "price": "23.26",
            "revenue": 650647
        },
        "2007-08": {
            "month": "2007-08",
            "price": "25.38",
            "revenue": 672624
        },
        "2007-09": {
            "month": "2007-09",
            "price": "24.80",
            "revenue": 701372
        },
        "2007-10": {
            "month": "2007-10",
            "price": "28.84",
            "revenue": 717702
        },
        "2007-11": {
            "month": "2007-11",
            "price": "24.25",
            "revenue": 604626
        },
        "2007-12": {
            "month": "2007-12",
            "price": "19.77",
            "revenue": 605981
        },
        "2008-01": {
            "month": "2008-01",
            "price": "17.21",
            "revenue": 585628
        },
        "2008-02": {
            "month": "2008-02",
            "price": "16.74",
            "revenue": 664438
        },
        "2008-03": {
            "month": "2008-03",
            "price": "18.34",
            "revenue": 668439
        },
        "2008-04": {
            "month": "2008-04",
            "price": "20.62",
            "revenue": 516504
        },
        "2008-05": {
            "month": "2008-05",
            "price": "19.95",
            "revenue": 546113
        },
        "2008-06": {
            "month": "2008-06",
            "price": "16.67",
            "revenue": 658871
        },
        "2008-07": {
            "month": "2008-07",
            "price": "15.18",
            "revenue": 694728
        },
        "2008-08": {
            "month": "2008-08",
            "price": "16.17",
            "revenue": 718839
        },
        "2008-09": {
            "month": "2008-09",
            "price": "13.70",
            "revenue": 759556
        },
        "2008-10": {
            "month": "2008-10",
            "price": "11.62",
            "revenue": 766563
        },
        "2008-11": {
            "month": "2008-11",
            "price": "9.85",
            "revenue": 673025
        },
        "2008-12": {
            "month": "2008-12",
            "price": "10.77",
            "revenue": 779149
        },
        "2009-01": {
            "month": "2009-01",
            "price": "11.87",
            "revenue": 434260
        },
        "2009-02": {
            "month": "2009-02",
            "price": "11.11",
            "revenue": 424774
        },
        "2009-03": {
            "month": "2009-03",
            "price": "11.77",
            "revenue": 541833
        },
        "2009-04": {
            "month": "2009-04",
            "price": "14.66",
            "revenue": 472615
        },
        "2009-05": {
            "month": "2009-05",
            "price": "16.46",
            "revenue": 492394
        },
        "2009-06": {
            "month": "2009-06",
            "price": "14.83",
            "revenue": 538072
        },
        "2009-07": {
            "month": "2009-07",
            "price": "14.82",
            "revenue": 463950
        },
        "2009-08": {
            "month": "2009-08",
            "price": "14.18",
            "revenue": 538314
        },
        "2009-09": {
            "month": "2009-09",
            "price": "14.85",
            "revenue": 555727
        },
        "2009-10": {
            "month": "2009-10",
            "price": "15.28",
            "revenue": 566689
        },
        "2009-11": {
            "month": "2009-11",
            "price": "14.75",
            "revenue": 577086
        },
        "2009-12": {
            "month": "2009-12",
            "price": "15.47",
            "revenue": 772177
        },
        "2010-01": {
            "month": "2010-01",
            "price": "17.79",
            "revenue": 568646
        },
        "2010-02": {
            "month": "2010-02",
            "price": "18.09",
            "revenue": 610737
        },
        "2010-03": {
            "month": "2010-03",
            "price": "20.64",
            "revenue": 636568
        },
        "2010-04": {
            "month": "2010-04",
            "price": "20.07",
            "revenue": 605392
        },
        "2010-05": {
            "month": "2010-05",
            "price": "17.50",
            "revenue": 678927
        },
        "2010-06": {
            "month": "2010-06",
            "price": "16.37",
            "revenue": 781892
        },
        "2010-07": {
            "month": "2010-07",
            "price": "17.75",
            "revenue": 704074
        },
        "2010-08": {
            "month": "2010-08",
            "price": "19.74",
            "revenue": 730683
        },
        "2010-09": {
            "month": "2010-09",
            "price": "19.08",
            "revenue": 688843
        },
        "2010-10": {
            "month": "2010-10",
            "price": "19.70",
            "revenue": 616084
        },
        "2010-11": {
            "month": "2010-11",
            "price": "18.18",
            "revenue": 802719
        },
        "2010-12": {
            "month": "2010-12",
            "price": "19.22",
            "revenue": 686711
        },
        "2011-01": {
            "month": "2011-01",
            "price": "18.36",
            "revenue": 630633
        },
        "2011-02": {
            "month": "2011-02",
            "price": "16.97",
            "revenue": 605392
        },
        "2011-03": {
            "month": "2011-03",
            "price": "15.63",
            "revenue": 639310
        },
        "2011-04": {
            "month": "2011-04",
            "price": "14.65",
            "revenue": 656136
        },
        "2011-05": {
            "month": "2011-05",
            "price": "14.67",
            "revenue": 524808
        },
        "2011-06": {
            "month": "2011-06",
            "price": "15.52",
            "revenue": 476724
        },
        "2011-07": {
            "month": "2011-07",
            "price": "13.34",
            "revenue": 413728
        },
        "2011-08": {
            "month": "2011-08",
            "price": "9.91",
            "revenue": 414462
        },
        "2011-09": {
            "month": "2011-09",
            "price": "7.13",
            "revenue": 432141
        },
        "2011-10": {
            "month": "2011-10",
            "price": "6.92",
            "revenue": 420370
        },
        "2011-11": {
            "month": "2011-11",
            "price": "6.17",
            "revenue": 549421
        },
        "2011-12": {
            "month": "2011-12",
            "price": "5.56",
            "revenue": 913746
        },
        "2012-01": {
            "month": "2012-01",
            "price": "9.74",
            "revenue": 631142
        },
        "2012-02": {
            "month": "2012-02",
            "price": "12.21",
            "revenue": 629967
        },
        "2012-03": {
            "month": "2012-03",
            "price": "11.89",
            "revenue": 681482
        },
        "2012-04": {
            "month": "2012-04",
            "price": "9.55",
            "revenue": 710380
        },
        "2012-05": {
            "month": "2012-05",
            "price": "9.57",
            "revenue": 719758
        },
        "2012-06": {
            "month": "2012-06",
            "price": "9.87",
            "revenue": 818428
        },
        "2012-07": {
            "month": "2012-07",
            "price": "10.69",
            "revenue": 551445
        },
        "2012-08": {
            "month": "2012-08",
            "price": "11.12",
            "revenue": 557284
        },
        "2012-09": {
            "month": "2012-09",
            "price": "11.40",
            "revenue": 564052
        },
        "2012-10": {
            "month": "2012-10",
            "price": "12.04",
            "revenue": 505040
        },
        "2012-11": {
            "month": "2012-11",
            "price": "11.33",
            "revenue": 541011
        },
        "2012-12": {
            "month": "2012-12",
            "price": "13.79",
            "revenue": 651194
        },
        "2013-01": {
            "month": "2013-01",
            "price": "13.83",
            "revenue": 477620
        },
        "2013-02": {
            "month": "2013-02",
            "price": "13.32",
            "revenue": 407066
        },
        "2013-03": {
            "month": "2013-03",
            "price": "19.12",
            "revenue": 578064
        },
        "2013-04": {
            "month": "2013-04",
            "price": "17.31",
            "revenue": 584066
        },
        "2013-05": {
            "month": "2013-05",
            "price": "18.02",
            "revenue": 668107
        },
        "2013-06": {
            "month": "2013-06",
            "price": "18.02",
            "revenue": 689401
        },
        "2013-07": {
            "month": "2013-07",
            "price": "19.44",
            "revenue": 603566
        },
        "2013-08": {
            "month": "2013-08",
            "price": "20.03",
            "revenue": 501404
        },
        "2013-09": {
            "month": "2013-09",
            "price": "20.03",
            "revenue": 603250
        },
        "2013-10": {
            "month": "2013-10",
            "price": "18.42",
            "revenue": 544046
        },
        "2013-11": {
            "month": "2013-11",
            "price": "17.89",
            "revenue": 586939
        },
        "2013-12": {
            "month": "2013-12",
            "price": "17.47",
            "revenue": 566238
        },
        "2014-01": {
            "month": "2014-01",
            "price": "19.29",
            "revenue": 542953
        },
        "2014-02": {
            "month": "2014-02",
            "price": "18.51",
            "revenue": 514521
        },
        "2014-03": {
            "month": "2014-03",
            "price": "18.13",
            "revenue": 540327
        },
        "2014-04": {
            "month": "2014-04",
            "price": "17.42",
            "revenue": 487225
        },
        "2014-05": {
            "month": "2014-05",
            "price": "16.80",
            "revenue": 482991
        },
        "2014-06": {
            "month": "2014-06",
            "price": "17.21",
            "revenue": 524364
        },
        "2014-07": {
            "month": "2014-07",
            "price": "18.78",
            "revenue": 535972
        },
        "2014-08": {
            "month": "2014-08",
            "price": "17.79",
            "revenue": 504466
        },
        "2014-09": {
            "month": "2014-09",
            "price": "16.90",
            "revenue": 473307
        },
        "2014-10": {
            "month": "2014-10",
            "price": "15.10",
            "revenue": 526899
        },
        "2014-11": {
            "month": "2014-11",
            "price": "13.95",
            "revenue": 589438
        },
        "2014-12": {
            "month": "2014-12",
            "price": "14.20",
            "revenue": 540290
        },
        "2015-01": {
            "month": "2015-01",
            "price": "14.64",
            "revenue": 635659
        },
        "2015-02": {
            "month": "2015-02",
            "price": "13.90",
            "revenue": 519933
        },
        "2015-03": {
            "month": "2015-03",
            "price": "13.52",
            "revenue": 468552
        },
        "2015-04": {
            "month": "2015-04",
            "price": "12.88",
            "revenue": 431242
        },
        "2015-05": {
            "month": "2015-05",
            "price": "12.50",
            "revenue": 390673
        },
        "2015-06": {
            "month": "2015-06",
            "price": "11.45",
            "revenue": 416099
        },
        "2015-07": {
            "month": "2015-07",
            "price": "9.42",
            "revenue": 474505
        },
        "2015-08": {
            "month": "2015-08",
            "price": "8.13",
            "revenue": 469548
        },
        "2015-09": {
            "month": "2015-09",
            "price": "7.56",
            "revenue": 542254
        },
        "2015-10": {
            "month": "2015-10",
            "price": "8.63",
            "revenue": 539854
        },
        "2015-11": {
            "month": "2015-11",
            "price": "8.84",
            "revenue": 649338
        },
        "2015-12": {
            "month": "2015-12",
            "price": "9.70",
            "revenue": 783946
        },
        "2016-01": {
            "month": "2016-01",
            "price": "12.23",
            "revenue": 670275
        },
        "2016-02": {
            "month": "2016-02",
            "price": "11.72",
            "revenue": 638133
        },
        "2016-03": {
            "month": "2016-03",
            "price": "11.14",
            "revenue": 716990
        },
        "2016-04": {
            "month": "2016-04",
            "price": "9.81",
            "revenue": 629435
        },
        "2016-05": {
            "month": "2016-05",
            "price": "9.64",
            "revenue": 606840
        },
        "2016-06": {
            "month": "2016-06",
            "price": "10.01",
            "revenue": 575086
        },
        "2016-07": {
            "month": "2016-07",
            "price": "10.68",
            "revenue": 588586
        },
        "2016-08": {
            "month": "2016-08",
            "price": "11.94",
            "revenue": 646694
        },
        "2016-09": {
            "month": "2016-09",
            "price": "15.39",
            "revenue": 644812
        },
        "2016-10": {
            "month": "2016-10",
            "price": "26.08",
            "revenue": 650970
        },
        "2016-11": {
            "month": "2016-11",
            "price": "23.86",
            "revenue": 618498
        },
        "2016-12": {
            "month": "2016-12",
            "price": "25.77",
            "revenue": 612876
        },
        "2017-01": {
            "month": "2017-01",
            "price": "24.88",
            "revenue": 520739
        },
        "2017-02": {
            "month": "2017-02",
            "price": "25.95",
            "revenue": 610098
        },
        "2017-03": {
            "month": "2017-03",
            "price": "31.31",
            "revenue": 591699
        },
        "2017-04": {
            "month": "2017-04",
            "price": "29.61",
            "revenue": 586153
        },
        "2017-05": {
            "month": "2017-05",
            "price": "33.12",
            "revenue": 640819
        },
        "2017-06": {
            "month": "2017-06",
            "price": "36.04",
            "revenue": 650976
        },
        "2017-07": {
            "month": "2017-07",
            "price": "35.12",
            "revenue": 653627
        },
        "2017-08": {
            "month": "2017-08",
            "price": "35.72",
            "revenue": 668975
        },
        "2017-09": {
            "month": "2017-09",
            "price": "37.45",
            "revenue": 678046
        },
        "2017-10": {
            "month": "2017-10",
            "price": "35.30",
            "revenue": 675340
        },
        "2017-11": {
            "month": "2017-11",
            "price": "34.50",
            "revenue": 683028
        },
        "2017-12": {
            "month": "2017-12",
            "price": "31.12",
            "revenue": 592155
        },
        "2018-01": {
            "month": "2018-01",
            "price": "31.74",
            "revenue": 590644
        },
        "2018-02": {
            "month": "2018-02",
            "price": "28.28",
            "revenue": 500957
        },
        "2018-03": {
            "month": "2018-03",
            "price": "27.75",
            "revenue": 552821
        },
        "2018-04": {
            "month": "2018-04",
            "price": "27.67",
            "revenue": 589772
        },
        "2018-05": {
            "month": "2018-05",
            "price": "25.78",
            "revenue": 620379
        },
        "2018-06": {
            "month": "2018-06",
            "price": "27.08",
            "revenue": 686971
        },
        "2018-07": {
            "month": "2018-07",
            "price": "25.78",
            "revenue": 723725
        },
        "2018-08": {
            "month": "2018-08",
            "price": "24.05",
            "revenue": 803087
        },
        "2018-09": {
            "month": "2018-09",
            "price": "21.17",
            "revenue": 731825
        },
        "2018-10": {
            "month": "2018-10",
            "price": "17.24",
            "revenue": 807577
        },
        "2018-11": {
            "month": "2018-11",
            "price": "18.60",
            "revenue": 782240
        },
        "2018-12": {
            "month": "2018-12",
            "price": "20.73",
            "revenue": 574731
        },
        "2019-01": {
            "month": "2019-01",
            "price": "20.08",
            "revenue": 670289
        },
        "2019-02": {
            "month": "2019-02",
            "price": "21.08",
            "revenue": 514393
        },
        "2019-03": {
            "month": "2019-03",
            "price": "23.82",
            "revenue": 501322
        },
        "2019-04": {
            "month": "2019-04",
            "price": "27.76",
            "revenue": 501179
        },
        "2019-05": {
            "month": "2019-05",
            "price": "23.74",
            "revenue": 515915
        },
        "2019-06": {
            "month": "2019-06",
            "price": "24.35",
            "revenue": 471497
        },
        "2019-07": {
            "month": "2019-07",
            "price": "25.53",
            "revenue": 392794
        },
        "2019-08": {
            "month": "2019-08",
            "price": "23.80",
            "revenue": 403498
        },
        "2019-09": {
            "month": "2019-09",
            "price": "24.24",
            "revenue": 398939
        },
        "2019-10": {
            "month": "2019-10",
            "price": "23.05",
            "revenue": 423911
        },
        "2019-11": {
            "month": "2019-11",
            "price": "23.02",
            "revenue": 553803
        },
        "2019-12": {
            "month": "2019-12",
            "price": "23.87",
            "revenue": 445272
        },
        "2020-01": {
            "month": "2020-01",
            "price": "23.74",
            "revenue": 374659
        },
        "2020-02": {
            "month": "2020-02",
            "price": "21.33",
            "revenue": 207031
        },
        "2020-03": {
            "month": "2020-03",
            "price": "16.88",
            "revenue": 321361
        },
        "2020-04": {
            "month": "2020-04",
            "price": "18.12",
            "revenue": 321650
        },
        "2020-05": {
            "month": "2020-05",
            "price": "21.36",
            "revenue": 395492
        },
        "2020-06": {
            "month": "2020-06",
            "price": "22.10",
            "revenue": 386505
        },
        "2020-07": {
            "month": "2020-07",
            "price": "22.71",
            "revenue": 336710
        },
        "2020-08": {
            "month": "2020-08",
            "price": "23.93",
            "revenue": 300711
        },
        "2020-09": {
            "month": "2020-09",
            "price": "23.58",
            "revenue": 300914
        },
        "2020-10": {
            "month": "2020-10",
            "price": "22.36",
            "revenue": 288686
        },
        "2020-11": {
            "month": "2020-11",
            "price": "24.50",
            "revenue": 347106
        },
        "2020-12": {
            "month": "2020-12",
            "price": "31.81",
            "revenue": 367323
        },
        "2021-01": {
            "month": "2021-01",
            "price": "33.17",
            "revenue": 402476
        },
        "2021-02": {
            "month": "2021-02",
            "price": "33.04",
            "revenue": 275447
        },
        "2021-03": {
            "month": "2021-03",
            "price": "34.61",
            "revenue": 323439
        },
        "2021-04": {
            "month": "2021-04",
            "price": "41.27",
            "revenue": 310826
        },
        "2021-05": {
            "month": "2021-05",
            "price": "33.94",
            "revenue": 316202
        },
        "2021-06": {
            "month": "2021-06",
            "price": "48.18",
            "revenue": 374577
        },
        "2021-07": {
            "month": "2021-07",
            "price": "57.05",
            "revenue": 316031
        },
        "2021-08": {
            "month": "2021-08",
            "price": "52.86",
            "revenue": 319118
        },
        "2021-09": {
            "month": "2021-09",
            "price": "66.30",
            "revenue": 367905
        },
        "2021-10": {
            "month": "2021-10",
            "price": "73.39",
            "revenue": 320038
        },
        "2021-11": {
            "month": "2021-11",
            "price": "82.88",
            "revenue": 351584
        },
        "2021-12": {
            "month": "2021-12",
            "price": "76.83",
            "revenue": 252341
        },
        "2022-01": {
            "month": "2022-01",
            "price": "69.48",
            "revenue": 265051
        },
        "2022-02": {
            "month": "2022-02",
            "price": "60.23",
            "revenue": 280036
        },
        "2022-03": {
            "month": "2022-03",
            "price": "59.78",
            "revenue": 388750
        },
        "2022-04": {
            "month": "2022-04",
            "price": "59.96",
            "revenue": 337985
        },
        "2022-05": {
            "month": "2022-05",
            "price": "56.54",
            "revenue": 353626
        },
        "2022-06": {
            "month": "2022-06",
            "price": "58.42",
            "revenue": 334978
        },
        "2022-07": {
            "month": "2022-07",
            "price": "44.54",
            "revenue": 421381
        },
        "2022-08": {
            "month": "2022-08",
            "price": "49.18",
            "revenue": 431594
        },
        "2022-09": {
            "month": "2022-09",
            "price": "45.72",
            "revenue": 448085
        },
        "2022-10": {
            "month": "2022-10",
            "price": "36.56",
            "revenue": 400957
        },
        "2022-11": {
            "month": "2022-11",
            "price": "37.90",
            "revenue": 410812
        },
        "2022-12": {
            "month": "2022-12",
            "price": "40.25",
            "revenue": 408807
        },
        "2023-01": {
            "month": "2023-01",
            "price": "39.21",
            "revenue": 448283
        },
        "2023-02": {
            "month": "2023-02",
            "price": "43.47",
            "revenue": 433730
        },
        "2023-03": {
            "month": "2023-03",
            "price": "43.79",
            "revenue": 321582
        },
        "2023-04": {
            "month": "2023-04",
            "price": "45.09",
            "revenue": 337179
        },
        "2023-05": {
            "month": "2023-05",
            "price": "47.19",
            "revenue": 358728
        },
        "2023-06": {
            "month": "2023-06",
            "price": "45.50",
            "revenue": 342456
        },
        "2023-07": {
            "month": "2023-07",
            "price": "44.49",
            "revenue": 273437
        },
        "2023-08": {
            "month": "2023-08",
            "price": "40.47",
            "revenue": 228747
        }
    }
}
