{
    "summary": {
        "stock_name": "楠梓電",
        "stock_id": "2316",
        "category": "電子零組件",
        "main_business": "各類印刷電路板之製造,加工,組裝,銷售及服務.",
        "website_url": "http://www.wus.com.tw",
        "ceo": "陳志康",
        "pe_ratio": 52,
        "report_year_from": 2001,
        "report_year_to": 2023,
        "age": 23,
        "eps_negative_percentage": 17,
        "eps_growth_avg": {
            "last_all": -3.11,
            "last_2y": -16.46,
            "last_4y": 4.88,
            "last_8y": 3.46,
            "last_12y": 4.4,
            "last_16y": 6.16,
            "last_20y": -3.11,
            "at_2006_last_3y": -35.57,
            "at_2007_last_3y": -44.09,
            "at_2008_last_3y": -90.88,
            "at_2009_last_3y": -100,
            "at_2010_last_3y": 29.11,
            "at_2011_last_3y": 29.26,
            "at_2012_last_3y": 16.23,
            "at_2013_last_3y": 5.45,
            "at_2014_last_3y": 6.5,
            "at_2015_last_3y": 24.15,
            "at_2016_last_3y": 1.91,
            "at_2017_last_3y": -14.98,
            "at_2018_last_3y": 1.69,
            "at_2019_last_3y": -0.92,
            "at_2020_last_3y": 19.84,
            "at_2021_last_3y": 52.68,
            "at_2022_last_3y": 26.66,
            "at_2023_last_3y": -16.28,
            "at_2024_last_3y": -16.28,
            "at_2006_last_all": -35.57,
            "at_2007_last_all": -35.57,
            "at_2008_last_all": -35.57,
            "at_2009_last_all": -35.57,
            "at_2010_last_all": -22.63,
            "at_2011_last_all": -13.96,
            "at_2012_last_all": -13.37,
            "at_2013_last_all": -15.06,
            "at_2014_last_all": -9.68,
            "at_2015_last_all": 1.29,
            "at_2016_last_all": -7.81,
            "at_2017_last_all": -15.03,
            "at_2018_last_all": -6.18,
            "at_2019_last_all": 0.66,
            "at_2020_last_all": -0.44,
            "at_2021_last_all": 1.9,
            "at_2022_last_all": 1.54,
            "at_2023_last_all": -3.11,
            "at_2024_last_all": -3.11
        },
        "latest_eps": 0.76,
        "latest_price": 39.85,
        "latest_roe": 1.69,
        "latest_gross_margin": -7.95,
        "latest_equity": 8196111,
        "latest_revenue": 891335,
        "latest_gross_profit": -70856,
        "latest_net_income": 123990,
        "latest_debt_ratio": 40.75,
        "latest_current_ratio": 140.15,
        "latest_account_receivable_turnover_ratio": 0.97,
        "latest_inventory_turnover_ratio": 1.04,
        "latest_reinvestment_rate": 175.32,
        "latest_research_to_sale_ratio": 1.25
    },
    "eps_dividends": {
        "1991": {
            "cash": 0,
            "stock": 2,
            "eps": 0
        },
        "1992": {
            "cash": 0,
            "stock": 1.5,
            "eps": 0
        },
        "1995": {
            "cash": 0,
            "stock": 3,
            "eps": 0
        },
        "1996": {
            "cash": 0.5,
            "stock": 3,
            "eps": 0
        },
        "1997": {
            "cash": 0,
            "stock": 3,
            "eps": 0
        },
        "1998": {
            "cash": 0,
            "stock": 3,
            "eps": 0
        },
        "1999": {
            "cash": 0,
            "stock": 2.5,
            "eps": 0
        },
        "2000": {
            "cash": 0,
            "stock": 1,
            "eps": 0
        },
        "2001": {
            "cash": 1.5,
            "stock": 0,
            "eps": -1
        },
        "2002": {
            "cash": 0,
            "stock": 0,
            "eps": 1.1
        },
        "2003": {
            "cash": 0,
            "stock": 0,
            "eps": 0.99
        },
        "2004": {
            "cash": 0.51,
            "stock": 0.3,
            "eps": 1.48
        },
        "2005": {
            "cash": 0.5,
            "stock": 0.3,
            "eps": 0.27
        },
        "2006": {
            "cash": 0.1,
            "stock": 0,
            "eps": -2.24
        },
        "2007": {
            "cash": 0,
            "stock": 0,
            "eps": -1.1
        },
        "2008": {
            "cash": 0,
            "stock": 0,
            "eps": -1.07
        },
        "2009": {
            "cash": 0,
            "stock": 0,
            "eps": 0.79
        },
        "2010": {
            "cash": 0,
            "stock": 0,
            "eps": 1.02
        },
        "2011": {
            "cash": 0,
            "stock": 0,
            "eps": 1.32
        },
        "2012": {
            "cash": 0,
            "stock": 0,
            "eps": 1.19
        },
        "2013": {
            "cash": 0.2,
            "stock": 0,
            "eps": 0.87
        },
        "2014": {
            "cash": 0.8,
            "stock": 0,
            "eps": 1.16
        },
        "2015": {
            "cash": 1.5,
            "stock": 0,
            "eps": 14.87
        },
        "2016": {
            "cash": 4.5,
            "stock": 0,
            "eps": 0.18
        },
        "2017": {
            "cash": 0,
            "stock": 0,
            "eps": 0.01
        },
        "2018": {
            "cash": 0,
            "stock": 0,
            "eps": 1.34
        },
        "2019": {
            "cash": 1,
            "stock": 0,
            "eps": 2.54
        },
        "2020": {
            "cash": 0.5,
            "stock": 0,
            "eps": 2.14
        },
        "2021": {
            "cash": 1.5,
            "stock": 0,
            "eps": 2.93
        },
        "2022": {
            "cash": 1,
            "stock": 0,
            "eps": 2.81
        },
        "2023": {
            "cash": 0.5,
            "stock": 0,
            "eps": 0.5
        }
    },
    "dividends": {
        "1991-05-09": {
            "cash": 0,
            "stock": 2
        },
        "1992-06-01": {
            "cash": 0,
            "stock": 1.5
        },
        "1995-05-12": {
            "cash": 0,
            "stock": 3
        },
        "1996-05-28": {
            "cash": 0.5,
            "stock": 3
        },
        "1997-05-20": {
            "cash": 0,
            "stock": 3
        },
        "1998-05-02": {
            "cash": 0,
            "stock": 3
        },
        "1999-06-15": {
            "cash": 0,
            "stock": 2.5
        },
        "2000-05-31": {
            "cash": 0,
            "stock": 1
        },
        "2001-05-22": {
            "cash": 1.5,
            "stock": 0
        },
        "2004-04-26": {
            "cash": 0.51,
            "stock": 0.3
        },
        "2005-04-26": {
            "cash": 0.5,
            "stock": 0.3
        },
        "2006-03-28": {
            "cash": 0.1,
            "stock": 0
        },
        "2013-04-29": {
            "cash": 0.2,
            "stock": 0
        },
        "2014-06-11": {
            "cash": 0.8,
            "stock": 0
        },
        "2015-07-28": {
            "cash": 1.5,
            "stock": 0
        },
        "2016-07-28": {
            "cash": 4.5,
            "stock": 0
        },
        "2019-07-31": {
            "cash": 1,
            "stock": 0
        },
        "2020-07-31": {
            "cash": 0.5,
            "stock": 0
        },
        "2021-09-17": {
            "cash": 1.5,
            "stock": 0
        },
        "2022-07-29": {
            "cash": 1,
            "stock": 0
        },
        "2023-08-15": {
            "cash": 0.5,
            "stock": 0
        }
    },
    "prices": {
        "200101": "36.90",
        "200102": "39.62",
        "200103": "33.69",
        "200104": "31.92",
        "200105": "24.87",
        "200106": "22.72",
        "200107": "16.00",
        "200108": "16.41",
        "200109": "13.14",
        "200110": "11.85",
        "200111": "15.83",
        "200112": "18.31",
        "200201": "18.31",
        "200202": "16.89",
        "200203": "20.09",
        "200204": "23.40",
        "200205": "21.81",
        "200206": "19.38",
        "200207": "19.41",
        "200208": "19.51",
        "200209": "17.27",
        "200210": "15.68",
        "200211": "16.64",
        "200212": "18.01",
        "200301": "18.55",
        "200302": "17.09",
        "200303": "13.50",
        "200304": "12.99",
        "200305": "10.88",
        "200306": "12.63",
        "200307": "13.32",
        "200308": "13.01",
        "200309": "14.61",
        "200310": "16.11",
        "200311": "20.73",
        "200312": "20.07",
        "200401": "21.51",
        "200402": "23.00",
        "200403": "20.40",
        "200404": "22.60",
        "200405": "21.57",
        "200406": "18.71",
        "200407": "16.11",
        "200408": "15.60",
        "200409": "16.78",
        "200410": "14.95",
        "200411": "14.35",
        "200412": "14.05",
        "200501": "13.77",
        "200502": "14.71",
        "200503": "14.52",
        "200504": "12.79",
        "200505": "11.12",
        "200506": "13.07",
        "200507": "12.74",
        "200508": "11.11",
        "200509": "11.17",
        "200510": "10.04",
        "200511": "9.51",
        "200512": "12.72",
        "200601": "14.04",
        "200602": "13.65",
        "200603": "13.65",
        "200604": "15.01",
        "200605": "13.75",
        "200606": "10.93",
        "200607": "10.54",
        "200608": "11.32",
        "200609": "11.09",
        "200610": "11.38",
        "200611": "11.52",
        "200612": "12.08",
        "200701": "15.35",
        "200702": "14.33",
        "200703": "13.95",
        "200704": "15.07",
        "200705": "13.73",
        "200706": "14.35",
        "200707": "15.01",
        "200708": "12.28",
        "200709": "11.26",
        "200710": "12.12",
        "200711": "10.65",
        "200712": "8.75",
        "200801": "7.71",
        "200802": "7.23",
        "200803": "8.38",
        "200804": "8.61",
        "200805": "8.92",
        "200806": "8.08",
        "200807": "5.74",
        "200808": "5.73",
        "200809": "4.46",
        "200810": "3.47",
        "200811": "3.57",
        "200812": "3.71",
        "200901": "3.79",
        "200902": "3.95",
        "200903": "4.81",
        "200904": "6.44",
        "200905": "7.28",
        "200906": "6.79",
        "200907": "7.23",
        "200908": "8.57",
        "200909": "9.68",
        "200910": "10.35",
        "200911": "10.92",
        "200912": "11.41",
        "201001": "11.96",
        "201002": "10.93",
        "201003": "12.19",
        "201004": "13.23",
        "201005": "12.94",
        "201006": "12.45",
        "201007": "13.52",
        "201008": "16.94",
        "201009": "18.76",
        "201010": "18.00",
        "201011": "18.44",
        "201012": "20.20",
        "201101": "21.49",
        "201102": "21.15",
        "201103": "19.22",
        "201104": "18.67",
        "201105": "18.46",
        "201106": "18.96",
        "201107": "18.36",
        "201108": "18.38",
        "201109": "17.14",
        "201110": "15.46",
        "201111": "13.86",
        "201112": "10.95",
        "201201": "10.90",
        "201202": "13.38",
        "201203": "13.91",
        "201204": "12.98",
        "201205": "13.95",
        "201206": "13.89",
        "201207": "13.21",
        "201208": "13.14",
        "201209": "13.73",
        "201210": "13.06",
        "201211": "11.86",
        "201212": "12.37",
        "201301": "12.59",
        "201302": "12.65",
        "201303": "12.57",
        "201304": "12.08",
        "201305": "12.20",
        "201306": "11.96",
        "201307": "11.96",
        "201308": "11.79",
        "201309": "12.23",
        "201310": "12.94",
        "201311": "12.80",
        "201312": "12.92",
        "201401": "13.52",
        "201402": "15.41",
        "201403": "15.39",
        "201404": "16.14",
        "201405": "16.09",
        "201406": "16.52",
        "201407": "15.53",
        "201408": "14.85",
        "201409": "14.67",
        "201410": "13.94",
        "201411": "13.63",
        "201412": "13.83",
        "201501": "14.49",
        "201502": "14.69",
        "201503": "15.57",
        "201504": "21.57",
        "201505": "25.82",
        "201506": "29.59",
        "201507": "24.63",
        "201508": "23.95",
        "201509": "23.74",
        "201510": "26.19",
        "201511": "26.53",
        "201512": "26.19",
        "201601": "24.79",
        "201602": "27.66",
        "201603": "30.37",
        "201604": "28.36",
        "201605": "25.05",
        "201606": "26.89",
        "201607": "23.49",
        "201608": "21.53",
        "201609": "20.10",
        "201610": "17.90",
        "201611": "16.67",
        "201612": "17.98",
        "201701": "17.54",
        "201702": "19.26",
        "201703": "20.42",
        "201704": "18.17",
        "201705": "17.39",
        "201706": "17.32",
        "201707": "17.25",
        "201708": "18.64",
        "201709": "20.57",
        "201710": "19.70",
        "201711": "19.42",
        "201712": "19.39",
        "201801": "18.95",
        "201802": "17.60",
        "201803": "17.52",
        "201804": "16.35",
        "201805": "15.95",
        "201806": "16.60",
        "201807": "15.74",
        "201808": "16.60",
        "201809": "17.05",
        "201810": "15.28",
        "201811": "15.32",
        "201812": "15.01",
        "201901": "15.45",
        "201902": "17.96",
        "201903": "20.50",
        "201904": "23.35",
        "201905": "22.43",
        "201906": "22.08",
        "201907": "25.38",
        "201908": "32.88",
        "201909": "42.22",
        "201910": "45.06",
        "201911": "36.90",
        "201912": "36.44",
        "202001": "34.44",
        "202002": "32.38",
        "202003": "27.40",
        "202004": "28.22",
        "202005": "31.12",
        "202006": "30.99",
        "202007": "31.50",
        "202008": "31.59",
        "202009": "31.11",
        "202010": "29.63",
        "202011": "29.87",
        "202012": "31.24",
        "202101": "30.93",
        "202102": "30.78",
        "202103": "30.90",
        "202104": "34.48",
        "202105": "29.00",
        "202106": "29.55",
        "202107": "30.57",
        "202108": "29.14",
        "202109": "27.41",
        "202110": "27.59",
        "202111": "29.01",
        "202112": "31.42",
        "202201": "34.42",
        "202202": "33.18",
        "202203": "31.76",
        "202204": "29.18",
        "202205": "28.65",
        "202206": "29.01",
        "202207": "27.43",
        "202208": "27.77",
        "202209": "26.72",
        "202210": "23.25",
        "202211": "24.51",
        "202212": "26.61",
        "202301": "27.35",
        "202302": "27.96",
        "202303": "28.42",
        "202304": "29.07",
        "202305": "28.25",
        "202306": "28.30",
        "202307": "35.19",
        "202308": "37.74",
        "202309": "37.42",
        "202310": "35.53",
        "202311": "36.70",
        "202312": "37.96"
    },
    "quarters": {
        "20011": {
            "year_quarter": 20011,
            "year": 2001,
            "quarter": 1,
            "eps": 0.16,
            "eps_growth_year": -27.27,
            "eps_4q": 2.78,
            "eps_4q_growth_year": 172.73,
            "roe": 0.95,
            "roe_4q": 0.95,
            "gross_profit": 246032,
            "gross_margin": 16.23,
            "gross_margin_4q_avg": 16.23,
            "net_income": 72616,
            "net_income_4q": null,
            "revenue": 1515939,
            "revenue_4q": null,
            "common_shares": 4219599,
            "book_valuer_per_share": 17.09,
            "book_valuer_per_share_4q_avg": 17.09,
            "equity": 7210636,
            "current_ratio": 241.85,
            "debt_ratio": 45.96,
            "inventory_turnover_ratio": 1.72,
            "account_receivable_turnover_ratio": null,
            "reinvestment_rate": null,
            "research_to_sale_ratio": null,
            "price_fair": 0,
            "eps_avg_yearly": 0,
            "eps_latest_yearly": 0,
            "eps_growth_yearly": 0
        },
        "20012": {
            "year_quarter": 20012,
            "year": 2001,
            "quarter": 2,
            "eps": -0.11,
            "eps_growth_year": -118.64,
            "eps_4q": 2.34,
            "eps_4q_growth_year": 56.24,
            "roe": -0.69,
            "roe_4q": 0.26,
            "gross_profit": 124673,
            "gross_margin": 11.14,
            "gross_margin_4q_avg": 13.69,
            "net_income": -47423,
            "net_income_4q": null,
            "revenue": 1119438,
            "revenue_4q": null,
            "common_shares": 4219599,
            "book_valuer_per_share": 15.53,
            "book_valuer_per_share_4q_avg": 16.31,
            "equity": 6551737,
            "current_ratio": 218.62,
            "debt_ratio": 48.32,
            "inventory_turnover_ratio": 2.5,
            "account_receivable_turnover_ratio": null,
            "reinvestment_rate": null,
            "research_to_sale_ratio": null,
            "price_fair": 0,
            "eps_avg_yearly": 0,
            "eps_latest_yearly": 0,
            "eps_growth_yearly": 0
        },
        "20013": {
            "year_quarter": 20013,
            "year": 2001,
            "quarter": 3,
            "eps": -0.59,
            "eps_growth_year": -154.13,
            "eps_4q": 0.64,
            "eps_4q_growth_year": -73.01,
            "roe": -3.95,
            "roe_4q": -3.6900000000000004,
            "gross_profit": 316547,
            "gross_margin": 21.93,
            "gross_margin_4q_avg": 16.43,
            "net_income": -254607,
            "net_income_4q": null,
            "revenue": 1443401,
            "revenue_4q": null,
            "common_shares": 4279599,
            "book_valuer_per_share": 14.81,
            "book_valuer_per_share_4q_avg": 15.81,
            "equity": 6337453,
            "current_ratio": 147.34,
            "debt_ratio": 40.02,
            "inventory_turnover_ratio": 2.91,
            "account_receivable_turnover_ratio": null,
            "reinvestment_rate": null,
            "research_to_sale_ratio": null,
            "price_fair": 0,
            "eps_avg_yearly": 0,
            "eps_latest_yearly": 0,
            "eps_growth_yearly": 0
        },
        "20014": {
            "year_quarter": 20014,
            "year": 2001,
            "quarter": 4,
            "eps": -0.46,
            "eps_growth_year": -140,
            "eps_4q": -1.6,
            "eps_4q_growth_year": -155.14,
            "roe": -2.88,
            "roe_4q": -6.569999999999999,
            "gross_profit": 338874,
            "gross_margin": 20.12,
            "gross_margin_4q_avg": 17.36,
            "net_income": -196070,
            "net_income_4q": null,
            "revenue": 1683906,
            "revenue_4q": null,
            "common_shares": 4279599,
            "book_valuer_per_share": 14.43,
            "book_valuer_per_share_4q_avg": 15.47,
            "equity": 7289878,
            "current_ratio": 135.87,
            "debt_ratio": 43.6,
            "inventory_turnover_ratio": 3.1,
            "account_receivable_turnover_ratio": null,
            "reinvestment_rate": null,
            "research_to_sale_ratio": null,
            "price_fair": 0,
            "eps_avg_yearly": 0,
            "eps_latest_yearly": 0,
            "eps_growth_yearly": 0
        },
        "20021": {
            "year_quarter": 20021,
            "year": 2002,
            "quarter": 1,
            "eps": 0.25,
            "eps_growth_year": 56.25,
            "eps_4q": -0.91,
            "eps_4q_growth_year": -132.74,
            "roe": 1.59,
            "roe_4q": -5.93,
            "gross_profit": 212444,
            "gross_margin": 17.77,
            "gross_margin_4q_avg": 17.74,
            "net_income": 107410,
            "net_income_4q": null,
            "revenue": 1195734,
            "revenue_4q": null,
            "common_shares": 4279599,
            "book_valuer_per_share": 14.61,
            "book_valuer_per_share_4q_avg": 14.85,
            "equity": 6250710,
            "current_ratio": 156.5,
            "debt_ratio": 37.38,
            "inventory_turnover_ratio": 2.79,
            "account_receivable_turnover_ratio": null,
            "reinvestment_rate": null,
            "research_to_sale_ratio": null,
            "price_fair": 0,
            "eps_avg_yearly": 0,
            "eps_latest_yearly": 0,
            "eps_growth_yearly": 0
        },
        "20022": {
            "year_quarter": 20022,
            "year": 2002,
            "quarter": 2,
            "eps": 0.26,
            "eps_growth_year": null,
            "eps_4q": -0.54,
            "eps_4q_growth_year": -123.03,
            "roe": 1.78,
            "roe_4q": -3.46,
            "gross_profit": 265517,
            "gross_margin": 19.18,
            "gross_margin_4q_avg": 19.75,
            "net_income": 111761,
            "net_income_4q": null,
            "revenue": 1384184,
            "revenue_4q": null,
            "common_shares": 4279599,
            "book_valuer_per_share": 14.73,
            "book_valuer_per_share_4q_avg": 14.65,
            "equity": 6304138,
            "current_ratio": 167.57,
            "debt_ratio": 37.01,
            "inventory_turnover_ratio": 4.14,
            "account_receivable_turnover_ratio": null,
            "reinvestment_rate": null,
            "research_to_sale_ratio": null,
            "price_fair": 27.04,
            "eps_avg_yearly": 1.04,
            "eps_latest_yearly": 1.04,
            "eps_growth_yearly": 16
        },
        "20023": {
            "year_quarter": 20023,
            "year": 2002,
            "quarter": 3,
            "eps": 0.47,
            "eps_growth_year": null,
            "eps_4q": 0.52,
            "eps_4q_growth_year": -18.13,
            "roe": 3.1,
            "roe_4q": 3.59,
            "gross_profit": 187707,
            "gross_margin": 13.12,
            "gross_margin_4q_avg": 17.55,
            "net_income": 199587,
            "net_income_4q": null,
            "revenue": 1430189,
            "revenue_4q": null,
            "common_shares": 4279599,
            "book_valuer_per_share": 15.38,
            "book_valuer_per_share_4q_avg": 14.79,
            "equity": 6584050,
            "current_ratio": 139.69,
            "debt_ratio": 37.22,
            "inventory_turnover_ratio": 4.1,
            "account_receivable_turnover_ratio": null,
            "reinvestment_rate": null,
            "research_to_sale_ratio": null,
            "price_fair": 51.1,
            "eps_avg_yearly": 1.46,
            "eps_latest_yearly": 1.88,
            "eps_growth_yearly": 169.54
        },
        "20024": {
            "year_quarter": 20024,
            "year": 2002,
            "quarter": 4,
            "eps": 0.12,
            "eps_growth_year": null,
            "eps_4q": 1.11,
            "eps_4q_growth_year": null,
            "roe": 0.76,
            "roe_4q": 7.23,
            "gross_profit": 162947,
            "gross_margin": 11.35,
            "gross_margin_4q_avg": 15.36,
            "net_income": 50631,
            "net_income_4q": null,
            "revenue": 1436099,
            "revenue_4q": null,
            "common_shares": 4279599,
            "book_valuer_per_share": 15.44,
            "book_valuer_per_share_4q_avg": 15.04,
            "equity": 6715153,
            "current_ratio": 134.25,
            "debt_ratio": 45.1,
            "inventory_turnover_ratio": 3.24,
            "account_receivable_turnover_ratio": null,
            "reinvestment_rate": -59.92,
            "research_to_sale_ratio": null,
            "price_fair": 26.9,
            "eps_avg_yearly": 1.13,
            "eps_latest_yearly": 0.48,
            "eps_growth_yearly": 13.73
        },
        "20031": {
            "year_quarter": 20031,
            "year": 2003,
            "quarter": 1,
            "eps": -0.12,
            "eps_growth_year": -148,
            "eps_4q": 0.76,
            "eps_4q_growth_year": null,
            "roe": -0.74,
            "roe_4q": 4.9,
            "gross_profit": 42515,
            "gross_margin": 3.94,
            "gross_margin_4q_avg": 11.9,
            "net_income": -49372,
            "net_income_4q": null,
            "revenue": 1080076,
            "revenue_4q": null,
            "common_shares": 4279599,
            "book_valuer_per_share": 15.32,
            "book_valuer_per_share_4q_avg": 15.22,
            "equity": 6556412,
            "current_ratio": 134.37,
            "debt_ratio": 34.54,
            "inventory_turnover_ratio": 2.88,
            "account_receivable_turnover_ratio": null,
            "reinvestment_rate": -49.96,
            "research_to_sale_ratio": null,
            "price_fair": 26.9,
            "eps_avg_yearly": 1.13,
            "eps_latest_yearly": 0.48,
            "eps_growth_yearly": 13.73
        },
        "20032": {
            "year_quarter": 20032,
            "year": 2003,
            "quarter": 2,
            "eps": -0.06,
            "eps_growth_year": -123.08,
            "eps_4q": 0.41,
            "eps_4q_growth_year": null,
            "roe": -0.4,
            "roe_4q": 2.7199999999999998,
            "gross_profit": 76842,
            "gross_margin": 6.77,
            "gross_margin_4q_avg": 8.8,
            "net_income": -26257,
            "net_income_4q": null,
            "revenue": 1134290,
            "revenue_4q": null,
            "common_shares": 4279599,
            "book_valuer_per_share": 15.24,
            "book_valuer_per_share_4q_avg": 15.35,
            "equity": 6521157,
            "current_ratio": 134.44,
            "debt_ratio": 33.98,
            "inventory_turnover_ratio": 3.86,
            "account_receivable_turnover_ratio": null,
            "reinvestment_rate": -83.99,
            "research_to_sale_ratio": null,
            "price_fair": 26.9,
            "eps_avg_yearly": 1.13,
            "eps_latest_yearly": 0.48,
            "eps_growth_yearly": 13.73
        },
        "20033": {
            "year_quarter": 20033,
            "year": 2003,
            "quarter": 3,
            "eps": 0.27,
            "eps_growth_year": -42.55,
            "eps_4q": 0.21,
            "eps_4q_growth_year": -59.48,
            "roe": 1.79,
            "roe_4q": 1.4100000000000001,
            "gross_profit": 186194,
            "gross_margin": 13.44,
            "gross_margin_4q_avg": 8.88,
            "net_income": 117351,
            "net_income_4q": null,
            "revenue": 1385687,
            "revenue_4q": null,
            "common_shares": 4279599,
            "book_valuer_per_share": 15.32,
            "book_valuer_per_share_4q_avg": 15.33,
            "equity": 6555263,
            "current_ratio": 119.76,
            "debt_ratio": 36.84,
            "inventory_turnover_ratio": 4.06,
            "account_receivable_turnover_ratio": null,
            "reinvestment_rate": -93.89,
            "research_to_sale_ratio": null,
            "price_fair": 26.9,
            "eps_avg_yearly": 1.13,
            "eps_latest_yearly": 0.48,
            "eps_growth_yearly": 13.73
        },
        "20034": {
            "year_quarter": 20034,
            "year": 2003,
            "quarter": 4,
            "eps": 0.9,
            "eps_growth_year": 650,
            "eps_4q": 1,
            "eps_4q_growth_year": -10.38,
            "roe": 5.63,
            "roe_4q": 6.279999999999999,
            "gross_profit": 350905,
            "gross_margin": 20.37,
            "gross_margin_4q_avg": 11.13,
            "net_income": 387151,
            "net_income_4q": null,
            "revenue": 1722814,
            "revenue_4q": null,
            "common_shares": 4279599,
            "book_valuer_per_share": 16.25,
            "book_valuer_per_share_4q_avg": 15.53,
            "equity": 7199710,
            "current_ratio": 124.14,
            "debt_ratio": 45.58,
            "inventory_turnover_ratio": 2.42,
            "account_receivable_turnover_ratio": null,
            "reinvestment_rate": -127.2,
            "research_to_sale_ratio": null,
            "price_fair": 61.25,
            "eps_avg_yearly": 1.75,
            "eps_latest_yearly": 3.6,
            "eps_growth_yearly": 243.63
        },
        "20041": {
            "year_quarter": 20041,
            "year": 2004,
            "quarter": 1,
            "eps": 0.59,
            "eps_growth_year": null,
            "eps_4q": 1.72,
            "eps_4q_growth_year": 126.91,
            "roe": 3.47,
            "roe_4q": 10.49,
            "gross_profit": 272208,
            "gross_margin": 16.12,
            "gross_margin_4q_avg": 14.18,
            "net_income": 248807,
            "net_income_4q": null,
            "revenue": 1688327,
            "revenue_4q": null,
            "common_shares": 4279599,
            "book_valuer_per_share": 16.72,
            "book_valuer_per_share_4q_avg": 15.88,
            "equity": 7154522,
            "current_ratio": 165.26,
            "debt_ratio": 31.46,
            "inventory_turnover_ratio": 2.02,
            "account_receivable_turnover_ratio": null,
            "reinvestment_rate": -89.57,
            "research_to_sale_ratio": null,
            "price_fair": 65.52,
            "eps_avg_yearly": 1.87,
            "eps_latest_yearly": 2.36,
            "eps_growth_yearly": 167.35
        },
        "20042": {
            "year_quarter": 20042,
            "year": 2004,
            "quarter": 2,
            "eps": 0.66,
            "eps_growth_year": null,
            "eps_4q": 2.44,
            "eps_4q_growth_year": 498.28,
            "roe": 3.89,
            "roe_4q": 14.780000000000001,
            "gross_profit": 291919,
            "gross_margin": 14.76,
            "gross_margin_4q_avg": 16.17,
            "net_income": 279203,
            "net_income_4q": null,
            "revenue": 1977221,
            "revenue_4q": null,
            "common_shares": 4279599,
            "book_valuer_per_share": 16.84,
            "book_valuer_per_share_4q_avg": 16.28,
            "equity": 7208194,
            "current_ratio": 136.93,
            "debt_ratio": 36.57,
            "inventory_turnover_ratio": 2.74,
            "account_receivable_turnover_ratio": null,
            "reinvestment_rate": -86.17,
            "research_to_sale_ratio": null,
            "price_fair": 70,
            "eps_avg_yearly": 2,
            "eps_latest_yearly": 2.64,
            "eps_growth_yearly": 147.37
        },
        "20043": {
            "year_quarter": 20043,
            "year": 2004,
            "quarter": 3,
            "eps": 0.23,
            "eps_growth_year": -14.81,
            "eps_4q": 2.31,
            "eps_4q_growth_year": 986.03,
            "roe": 1.39,
            "roe_4q": 14.379999999999999,
            "gross_profit": 269840,
            "gross_margin": 14.68,
            "gross_margin_4q_avg": 16.48,
            "net_income": 101310,
            "net_income_4q": null,
            "revenue": 1838727,
            "revenue_4q": null,
            "common_shares": 4446487,
            "book_valuer_per_share": 16.48,
            "book_valuer_per_share_4q_avg": 16.57,
            "equity": 7326814,
            "current_ratio": 163.17,
            "debt_ratio": 32.69,
            "inventory_turnover_ratio": 2.18,
            "account_receivable_turnover_ratio": null,
            "reinvestment_rate": -107.97,
            "research_to_sale_ratio": null,
            "price_fair": 64.6,
            "eps_avg_yearly": 1.85,
            "eps_latest_yearly": 0.92,
            "eps_growth_yearly": 89.09
        },
        "20044": {
            "year_quarter": 20044,
            "year": 2004,
            "quarter": 4,
            "eps": 0,
            "eps_growth_year": -100,
            "eps_4q": 1.59,
            "eps_4q_growth_year": 59.81,
            "roe": -0.01,
            "roe_4q": 8.74,
            "gross_profit": 221284,
            "gross_margin": 11.16,
            "gross_margin_4q_avg": 14.18,
            "net_income": -449,
            "net_income_4q": null,
            "revenue": 1983560,
            "revenue_4q": null,
            "common_shares": 4446487,
            "book_valuer_per_share": 16.12,
            "book_valuer_per_share_4q_avg": 16.54,
            "equity": 7636711,
            "current_ratio": 131.55,
            "debt_ratio": 43.05,
            "inventory_turnover_ratio": 1.78,
            "account_receivable_turnover_ratio": null,
            "reinvestment_rate": -202.6,
            "research_to_sale_ratio": null,
            "price_fair": 64.6,
            "eps_avg_yearly": 1.85,
            "eps_latest_yearly": 0.92,
            "eps_growth_yearly": 89.09
        },
        "20051": {
            "year_quarter": 20051,
            "year": 2005,
            "quarter": 1,
            "eps": -0.2,
            "eps_growth_year": -133.9,
            "eps_4q": 0.68,
            "eps_4q_growth_year": -60.75,
            "roe": -1.18,
            "roe_4q": 4.09,
            "gross_profit": 37970,
            "gross_margin": 1.82,
            "gross_margin_4q_avg": 10.61,
            "net_income": -86706,
            "net_income_4q": null,
            "revenue": 2089239,
            "revenue_4q": null,
            "common_shares": 4446487,
            "book_valuer_per_share": 15.89,
            "book_valuer_per_share_4q_avg": 16.33,
            "equity": 7064972,
            "current_ratio": 223.36,
            "debt_ratio": 30.37,
            "inventory_turnover_ratio": 2.17,
            "account_receivable_turnover_ratio": null,
            "reinvestment_rate": -196.95,
            "research_to_sale_ratio": null,
            "price_fair": 64.6,
            "eps_avg_yearly": 1.85,
            "eps_latest_yearly": 0.92,
            "eps_growth_yearly": 89.09
        },
        "20052": {
            "year_quarter": 20052,
            "year": 2005,
            "quarter": 2,
            "eps": -0.02,
            "eps_growth_year": -103.03,
            "eps_4q": 0.01,
            "eps_4q_growth_year": -99.39,
            "roe": -0.11,
            "roe_4q": 0.08999999999999986,
            "gross_profit": 89546,
            "gross_margin": 4.45,
            "gross_margin_4q_avg": 8.03,
            "net_income": -7502,
            "net_income_4q": null,
            "revenue": 2011683,
            "revenue_4q": null,
            "common_shares": 4446487,
            "book_valuer_per_share": 15.41,
            "book_valuer_per_share_4q_avg": 15.98,
            "equity": 6852140,
            "current_ratio": 205.07,
            "debt_ratio": 31.87,
            "inventory_turnover_ratio": 2.74,
            "account_receivable_turnover_ratio": null,
            "reinvestment_rate": -170.73,
            "research_to_sale_ratio": null,
            "price_fair": 64.6,
            "eps_avg_yearly": 1.85,
            "eps_latest_yearly": 0.92,
            "eps_growth_yearly": 89.09
        },
        "20053": {
            "year_quarter": 20053,
            "year": 2005,
            "quarter": 3,
            "eps": 0.18,
            "eps_growth_year": -21.74,
            "eps_4q": -0.03,
            "eps_4q_growth_year": -101.17,
            "roe": 1.18,
            "roe_4q": -0.12000000000000009,
            "gross_profit": 325835,
            "gross_margin": 12.97,
            "gross_margin_4q_avg": 7.6,
            "net_income": 82318,
            "net_income_4q": null,
            "revenue": 2511383,
            "revenue_4q": null,
            "common_shares": 4618488,
            "book_valuer_per_share": 15.41,
            "book_valuer_per_share_4q_avg": 15.71,
            "equity": 7116877,
            "current_ratio": 186.3,
            "debt_ratio": 34.06,
            "inventory_turnover_ratio": 2.6,
            "account_receivable_turnover_ratio": null,
            "reinvestment_rate": -114.23,
            "research_to_sale_ratio": null,
            "price_fair": 64.6,
            "eps_avg_yearly": 1.85,
            "eps_latest_yearly": 0.92,
            "eps_growth_yearly": 89.09
        },
        "20054": {
            "year_quarter": 20054,
            "year": 2005,
            "quarter": 4,
            "eps": 0.31,
            "eps_growth_year": null,
            "eps_4q": 0.28,
            "eps_4q_growth_year": -82.13,
            "roe": 1.98,
            "roe_4q": 1.8700000000000003,
            "gross_profit": 259696,
            "gross_margin": 9.72,
            "gross_margin_4q_avg": 7.24,
            "net_income": 145479,
            "net_income_4q": null,
            "revenue": 2671295,
            "revenue_4q": null,
            "common_shares": 4618488,
            "book_valuer_per_share": 15.57,
            "book_valuer_per_share_4q_avg": 15.57,
            "equity": 7585628,
            "current_ratio": 139.66,
            "debt_ratio": 49.16,
            "inventory_turnover_ratio": 1.82,
            "account_receivable_turnover_ratio": null,
            "reinvestment_rate": 19.61,
            "research_to_sale_ratio": null,
            "price_fair": 61.95,
            "eps_avg_yearly": 1.77,
            "eps_latest_yearly": 1.24,
            "eps_growth_yearly": 114.06
        },
        "20061": {
            "year_quarter": 20061,
            "year": 2006,
            "quarter": 1,
            "eps": 0.23,
            "eps_growth_year": null,
            "eps_4q": 0.71,
            "eps_4q_growth_year": 4.44,
            "roe": 1.44,
            "roe_4q": 4.489999999999999,
            "gross_profit": 171500,
            "gross_margin": 6.22,
            "gross_margin_4q_avg": 8.34,
            "net_income": 106287,
            "net_income_4q": null,
            "revenue": 2757009,
            "revenue_4q": null,
            "common_shares": 4618488,
            "book_valuer_per_share": 15.65,
            "book_valuer_per_share_4q_avg": 15.51,
            "equity": 7226481,
            "current_ratio": 178.23,
            "debt_ratio": 36.71,
            "inventory_turnover_ratio": 1.91,
            "account_receivable_turnover_ratio": null,
            "reinvestment_rate": -86.92,
            "research_to_sale_ratio": null,
            "price_fair": 58.64,
            "eps_avg_yearly": 1.68,
            "eps_latest_yearly": 0.92,
            "eps_growth_yearly": 89.92
        },
        "20062": {
            "year_quarter": 20062,
            "year": 2006,
            "quarter": 2,
            "eps": 0,
            "eps_growth_year": null,
            "eps_4q": 0.72,
            "eps_4q_growth_year": 4732.34,
            "roe": -0,
            "roe_4q": 4.6,
            "gross_profit": 93322,
            "gross_margin": 4.2,
            "gross_margin_4q_avg": 8.28,
            "net_income": -161,
            "net_income_4q": null,
            "revenue": 2221718,
            "revenue_4q": null,
            "common_shares": 4618488,
            "book_valuer_per_share": 15.56,
            "book_valuer_per_share_4q_avg": 15.55,
            "equity": 7188431,
            "current_ratio": 186.56,
            "debt_ratio": 35.56,
            "inventory_turnover_ratio": 2.15,
            "account_receivable_turnover_ratio": null,
            "reinvestment_rate": -84.73,
            "research_to_sale_ratio": null,
            "price_fair": 61.43,
            "eps_avg_yearly": 1.76,
            "eps_latest_yearly": 0.92,
            "eps_growth_yearly": 99.16
        },
        "20063": {
            "year_quarter": 20063,
            "year": 2006,
            "quarter": 3,
            "eps": 0.16,
            "eps_growth_year": -11.11,
            "eps_4q": 0.71,
            "eps_4q_growth_year": null,
            "roe": 1.01,
            "roe_4q": 4.43,
            "gross_profit": 219885,
            "gross_margin": 7.88,
            "gross_margin_4q_avg": 7.01,
            "net_income": 73082,
            "net_income_4q": null,
            "revenue": 2789857,
            "revenue_4q": null,
            "common_shares": 4593788,
            "book_valuer_per_share": 15.97,
            "book_valuer_per_share_4q_avg": 15.69,
            "equity": 7335965,
            "current_ratio": 173.29,
            "debt_ratio": 38.55,
            "inventory_turnover_ratio": 2.52,
            "account_receivable_turnover_ratio": null,
            "reinvestment_rate": -78.35,
            "research_to_sale_ratio": null,
            "price_fair": 60.8,
            "eps_avg_yearly": 1.74,
            "eps_latest_yearly": 0.92,
            "eps_growth_yearly": 67.17
        },
        "20064": {
            "year_quarter": 20064,
            "year": 2006,
            "quarter": 4,
            "eps": -2.63,
            "eps_growth_year": -948.39,
            "eps_4q": -1.83,
            "eps_4q_growth_year": -743.39,
            "roe": -17.83,
            "roe_4q": -15.379999999999997,
            "gross_profit": 160390,
            "gross_margin": 5.73,
            "gross_margin_4q_avg": 6.01,
            "net_income": -1199403,
            "net_income_4q": null,
            "revenue": 2800280,
            "revenue_4q": null,
            "common_shares": 4593788,
            "book_valuer_per_share": 13.33,
            "book_valuer_per_share_4q_avg": 15.13,
            "equity": 6121528,
            "current_ratio": 118.84,
            "debt_ratio": 52.56,
            "inventory_turnover_ratio": 2.13,
            "account_receivable_turnover_ratio": null,
            "reinvestment_rate": -492.95,
            "research_to_sale_ratio": null,
            "price_fair": 68.13,
            "eps_avg_yearly": 1.95,
            "eps_latest_yearly": 0.92,
            "eps_growth_yearly": 128.01
        },
        "20071": {
            "year_quarter": 20071,
            "year": 2007,
            "quarter": 1,
            "eps": -0.16,
            "eps_growth_year": -169.57,
            "eps_4q": -2.6,
            "eps_4q_growth_year": -467.46,
            "roe": -1.21,
            "roe_4q": -18.029999999999998,
            "gross_profit": 38135,
            "gross_margin": 1.65,
            "gross_margin_4q_avg": 4.87,
            "net_income": -73963,
            "net_income_4q": null,
            "revenue": 2306126,
            "revenue_4q": null,
            "common_shares": 4593788,
            "book_valuer_per_share": 13.3,
            "book_valuer_per_share_4q_avg": 14.54,
            "equity": 6111264,
            "current_ratio": 149.88,
            "debt_ratio": 42.08,
            "inventory_turnover_ratio": 1.97,
            "account_receivable_turnover_ratio": null,
            "reinvestment_rate": -650.97,
            "research_to_sale_ratio": null,
            "price_fair": 68.13,
            "eps_avg_yearly": 1.95,
            "eps_latest_yearly": 0.92,
            "eps_growth_yearly": 128.01
        },
        "20072": {
            "year_quarter": 20072,
            "year": 2007,
            "quarter": 2,
            "eps": -0.5,
            "eps_growth_year": null,
            "eps_4q": -3.13,
            "eps_4q_growth_year": -532.64,
            "roe": -3.83,
            "roe_4q": -21.859999999999996,
            "gross_profit": 27328,
            "gross_margin": 1.17,
            "gross_margin_4q_avg": 4.11,
            "net_income": -229857,
            "net_income_4q": null,
            "revenue": 2329636,
            "revenue_4q": null,
            "common_shares": 4572028,
            "book_valuer_per_share": 12.92,
            "book_valuer_per_share_4q_avg": 13.88,
            "equity": 5906318,
            "current_ratio": 131.19,
            "debt_ratio": 44.34,
            "inventory_turnover_ratio": 2.52,
            "account_receivable_turnover_ratio": null,
            "reinvestment_rate": null,
            "research_to_sale_ratio": null,
            "price_fair": 68.13,
            "eps_avg_yearly": 1.95,
            "eps_latest_yearly": 0.92,
            "eps_growth_yearly": 128.01
        },
        "20073": {
            "year_quarter": 20073,
            "year": 2007,
            "quarter": 3,
            "eps": 0.05,
            "eps_growth_year": -68.75,
            "eps_4q": -3.03,
            "eps_4q_growth_year": -525.92,
            "roe": 0.41,
            "roe_4q": -22.459999999999997,
            "gross_profit": 78950,
            "gross_margin": 2.99,
            "gross_margin_4q_avg": 2.89,
            "net_income": 24422,
            "net_income_4q": null,
            "revenue": 2642147,
            "revenue_4q": null,
            "common_shares": 4572028,
            "book_valuer_per_share": 13.01,
            "book_valuer_per_share_4q_avg": 13.14,
            "equity": 5946024,
            "current_ratio": 131.59,
            "debt_ratio": 45.6,
            "inventory_turnover_ratio": 2.59,
            "account_receivable_turnover_ratio": null,
            "reinvestment_rate": null,
            "research_to_sale_ratio": null,
            "price_fair": 68.13,
            "eps_avg_yearly": 1.95,
            "eps_latest_yearly": 0.92,
            "eps_growth_yearly": 128.01
        },
        "20074": {
            "year_quarter": 20074,
            "year": 2007,
            "quarter": 4,
            "eps": -0.49,
            "eps_growth_year": null,
            "eps_4q": -1.09,
            "eps_4q_growth_year": null,
            "roe": -3.81,
            "roe_4q": -8.440000000000001,
            "gross_profit": 117361,
            "gross_margin": 4.23,
            "gross_margin_4q_avg": 2.51,
            "net_income": -224934,
            "net_income_4q": null,
            "revenue": 2775466,
            "revenue_4q": null,
            "common_shares": 4572028,
            "book_valuer_per_share": 12.82,
            "book_valuer_per_share_4q_avg": 13.01,
            "equity": 5860877,
            "current_ratio": 129.92,
            "debt_ratio": 50.22,
            "inventory_turnover_ratio": 2.16,
            "account_receivable_turnover_ratio": null,
            "reinvestment_rate": null,
            "research_to_sale_ratio": null,
            "price_fair": 4.85,
            "eps_avg_yearly": 1.62,
            "eps_latest_yearly": 0.92,
            "eps_growth_yearly": -33.05
        },
        "20081": {
            "year_quarter": 20081,
            "year": 2008,
            "quarter": 1,
            "eps": -0.01,
            "eps_growth_year": null,
            "eps_4q": -1.37,
            "eps_4q_growth_year": null,
            "roe": -0.05,
            "roe_4q": -7.279999999999999,
            "gross_profit": 99055,
            "gross_margin": 3.82,
            "gross_margin_4q_avg": 3.05,
            "net_income": -3164,
            "net_income_4q": null,
            "revenue": 2596172,
            "revenue_4q": null,
            "common_shares": 4572028,
            "book_valuer_per_share": 12.6,
            "book_valuer_per_share_4q_avg": 12.84,
            "equity": 5758685,
            "current_ratio": 120.3,
            "debt_ratio": 53.89,
            "inventory_turnover_ratio": 1.77,
            "account_receivable_turnover_ratio": null,
            "reinvestment_rate": null,
            "research_to_sale_ratio": null,
            "price_fair": 4.29,
            "eps_avg_yearly": 1.43,
            "eps_latest_yearly": 0.92,
            "eps_growth_yearly": -6.87
        },
        "20082": {
            "year_quarter": 20082,
            "year": 2008,
            "quarter": 2,
            "eps": -0.78,
            "eps_growth_year": null,
            "eps_4q": -1.22,
            "eps_4q_growth_year": null,
            "roe": -6.31,
            "roe_4q": -9.76,
            "gross_profit": -143760,
            "gross_margin": -5.18,
            "gross_margin_4q_avg": 1.47,
            "net_income": -354447,
            "net_income_4q": null,
            "revenue": 2777096,
            "revenue_4q": null,
            "common_shares": 4572028,
            "book_valuer_per_share": 11.96,
            "book_valuer_per_share_4q_avg": 12.6,
            "equity": 5468477,
            "current_ratio": 125.52,
            "debt_ratio": 56.15,
            "inventory_turnover_ratio": 2.2,
            "account_receivable_turnover_ratio": null,
            "reinvestment_rate": null,
            "research_to_sale_ratio": null,
            "price_fair": 3.08,
            "eps_avg_yearly": 1.03,
            "eps_latest_yearly": 0.92,
            "eps_growth_yearly": -24.98
        },
        "20083": {
            "year_quarter": 20083,
            "year": 2008,
            "quarter": 3,
            "eps": 0.63,
            "eps_growth_year": 1160,
            "eps_4q": -0.65,
            "eps_4q_growth_year": null,
            "roe": 5.01,
            "roe_4q": -5.16,
            "gross_profit": 155105,
            "gross_margin": 3.96,
            "gross_margin_4q_avg": 1.71,
            "net_income": 286113,
            "net_income_4q": null,
            "revenue": 3918038,
            "revenue_4q": null,
            "common_shares": 4572028,
            "book_valuer_per_share": 13.02,
            "book_valuer_per_share_4q_avg": 12.6,
            "equity": 5953738,
            "current_ratio": 142.53,
            "debt_ratio": 54.11,
            "inventory_turnover_ratio": 3.12,
            "account_receivable_turnover_ratio": null,
            "reinvestment_rate": null,
            "research_to_sale_ratio": null,
            "price_fair": 37.8,
            "eps_avg_yearly": 1.08,
            "eps_latest_yearly": 0.92,
            "eps_growth_yearly": 92.83
        },
        "20084": {
            "year_quarter": 20084,
            "year": 2008,
            "quarter": 4,
            "eps": -0.91,
            "eps_growth_year": null,
            "eps_4q": -1.06,
            "eps_4q_growth_year": null,
            "roe": -7.16,
            "roe_4q": -8.510000000000002,
            "gross_profit": 64765,
            "gross_margin": 4.76,
            "gross_margin_4q_avg": 1.84,
            "net_income": -412667,
            "net_income_4q": null,
            "revenue": 1360598,
            "revenue_4q": null,
            "common_shares": 4572028,
            "book_valuer_per_share": 12.17,
            "book_valuer_per_share_4q_avg": 12.44,
            "equity": 5565658,
            "current_ratio": 154.17,
            "debt_ratio": 48.12,
            "inventory_turnover_ratio": 1.46,
            "account_receivable_turnover_ratio": 0.98,
            "reinvestment_rate": null,
            "research_to_sale_ratio": null,
            "price_fair": 37.8,
            "eps_avg_yearly": 1.08,
            "eps_latest_yearly": 0.92,
            "eps_growth_yearly": 92.83
        },
        "20091": {
            "year_quarter": 20091,
            "year": 2009,
            "quarter": 1,
            "eps": 0.12,
            "eps_growth_year": null,
            "eps_4q": -0.95,
            "eps_4q_growth_year": null,
            "roe": 0.96,
            "roe_4q": -7.5,
            "gross_profit": 51785,
            "gross_margin": 3.87,
            "gross_margin_4q_avg": 1.85,
            "net_income": 53946,
            "net_income_4q": null,
            "revenue": 1338465,
            "revenue_4q": null,
            "common_shares": 4572028,
            "book_valuer_per_share": 12.53,
            "book_valuer_per_share_4q_avg": 12.42,
            "equity": 5729262,
            "current_ratio": 179.53,
            "debt_ratio": 40.94,
            "inventory_turnover_ratio": 2.36,
            "account_receivable_turnover_ratio": 0.62,
            "reinvestment_rate": null,
            "research_to_sale_ratio": null,
            "price_fair": 37.8,
            "eps_avg_yearly": 1.08,
            "eps_latest_yearly": 0.92,
            "eps_growth_yearly": 92.83
        },
        "20092": {
            "year_quarter": 20092,
            "year": 2009,
            "quarter": 2,
            "eps": 0.14,
            "eps_growth_year": null,
            "eps_4q": -0.03,
            "eps_4q_growth_year": null,
            "roe": 1.07,
            "roe_4q": -0.1200000000000001,
            "gross_profit": 94998,
            "gross_margin": 6.9,
            "gross_margin_4q_avg": 4.87,
            "net_income": 60843,
            "net_income_4q": null,
            "revenue": 1377007,
            "revenue_4q": null,
            "common_shares": 4532278,
            "book_valuer_per_share": 12.38,
            "book_valuer_per_share_4q_avg": 12.53,
            "equity": 5612540,
            "current_ratio": 189.17,
            "debt_ratio": 39.54,
            "inventory_turnover_ratio": 2.69,
            "account_receivable_turnover_ratio": 0.88,
            "reinvestment_rate": null,
            "research_to_sale_ratio": null,
            "price_fair": 31.73,
            "eps_avg_yearly": 0.91,
            "eps_latest_yearly": 0.56,
            "eps_growth_yearly": 84.11
        },
        "20093": {
            "year_quarter": 20093,
            "year": 2009,
            "quarter": 3,
            "eps": 0.25,
            "eps_growth_year": -60.32,
            "eps_4q": -0.41,
            "eps_4q_growth_year": null,
            "roe": 2.02,
            "roe_4q": -3.1100000000000003,
            "gross_profit": 136514,
            "gross_margin": 8.37,
            "gross_margin_4q_avg": 5.98,
            "net_income": 112024,
            "net_income_4q": null,
            "revenue": 1630263,
            "revenue_4q": null,
            "common_shares": 4532278,
            "book_valuer_per_share": 12.13,
            "book_valuer_per_share_4q_avg": 12.3,
            "equity": 5495654,
            "current_ratio": 183.2,
            "debt_ratio": 40.73,
            "inventory_turnover_ratio": 3.04,
            "account_receivable_turnover_ratio": 0.97,
            "reinvestment_rate": null,
            "research_to_sale_ratio": null,
            "price_fair": 32.55,
            "eps_avg_yearly": 0.93,
            "eps_latest_yearly": 1,
            "eps_growth_yearly": 141.65
        },
        "20094": {
            "year_quarter": 20094,
            "year": 2009,
            "quarter": 4,
            "eps": 0.28,
            "eps_growth_year": null,
            "eps_4q": 0.83,
            "eps_4q_growth_year": null,
            "roe": 2.22,
            "roe_4q": 6.2700000000000005,
            "gross_profit": 119184,
            "gross_margin": 6.84,
            "gross_margin_4q_avg": 6.5,
            "net_income": 123053,
            "net_income_4q": null,
            "revenue": 1742485,
            "revenue_4q": null,
            "common_shares": 4332278,
            "book_valuer_per_share": 13.27,
            "book_valuer_per_share_4q_avg": 12.58,
            "equity": 5583790,
            "current_ratio": 185.31,
            "debt_ratio": 38.62,
            "inventory_turnover_ratio": 3.17,
            "account_receivable_turnover_ratio": 1.88,
            "reinvestment_rate": null,
            "research_to_sale_ratio": null,
            "price_fair": 31.5,
            "eps_avg_yearly": 0.9,
            "eps_latest_yearly": 1.12,
            "eps_growth_yearly": 81.43
        },
        "20101": {
            "year_quarter": 20101,
            "year": 2010,
            "quarter": 1,
            "eps": 0.11,
            "eps_growth_year": -8.33,
            "eps_4q": 0.89,
            "eps_4q_growth_year": null,
            "roe": 0.81,
            "roe_4q": 6.120000000000001,
            "gross_profit": 94864,
            "gross_margin": 5.22,
            "gross_margin_4q_avg": 6.83,
            "net_income": 43339,
            "net_income_4q": null,
            "revenue": 1816702,
            "revenue_4q": null,
            "common_shares": 4132278,
            "book_valuer_per_share": 13.41,
            "book_valuer_per_share_4q_avg": 12.8,
            "equity": 5135989,
            "current_ratio": 176.4,
            "debt_ratio": 41.5,
            "inventory_turnover_ratio": 3.59,
            "account_receivable_turnover_ratio": 0.96,
            "reinvestment_rate": null,
            "research_to_sale_ratio": 1.45,
            "price_fair": 27.3,
            "eps_avg_yearly": 0.78,
            "eps_latest_yearly": 0.44,
            "eps_growth_yearly": 46.52
        },
        "20102": {
            "year_quarter": 20102,
            "year": 2010,
            "quarter": 2,
            "eps": 0.23,
            "eps_growth_year": 61.64,
            "eps_4q": 0.98,
            "eps_4q_growth_year": null,
            "roe": 1.64,
            "roe_4q": 6.6899999999999995,
            "gross_profit": 94151,
            "gross_margin": 5.03,
            "gross_margin_4q_avg": 6.37,
            "net_income": 84033,
            "net_income_4q": null,
            "revenue": 1871597,
            "revenue_4q": null,
            "common_shares": 3832278,
            "book_valuer_per_share": 13.82,
            "book_valuer_per_share_4q_avg": 13.16,
            "equity": 5132245,
            "current_ratio": 150.08,
            "debt_ratio": 42.42,
            "inventory_turnover_ratio": 3.41,
            "account_receivable_turnover_ratio": 0.92,
            "reinvestment_rate": null,
            "research_to_sale_ratio": 1.7,
            "price_fair": 28.28,
            "eps_avg_yearly": 0.81,
            "eps_latest_yearly": 0.92,
            "eps_growth_yearly": 124.49
        },
        "20103": {
            "year_quarter": 20103,
            "year": 2010,
            "quarter": 3,
            "eps": 0.39,
            "eps_growth_year": 57.1,
            "eps_4q": 1.06,
            "eps_4q_growth_year": null,
            "roe": 2.55,
            "roe_4q": 7.220000000000001,
            "gross_profit": 155815,
            "gross_margin": 7.94,
            "gross_margin_4q_avg": 6.26,
            "net_income": 147181,
            "net_income_4q": null,
            "revenue": 1962221,
            "revenue_4q": null,
            "common_shares": 3832278,
            "book_valuer_per_share": 16.91,
            "book_valuer_per_share_4q_avg": 14.35,
            "equity": 6393815,
            "current_ratio": 163.22,
            "debt_ratio": 37.37,
            "inventory_turnover_ratio": 3.1,
            "account_receivable_turnover_ratio": 0.92,
            "reinvestment_rate": null,
            "research_to_sale_ratio": 1.08,
            "price_fair": 32.67,
            "eps_avg_yearly": 0.93,
            "eps_latest_yearly": 1.56,
            "eps_growth_yearly": 150.12
        },
        "20104": {
            "year_quarter": 20104,
            "year": 2010,
            "quarter": 4,
            "eps": 0.29,
            "eps_growth_year": 5.24,
            "eps_4q": 1.06,
            "eps_4q_growth_year": 26.96,
            "roe": 1.77,
            "roe_4q": 6.77,
            "gross_profit": 186410,
            "gross_margin": 8.98,
            "gross_margin_4q_avg": 6.79,
            "net_income": 106369,
            "net_income_4q": null,
            "revenue": 2074979,
            "revenue_4q": null,
            "common_shares": 3801058,
            "book_valuer_per_share": 15.58,
            "book_valuer_per_share_4q_avg": 14.93,
            "equity": 5637079,
            "current_ratio": 140.23,
            "debt_ratio": 46.34,
            "inventory_turnover_ratio": 3.23,
            "account_receivable_turnover_ratio": 0.96,
            "reinvestment_rate": null,
            "research_to_sale_ratio": 1.57,
            "price_fair": 33.8,
            "eps_avg_yearly": 0.97,
            "eps_latest_yearly": 1.16,
            "eps_growth_yearly": 114.02
        },
        "20111": {
            "year_quarter": 20111,
            "year": 2011,
            "quarter": 1,
            "eps": 0.18,
            "eps_growth_year": 63.64,
            "eps_4q": 1.17,
            "eps_4q_growth_year": 31.55,
            "roe": 1.13,
            "roe_4q": 7.089999999999999,
            "gross_profit": 96390,
            "gross_margin": 5.28,
            "gross_margin_4q_avg": 6.81,
            "net_income": 62115,
            "net_income_4q": null,
            "revenue": 1824228,
            "revenue_4q": null,
            "common_shares": 3536677,
            "book_valuer_per_share": 15.54,
            "book_valuer_per_share_4q_avg": 15.46,
            "equity": 5347146,
            "current_ratio": 131.96,
            "debt_ratio": 46.42,
            "inventory_turnover_ratio": 2.89,
            "account_receivable_turnover_ratio": 0.84,
            "reinvestment_rate": null,
            "research_to_sale_ratio": 1.34,
            "price_fair": 32.73,
            "eps_avg_yearly": 0.94,
            "eps_latest_yearly": 0.72,
            "eps_growth_yearly": 80.8
        },
        "20112": {
            "year_quarter": 20112,
            "year": 2011,
            "quarter": 2,
            "eps": 0.36,
            "eps_growth_year": 58.42,
            "eps_4q": 1.3,
            "eps_4q_growth_year": 33.52,
            "roe": 2.27,
            "roe_4q": 7.72,
            "gross_profit": 150536,
            "gross_margin": 7.32,
            "gross_margin_4q_avg": 7.38,
            "net_income": 119788,
            "net_income_4q": null,
            "revenue": 2056083,
            "revenue_4q": null,
            "common_shares": 3553667,
            "book_valuer_per_share": 15.57,
            "book_valuer_per_share_4q_avg": 15.9,
            "equity": 5211537,
            "current_ratio": 141.82,
            "debt_ratio": 48.59,
            "inventory_turnover_ratio": 2.97,
            "account_receivable_turnover_ratio": 0.9,
            "reinvestment_rate": 991,
            "research_to_sale_ratio": 1.34,
            "price_fair": 34.69,
            "eps_avg_yearly": 0.99,
            "eps_latest_yearly": 1.44,
            "eps_growth_yearly": 116.27
        },
        "20113": {
            "year_quarter": 20113,
            "year": 2011,
            "quarter": 3,
            "eps": 0.38,
            "eps_growth_year": -2.06,
            "eps_4q": 1.25,
            "eps_4q_growth_year": 17.36,
            "roe": 2.37,
            "roe_4q": 7.540000000000001,
            "gross_profit": 162131,
            "gross_margin": 7.6,
            "gross_margin_4q_avg": 7.3,
            "net_income": 128848,
            "net_income_4q": null,
            "revenue": 2134448,
            "revenue_4q": null,
            "common_shares": 3458966,
            "book_valuer_per_share": 16.89,
            "book_valuer_per_share_4q_avg": 15.9,
            "equity": 5673927,
            "current_ratio": 145.38,
            "debt_ratio": 48.71,
            "inventory_turnover_ratio": 3.18,
            "account_receivable_turnover_ratio": 0.87,
            "reinvestment_rate": 820.15,
            "research_to_sale_ratio": 1.37,
            "price_fair": 36.54,
            "eps_avg_yearly": 1.04,
            "eps_latest_yearly": 1.52,
            "eps_growth_yearly": 106.87
        },
        "20114": {
            "year_quarter": 20114,
            "year": 2011,
            "quarter": 4,
            "eps": 0.4,
            "eps_growth_year": 36.41,
            "eps_4q": 1.33,
            "eps_4q_growth_year": 25.81,
            "roe": 2.35,
            "roe_4q": 8.120000000000001,
            "gross_profit": 187593,
            "gross_margin": 10.39,
            "gross_margin_4q_avg": 7.65,
            "net_income": 134945,
            "net_income_4q": null,
            "revenue": 1806374,
            "revenue_4q": null,
            "common_shares": 3470942,
            "book_valuer_per_share": 17.34,
            "book_valuer_per_share_4q_avg": 16.34,
            "equity": 5829311,
            "current_ratio": 148.82,
            "debt_ratio": 45.34,
            "inventory_turnover_ratio": 3.09,
            "account_receivable_turnover_ratio": 0.79,
            "reinvestment_rate": 293.57,
            "research_to_sale_ratio": 1.52,
            "price_fair": 38.31,
            "eps_avg_yearly": 1.09,
            "eps_latest_yearly": 1.6,
            "eps_growth_yearly": 99.06
        },
        "20121": {
            "year_quarter": 20121,
            "year": 2012,
            "quarter": 1,
            "eps": 0.18,
            "eps_growth_year": 0,
            "eps_4q": 1.31,
            "eps_4q_growth_year": 12.64,
            "roe": 1.01,
            "roe_4q": 8,
            "gross_profit": 111562,
            "gross_margin": 7.22,
            "gross_margin_4q_avg": 8.13,
            "net_income": 58902,
            "net_income_4q": null,
            "revenue": 1546092,
            "revenue_4q": null,
            "common_shares": 3481425,
            "book_valuer_per_share": 17.11,
            "book_valuer_per_share_4q_avg": 16.73,
            "equity": 5780403,
            "current_ratio": 154.36,
            "debt_ratio": 43.58,
            "inventory_turnover_ratio": 2.81,
            "account_receivable_turnover_ratio": 0.79,
            "reinvestment_rate": 286.5,
            "research_to_sale_ratio": 1.48,
            "price_fair": 37.22,
            "eps_avg_yearly": 1.06,
            "eps_latest_yearly": 0.72,
            "eps_growth_yearly": 72.48
        },
        "20122": {
            "year_quarter": 20122,
            "year": 2012,
            "quarter": 2,
            "eps": 0.36,
            "eps_growth_year": 1.57,
            "eps_4q": 1.39,
            "eps_4q_growth_year": 6.89,
            "roe": 2.01,
            "roe_4q": 7.739999999999999,
            "gross_profit": 139305,
            "gross_margin": 7.96,
            "gross_margin_4q_avg": 8.29,
            "net_income": 114213,
            "net_income_4q": null,
            "revenue": 1750543,
            "revenue_4q": null,
            "common_shares": 3391936,
            "book_valuer_per_share": 17.8,
            "book_valuer_per_share_4q_avg": 17.29,
            "equity": 5590043,
            "current_ratio": 150.14,
            "debt_ratio": 43.45,
            "inventory_turnover_ratio": 3.02,
            "account_receivable_turnover_ratio": 0.9,
            "reinvestment_rate": 212.23,
            "research_to_sale_ratio": 1.43,
            "price_fair": 38.23,
            "eps_avg_yearly": 1.09,
            "eps_latest_yearly": 1.44,
            "eps_growth_yearly": 97.67
        },
        "20123": {
            "year_quarter": 20123,
            "year": 2012,
            "quarter": 3,
            "eps": 0.37,
            "eps_growth_year": -3.15,
            "eps_4q": 1.35,
            "eps_4q_growth_year": 8.42,
            "roe": 2.09,
            "roe_4q": 7.459999999999999,
            "gross_profit": 154183,
            "gross_margin": 8.12,
            "gross_margin_4q_avg": 8.42,
            "net_income": 117401,
            "net_income_4q": null,
            "revenue": 1899428,
            "revenue_4q": null,
            "common_shares": 3158849,
            "book_valuer_per_share": 17.76,
            "book_valuer_per_share_4q_avg": 17.5,
            "equity": 5618019,
            "current_ratio": 151.2,
            "debt_ratio": 46.21,
            "inventory_turnover_ratio": 3.16,
            "account_receivable_turnover_ratio": 0.9,
            "reinvestment_rate": 260.24,
            "research_to_sale_ratio": 1.31,
            "price_fair": 39.2,
            "eps_avg_yearly": 1.12,
            "eps_latest_yearly": 1.48,
            "eps_growth_yearly": 91.49
        },
        "20124": {
            "year_quarter": 20124,
            "year": 2012,
            "quarter": 4,
            "eps": 0.28,
            "eps_growth_year": -31.34,
            "eps_4q": 1.2,
            "eps_4q_growth_year": -9.96,
            "roe": 1.54,
            "roe_4q": 6.6499999999999995,
            "gross_profit": 205519,
            "gross_margin": 11.3,
            "gross_margin_4q_avg": 8.65,
            "net_income": 87219,
            "net_income_4q": null,
            "revenue": 1818350,
            "revenue_4q": null,
            "common_shares": 3171250,
            "book_valuer_per_share": 17.93,
            "book_valuer_per_share_4q_avg": 17.65,
            "equity": 5678771,
            "current_ratio": 167.7,
            "debt_ratio": 45.93,
            "inventory_turnover_ratio": 2.93,
            "account_receivable_turnover_ratio": 0.84,
            "reinvestment_rate": 204.25,
            "research_to_sale_ratio": 1.28,
            "price_fair": 39.2,
            "eps_avg_yearly": 1.12,
            "eps_latest_yearly": 1.12,
            "eps_growth_yearly": 78.9
        },
        "20131": {
            "year_quarter": 20131,
            "year": 2013,
            "quarter": 1,
            "eps": 0.15,
            "eps_growth_year": -16.67,
            "eps_4q": 1.15,
            "eps_4q_growth_year": -12.2,
            "roe": 0.81,
            "roe_4q": 6.449999999999999,
            "gross_profit": 73245,
            "gross_margin": 5.39,
            "gross_margin_4q_avg": 8.19,
            "net_income": 46464,
            "net_income_4q": null,
            "revenue": 1359386,
            "revenue_4q": null,
            "common_shares": 3186883,
            "book_valuer_per_share": 18.16,
            "book_valuer_per_share_4q_avg": 17.91,
            "equity": 5757252,
            "current_ratio": 167.32,
            "debt_ratio": 46.63,
            "inventory_turnover_ratio": 2.51,
            "account_receivable_turnover_ratio": 0.7,
            "reinvestment_rate": 230.5,
            "research_to_sale_ratio": 1.49,
            "price_fair": 38.06,
            "eps_avg_yearly": 1.09,
            "eps_latest_yearly": 0.6,
            "eps_growth_yearly": 62.36
        },
        "20132": {
            "year_quarter": 20132,
            "year": 2013,
            "quarter": 2,
            "eps": 0.16,
            "eps_growth_year": -56.06,
            "eps_4q": 0.95,
            "eps_4q_growth_year": -31.72,
            "roe": 0.87,
            "roe_4q": 5.3100000000000005,
            "gross_profit": 136525,
            "gross_margin": 9.39,
            "gross_margin_4q_avg": 8.55,
            "net_income": 50446,
            "net_income_4q": null,
            "revenue": 1454295,
            "revenue_4q": null,
            "common_shares": 3188824,
            "book_valuer_per_share": 18.4,
            "book_valuer_per_share_4q_avg": 18.06,
            "equity": 5835793,
            "current_ratio": 158.63,
            "debt_ratio": 45.97,
            "inventory_turnover_ratio": 2.62,
            "account_receivable_turnover_ratio": 0.86,
            "reinvestment_rate": 238.72,
            "research_to_sale_ratio": 1.57,
            "price_fair": 38.24,
            "eps_avg_yearly": 1.09,
            "eps_latest_yearly": 0.64,
            "eps_growth_yearly": 59.86
        },
        "20133": {
            "year_quarter": 20133,
            "year": 2013,
            "quarter": 3,
            "eps": 0.38,
            "eps_growth_year": 2,
            "eps_4q": 0.96,
            "eps_4q_growth_year": -29.01,
            "roe": 2.03,
            "roe_4q": 5.25,
            "gross_profit": 194251,
            "gross_margin": 11.96,
            "gross_margin_4q_avg": 9.51,
            "net_income": 119848,
            "net_income_4q": null,
            "revenue": 1624682,
            "revenue_4q": null,
            "common_shares": 3189868,
            "book_valuer_per_share": 18.75,
            "book_valuer_per_share_4q_avg": 18.31,
            "equity": 5947592,
            "current_ratio": 153.07,
            "debt_ratio": 46.3,
            "inventory_turnover_ratio": 2.58,
            "account_receivable_turnover_ratio": 0.98,
            "reinvestment_rate": 255.26,
            "research_to_sale_ratio": 1.36,
            "price_fair": 39.38,
            "eps_avg_yearly": 1.13,
            "eps_latest_yearly": 1.52,
            "eps_growth_yearly": 74.6
        },
        "20134": {
            "year_quarter": 20134,
            "year": 2013,
            "quarter": 4,
            "eps": 0.18,
            "eps_growth_year": -34.2,
            "eps_4q": 0.86,
            "eps_4q_growth_year": -27.64,
            "roe": 0.96,
            "roe_4q": 4.67,
            "gross_profit": 214235,
            "gross_margin": 12.61,
            "gross_margin_4q_avg": 9.84,
            "net_income": 57615,
            "net_income_4q": null,
            "revenue": 1699059,
            "revenue_4q": null,
            "common_shares": 3191206,
            "book_valuer_per_share": 19.19,
            "book_valuer_per_share_4q_avg": 18.63,
            "equity": 6087886,
            "current_ratio": 151.21,
            "debt_ratio": 44.7,
            "inventory_turnover_ratio": 2.54,
            "account_receivable_turnover_ratio": 0.98,
            "reinvestment_rate": 156,
            "research_to_sale_ratio": 1.58,
            "price_fair": 38.5,
            "eps_avg_yearly": 1.1,
            "eps_latest_yearly": 0.72,
            "eps_growth_yearly": 58.44
        },
        "20141": {
            "year_quarter": 20141,
            "year": 2014,
            "quarter": 1,
            "eps": 0.27,
            "eps_growth_year": 80,
            "eps_4q": 0.98,
            "eps_4q_growth_year": -14.68,
            "roe": 1.37,
            "roe_4q": 5.2299999999999995,
            "gross_profit": 176421,
            "gross_margin": 11.61,
            "gross_margin_4q_avg": 11.39,
            "net_income": 84093,
            "net_income_4q": null,
            "revenue": 1519520,
            "revenue_4q": null,
            "common_shares": 3191206,
            "book_valuer_per_share": 19.39,
            "book_valuer_per_share_4q_avg": 18.93,
            "equity": 6151316,
            "current_ratio": 148.72,
            "debt_ratio": 44.85,
            "inventory_turnover_ratio": 2.14,
            "account_receivable_turnover_ratio": 0.88,
            "reinvestment_rate": 154.21,
            "research_to_sale_ratio": 1.52,
            "price_fair": 39.9,
            "eps_avg_yearly": 1.14,
            "eps_latest_yearly": 1.08,
            "eps_growth_yearly": 86.12
        },
        "20142": {
            "year_quarter": 20142,
            "year": 2014,
            "quarter": 2,
            "eps": 0.3,
            "eps_growth_year": 87.5,
            "eps_4q": 1.12,
            "eps_4q_growth_year": 17.97,
            "roe": 1.57,
            "roe_4q": 5.93,
            "gross_profit": 261325,
            "gross_margin": 14.59,
            "gross_margin_4q_avg": 12.69,
            "net_income": 94366,
            "net_income_4q": null,
            "revenue": 1790793,
            "revenue_4q": null,
            "common_shares": 3191206,
            "book_valuer_per_share": 18.61,
            "book_valuer_per_share_4q_avg": 18.99,
            "equity": 5904628,
            "current_ratio": 161.98,
            "debt_ratio": 48.06,
            "inventory_turnover_ratio": 2.13,
            "account_receivable_turnover_ratio": 1.05,
            "reinvestment_rate": 128.79,
            "research_to_sale_ratio": 1.38,
            "price_fair": 40.51,
            "eps_avg_yearly": 1.16,
            "eps_latest_yearly": 1.2,
            "eps_growth_yearly": 61.62
        },
        "20143": {
            "year_quarter": 20143,
            "year": 2014,
            "quarter": 3,
            "eps": 0.2,
            "eps_growth_year": -47.37,
            "eps_4q": 0.94,
            "eps_4q_growth_year": -1.95,
            "roe": 1.03,
            "roe_4q": 4.93,
            "gross_profit": 239933,
            "gross_margin": 12.59,
            "gross_margin_4q_avg": 12.85,
            "net_income": 62024,
            "net_income_4q": null,
            "revenue": 1906099,
            "revenue_4q": null,
            "common_shares": 3191206,
            "book_valuer_per_share": 19.25,
            "book_valuer_per_share_4q_avg": 19.11,
            "equity": 6106661,
            "current_ratio": 188.05,
            "debt_ratio": 46.76,
            "inventory_turnover_ratio": 2.07,
            "account_receivable_turnover_ratio": 1.05,
            "reinvestment_rate": 60.82,
            "research_to_sale_ratio": 1.01,
            "price_fair": 38.85,
            "eps_avg_yearly": 1.11,
            "eps_latest_yearly": 0.8,
            "eps_growth_yearly": 35.9
        },
        "20144": {
            "year_quarter": 20144,
            "year": 2014,
            "quarter": 4,
            "eps": 0.39,
            "eps_growth_year": 114.57,
            "eps_4q": 1.15,
            "eps_4q_growth_year": 32.71,
            "roe": 1.98,
            "roe_4q": 5.95,
            "gross_profit": 227871,
            "gross_margin": 10.78,
            "gross_margin_4q_avg": 12.39,
            "net_income": 123627,
            "net_income_4q": null,
            "revenue": 2113824,
            "revenue_4q": null,
            "common_shares": 3191206,
            "book_valuer_per_share": 20.11,
            "book_valuer_per_share_4q_avg": 19.34,
            "equity": 6377919,
            "current_ratio": 190.86,
            "debt_ratio": 46.24,
            "inventory_turnover_ratio": 2.29,
            "account_receivable_turnover_ratio": 1.08,
            "reinvestment_rate": 82.91,
            "research_to_sale_ratio": 1.2,
            "price_fair": 39.73,
            "eps_avg_yearly": 1.14,
            "eps_latest_yearly": 1.56,
            "eps_growth_yearly": 66.06
        },
        "20151": {
            "year_quarter": 20151,
            "year": 2015,
            "quarter": 1,
            "eps": 1.08,
            "eps_growth_year": 300,
            "eps_4q": 1.96,
            "eps_4q_growth_year": 99.73,
            "roe": 5.26,
            "roe_4q": 9.84,
            "gross_profit": 194949,
            "gross_margin": 11.14,
            "gross_margin_4q_avg": 12.28,
            "net_income": 343151,
            "net_income_4q": null,
            "revenue": 1749805,
            "revenue_4q": null,
            "common_shares": 3191206,
            "book_valuer_per_share": 21.04,
            "book_valuer_per_share_4q_avg": 19.75,
            "equity": 6673261,
            "current_ratio": 205.13,
            "debt_ratio": 45.04,
            "inventory_turnover_ratio": 1.89,
            "account_receivable_turnover_ratio": 0.92,
            "reinvestment_rate": 48.37,
            "research_to_sale_ratio": 1.33,
            "price_fair": 47.6,
            "eps_avg_yearly": 1.36,
            "eps_latest_yearly": 4.32,
            "eps_growth_yearly": 119.77
        },
        "20152": {
            "year_quarter": 20152,
            "year": 2015,
            "quarter": 2,
            "eps": 13.49,
            "eps_growth_year": 4396.67,
            "eps_4q": 15.16,
            "eps_4q_growth_year": 1251.01,
            "roe": 50.27,
            "roe_4q": 58.54,
            "gross_profit": 196272,
            "gross_margin": 12.74,
            "gross_margin_4q_avg": 11.81,
            "net_income": 4279739,
            "net_income_4q": null,
            "revenue": 1540177,
            "revenue_4q": null,
            "common_shares": 3191206,
            "book_valuer_per_share": 32.64,
            "book_valuer_per_share_4q_avg": 23.26,
            "equity": 10353354,
            "current_ratio": 364.25,
            "debt_ratio": 36.18,
            "inventory_turnover_ratio": 1.46,
            "account_receivable_turnover_ratio": 0.91,
            "reinvestment_rate": -12.69,
            "research_to_sale_ratio": 1.51,
            "price_fair": 162.49,
            "eps_avg_yearly": 4.64,
            "eps_latest_yearly": 53.96,
            "eps_growth_yearly": 382.04
        },
        "20153": {
            "year_quarter": 20153,
            "year": 2015,
            "quarter": 3,
            "eps": 1.06,
            "eps_growth_year": 430,
            "eps_4q": 16.02,
            "eps_4q_growth_year": 1605.11,
            "roe": 3.18,
            "roe_4q": 60.69,
            "gross_profit": 155777,
            "gross_margin": 10.43,
            "gross_margin_4q_avg": 11.27,
            "net_income": 336390,
            "net_income_4q": null,
            "revenue": 1493046,
            "revenue_4q": null,
            "common_shares": 3191206,
            "book_valuer_per_share": 34.18,
            "book_valuer_per_share_4q_avg": 26.99,
            "equity": 10833275,
            "current_ratio": 465.35,
            "debt_ratio": 30.77,
            "inventory_turnover_ratio": 1.43,
            "account_receivable_turnover_ratio": 1.01,
            "reinvestment_rate": -19.04,
            "research_to_sale_ratio": 1.18,
            "price_fair": 168.44,
            "eps_avg_yearly": 4.81,
            "eps_latest_yearly": 4.24,
            "eps_growth_yearly": 357.61
        },
        "20154": {
            "year_quarter": 20154,
            "year": 2015,
            "quarter": 4,
            "eps": -0.76,
            "eps_growth_year": -293.76,
            "eps_4q": 15.43,
            "eps_4q_growth_year": 1244.28,
            "roe": -2.2,
            "roe_4q": 56.51,
            "gross_profit": 147204,
            "gross_margin": 10.68,
            "gross_margin_4q_avg": 11.25,
            "net_income": -231378,
            "net_income_4q": null,
            "revenue": 1378564,
            "revenue_4q": null,
            "common_shares": 3083126,
            "book_valuer_per_share": 33.35,
            "book_valuer_per_share_4q_avg": 30.3,
            "equity": 10219492,
            "current_ratio": 494.29,
            "debt_ratio": 32.47,
            "inventory_turnover_ratio": 1.47,
            "account_receivable_turnover_ratio": 0.99,
            "reinvestment_rate": -23.03,
            "research_to_sale_ratio": 1.19,
            "price_fair": 175.93,
            "eps_avg_yearly": 5.03,
            "eps_latest_yearly": 4.24,
            "eps_growth_yearly": 380.05
        },
        "20161": {
            "year_quarter": 20161,
            "year": 2016,
            "quarter": 1,
            "eps": -0.14,
            "eps_growth_year": -112.96,
            "eps_4q": 15.56,
            "eps_4q_growth_year": 692.03,
            "roe": -0.43,
            "roe_4q": 50.82,
            "gross_profit": 89252,
            "gross_margin": 8.02,
            "gross_margin_4q_avg": 10.47,
            "net_income": -42113,
            "net_income_4q": null,
            "revenue": 1112325,
            "revenue_4q": null,
            "common_shares": 2810046,
            "book_valuer_per_share": 33.51,
            "book_valuer_per_share_4q_avg": 33.42,
            "equity": 9353983,
            "current_ratio": 451.45,
            "debt_ratio": 33.09,
            "inventory_turnover_ratio": 1.33,
            "account_receivable_turnover_ratio": 0.9,
            "reinvestment_rate": -23.13,
            "research_to_sale_ratio": 1.46,
            "price_fair": 186.7,
            "eps_avg_yearly": 5.33,
            "eps_latest_yearly": 4.24,
            "eps_growth_yearly": 422.91
        },
        "20162": {
            "year_quarter": 20162,
            "year": 2016,
            "quarter": 2,
            "eps": 0,
            "eps_growth_year": -100,
            "eps_4q": 0.23,
            "eps_4q_growth_year": -98.51,
            "roe": 0,
            "roe_4q": 0.5499999999999998,
            "gross_profit": 112967,
            "gross_margin": 9.5,
            "gross_margin_4q_avg": 9.66,
            "net_income": 269,
            "net_income_4q": null,
            "revenue": 1189679,
            "revenue_4q": null,
            "common_shares": 2810046,
            "book_valuer_per_share": 28.61,
            "book_valuer_per_share_4q_avg": 32.41,
            "equity": 7985655,
            "current_ratio": 268.4,
            "debt_ratio": 42.2,
            "inventory_turnover_ratio": 1.44,
            "account_receivable_turnover_ratio": 1.11,
            "reinvestment_rate": -28.45,
            "research_to_sale_ratio": 1.26,
            "price_fair": 197.18,
            "eps_avg_yearly": 5.63,
            "eps_latest_yearly": 4.24,
            "eps_growth_yearly": 424.67
        },
        "20163": {
            "year_quarter": 20163,
            "year": 2016,
            "quarter": 3,
            "eps": -0.31,
            "eps_growth_year": -129.25,
            "eps_4q": -1.29,
            "eps_4q_growth_year": -108.02,
            "roe": -1.09,
            "roe_4q": -3.72,
            "gross_profit": 94785,
            "gross_margin": 7.92,
            "gross_margin_4q_avg": 9.03,
            "net_income": -85641,
            "net_income_4q": null,
            "revenue": 1196029,
            "revenue_4q": null,
            "common_shares": 2810046,
            "book_valuer_per_share": 27.93,
            "book_valuer_per_share_4q_avg": 30.85,
            "equity": 7794412,
            "current_ratio": 340.23,
            "debt_ratio": 37.43,
            "inventory_turnover_ratio": 1.52,
            "account_receivable_turnover_ratio": 1.11,
            "reinvestment_rate": -31.23,
            "research_to_sale_ratio": 1.18,
            "price_fair": 209.3,
            "eps_avg_yearly": 5.98,
            "eps_latest_yearly": 4.24,
            "eps_growth_yearly": 459.14
        },
        "20164": {
            "year_quarter": 20164,
            "year": 2016,
            "quarter": 4,
            "eps": 0.63,
            "eps_growth_year": null,
            "eps_4q": 0.17,
            "eps_4q_growth_year": -98.91,
            "roe": 2.23,
            "roe_4q": 0.71,
            "gross_profit": 177102,
            "gross_margin": 12.63,
            "gross_margin_4q_avg": 9.52,
            "net_income": 174540,
            "net_income_4q": null,
            "revenue": 1402251,
            "revenue_4q": null,
            "common_shares": 2810046,
            "book_valuer_per_share": 28.25,
            "book_valuer_per_share_4q_avg": 29.58,
            "equity": 7883766,
            "current_ratio": 335.21,
            "debt_ratio": 37.93,
            "inventory_turnover_ratio": 1.65,
            "account_receivable_turnover_ratio": 1.12,
            "reinvestment_rate": -31.32,
            "research_to_sale_ratio": 0.98,
            "price_fair": 224.76,
            "eps_avg_yearly": 6.42,
            "eps_latest_yearly": 4.24,
            "eps_growth_yearly": 509.72
        },
        "20171": {
            "year_quarter": 20171,
            "year": 2017,
            "quarter": 1,
            "eps": -0.46,
            "eps_growth_year": null,
            "eps_4q": -0.14,
            "eps_4q_growth_year": -100.91,
            "roe": -1.66,
            "roe_4q": -0.52,
            "gross_profit": 104076,
            "gross_margin": 7.54,
            "gross_margin_4q_avg": 9.4,
            "net_income": -128691,
            "net_income_4q": null,
            "revenue": 1381109,
            "revenue_4q": null,
            "common_shares": 2810046,
            "book_valuer_per_share": 27.16,
            "book_valuer_per_share_4q_avg": 27.99,
            "equity": 7579765,
            "current_ratio": 341.46,
            "debt_ratio": 37.93,
            "inventory_turnover_ratio": 1.7,
            "account_receivable_turnover_ratio": 1.04,
            "reinvestment_rate": -40.26,
            "research_to_sale_ratio": 0.89,
            "price_fair": 245.14,
            "eps_avg_yearly": 7,
            "eps_latest_yearly": 4.24,
            "eps_growth_yearly": 579.27
        },
        "20172": {
            "year_quarter": 20172,
            "year": 2017,
            "quarter": 2,
            "eps": 0.17,
            "eps_growth_year": null,
            "eps_4q": 0.03,
            "eps_4q_growth_year": -86.11,
            "roe": 0.64,
            "roe_4q": 0.11999999999999988,
            "gross_profit": 93916,
            "gross_margin": 7.06,
            "gross_margin_4q_avg": 8.79,
            "net_income": 48566,
            "net_income_4q": null,
            "revenue": 1329600,
            "revenue_4q": null,
            "common_shares": 2810046,
            "book_valuer_per_share": 27.55,
            "book_valuer_per_share_4q_avg": 27.72,
            "equity": 7688769,
            "current_ratio": 384.49,
            "debt_ratio": 36.28,
            "inventory_turnover_ratio": 1.59,
            "account_receivable_turnover_ratio": 1.01,
            "reinvestment_rate": -35.73,
            "research_to_sale_ratio": 1.14,
            "price_fair": 269.89,
            "eps_avg_yearly": 7.71,
            "eps_latest_yearly": 4.24,
            "eps_growth_yearly": 640.67
        },
        "20173": {
            "year_quarter": 20173,
            "year": 2017,
            "quarter": 3,
            "eps": 0.1,
            "eps_growth_year": null,
            "eps_4q": 0.54,
            "eps_4q_growth_year": null,
            "roe": 0.37,
            "roe_4q": 1.58,
            "gross_profit": 75663,
            "gross_margin": 5.8,
            "gross_margin_4q_avg": 8.26,
            "net_income": 27020,
            "net_income_4q": null,
            "revenue": 1305190,
            "revenue_4q": null,
            "common_shares": 2388500,
            "book_valuer_per_share": 31.25,
            "book_valuer_per_share_4q_avg": 28.55,
            "equity": 7077644,
            "current_ratio": 353.4,
            "debt_ratio": 38.46,
            "inventory_turnover_ratio": 1.49,
            "account_receivable_turnover_ratio": 1.02,
            "reinvestment_rate": -36.83,
            "research_to_sale_ratio": 1.07,
            "price_fair": 265.53,
            "eps_avg_yearly": 7.59,
            "eps_latest_yearly": 0.4,
            "eps_growth_yearly": 561.26
        },
        "20174": {
            "year_quarter": 20174,
            "year": 2017,
            "quarter": 4,
            "eps": 0.2,
            "eps_growth_year": -68.05,
            "eps_4q": -0.04,
            "eps_4q_growth_year": -122.11,
            "roe": 0.63,
            "roe_4q": -0.019999999999999796,
            "gross_profit": 108876,
            "gross_margin": 8,
            "gross_margin_4q_avg": 7.1,
            "net_income": 44755,
            "net_income_4q": null,
            "revenue": 1360855,
            "revenue_4q": null,
            "common_shares": 2256056,
            "book_valuer_per_share": 31.64,
            "book_valuer_per_share_4q_avg": 29.4,
            "equity": 7086404,
            "current_ratio": 353.58,
            "debt_ratio": 39.31,
            "inventory_turnover_ratio": 1.55,
            "account_receivable_turnover_ratio": 1.09,
            "reinvestment_rate": -35.12,
            "research_to_sale_ratio": 1.05,
            "price_fair": 265.84,
            "eps_avg_yearly": 7.6,
            "eps_latest_yearly": 0.8,
            "eps_growth_yearly": 629.09
        },
        "20181": {
            "year_quarter": 20181,
            "year": 2018,
            "quarter": 1,
            "eps": -0.31,
            "eps_growth_year": null,
            "eps_4q": 0.22,
            "eps_4q_growth_year": null,
            "roe": -1,
            "roe_4q": 0.64,
            "gross_profit": 56516,
            "gross_margin": 4.49,
            "gross_margin_4q_avg": 6.34,
            "net_income": -70396,
            "net_income_4q": null,
            "revenue": 1258260,
            "revenue_4q": null,
            "common_shares": 2256056,
            "book_valuer_per_share": 31.43,
            "book_valuer_per_share_4q_avg": 30.47,
            "equity": 7040725,
            "current_ratio": 341.79,
            "debt_ratio": 40.46,
            "inventory_turnover_ratio": 1.46,
            "account_receivable_turnover_ratio": 1,
            "reinvestment_rate": -40.67,
            "research_to_sale_ratio": 1.08,
            "price_fair": 294.35,
            "eps_avg_yearly": 8.41,
            "eps_latest_yearly": 0.8,
            "eps_growth_yearly": 682.73
        },
        "20182": {
            "year_quarter": 20182,
            "year": 2018,
            "quarter": 2,
            "eps": 0.62,
            "eps_growth_year": 264.71,
            "eps_4q": 0.63,
            "eps_4q_growth_year": 1893.08,
            "roe": 1.96,
            "roe_4q": 1.96,
            "gross_profit": 73081,
            "gross_margin": 5.36,
            "gross_margin_4q_avg": 5.91,
            "net_income": 138963,
            "net_income_4q": null,
            "revenue": 1363555,
            "revenue_4q": null,
            "common_shares": 2256056,
            "book_valuer_per_share": 31.83,
            "book_valuer_per_share_4q_avg": 31.54,
            "equity": 7129799,
            "current_ratio": 366.52,
            "debt_ratio": 39.68,
            "inventory_turnover_ratio": 1.53,
            "account_receivable_turnover_ratio": 1.03,
            "reinvestment_rate": -33.35,
            "research_to_sale_ratio": 1.05,
            "price_fair": 330.4,
            "eps_avg_yearly": 9.44,
            "eps_latest_yearly": 0.8,
            "eps_growth_yearly": 773.91
        },
        "20183": {
            "year_quarter": 20183,
            "year": 2018,
            "quarter": 3,
            "eps": 0.35,
            "eps_growth_year": 250,
            "eps_4q": 0.86,
            "eps_4q_growth_year": 60.29,
            "roe": 1.12,
            "roe_4q": 2.71,
            "gross_profit": 94629,
            "gross_margin": 6.73,
            "gross_margin_4q_avg": 6.15,
            "net_income": 79159,
            "net_income_4q": null,
            "revenue": 1405349,
            "revenue_4q": null,
            "common_shares": 2256056,
            "book_valuer_per_share": 31.52,
            "book_valuer_per_share_4q_avg": 31.61,
            "equity": 7061377,
            "current_ratio": 380.73,
            "debt_ratio": 39.92,
            "inventory_turnover_ratio": 1.59,
            "account_receivable_turnover_ratio": 1.02,
            "reinvestment_rate": -33.01,
            "research_to_sale_ratio": 1,
            "price_fair": 333.4,
            "eps_avg_yearly": 9.53,
            "eps_latest_yearly": 1.4,
            "eps_growth_yearly": 768.07
        },
        "20184": {
            "year_quarter": 20184,
            "year": 2018,
            "quarter": 4,
            "eps": 0.68,
            "eps_growth_year": 241.5,
            "eps_4q": 1.34,
            "eps_4q_growth_year": null,
            "roe": 2.14,
            "roe_4q": 4.220000000000001,
            "gross_profit": 184186,
            "gross_margin": 12.31,
            "gross_margin_4q_avg": 7.22,
            "net_income": 152837,
            "net_income_4q": null,
            "revenue": 1496655,
            "revenue_4q": null,
            "common_shares": 2256056,
            "book_valuer_per_share": 32.19,
            "book_valuer_per_share_4q_avg": 31.74,
            "equity": 7209404,
            "current_ratio": 363.87,
            "debt_ratio": 40.75,
            "inventory_turnover_ratio": 1.62,
            "account_receivable_turnover_ratio": 1.06,
            "reinvestment_rate": -31.2,
            "research_to_sale_ratio": 3.65,
            "price_fair": 339.2,
            "eps_avg_yearly": 9.69,
            "eps_latest_yearly": 2.72,
            "eps_growth_yearly": 767.67
        },
        "20191": {
            "year_quarter": 20191,
            "year": 2019,
            "quarter": 1,
            "eps": 0.48,
            "eps_growth_year": null,
            "eps_4q": 2.13,
            "eps_4q_growth_year": 856.78,
            "roe": 1.46,
            "roe_4q": 6.680000000000001,
            "gross_profit": 43848,
            "gross_margin": 3.67,
            "gross_margin_4q_avg": 7.02,
            "net_income": 106905,
            "net_income_4q": null,
            "revenue": 1193532,
            "revenue_4q": null,
            "common_shares": 2256056,
            "book_valuer_per_share": 33.09,
            "book_valuer_per_share_4q_avg": 32.16,
            "equity": 7412975,
            "current_ratio": 387.17,
            "debt_ratio": 40.02,
            "inventory_turnover_ratio": 1.47,
            "account_receivable_turnover_ratio": 0.88,
            "reinvestment_rate": -23.46,
            "research_to_sale_ratio": 1.06,
            "price_fair": 327.2,
            "eps_avg_yearly": 9.35,
            "eps_latest_yearly": 1.92,
            "eps_growth_yearly": 649.76
        },
        "20192": {
            "year_quarter": 20192,
            "year": 2019,
            "quarter": 2,
            "eps": 0.84,
            "eps_growth_year": 35.48,
            "eps_4q": 2.35,
            "eps_4q_growth_year": 275.33,
            "roe": 2.54,
            "roe_4q": 7.260000000000001,
            "gross_profit": 117678,
            "gross_margin": 9.23,
            "gross_margin_4q_avg": 7.99,
            "net_income": 187849,
            "net_income_4q": null,
            "revenue": 1275494,
            "revenue_4q": null,
            "common_shares": 2256056,
            "book_valuer_per_share": 32.83,
            "book_valuer_per_share_4q_avg": 32.41,
            "equity": 7354520,
            "current_ratio": 331.06,
            "debt_ratio": 41.67,
            "inventory_turnover_ratio": 1.5,
            "account_receivable_turnover_ratio": 1.02,
            "reinvestment_rate": 67.36,
            "research_to_sale_ratio": 1.01,
            "price_fair": 74.2,
            "eps_avg_yearly": 2.12,
            "eps_latest_yearly": 3.36,
            "eps_growth_yearly": 36
        },
        "20193": {
            "year_quarter": 20193,
            "year": 2019,
            "quarter": 3,
            "eps": 0.78,
            "eps_growth_year": 122.86,
            "eps_4q": 3.05,
            "eps_4q_growth_year": 255.32,
            "roe": 2.32,
            "roe_4q": 8.459999999999999,
            "gross_profit": 103258,
            "gross_margin": 7.8,
            "gross_margin_4q_avg": 8.25,
            "net_income": 167936,
            "net_income_4q": null,
            "revenue": 1324138,
            "revenue_4q": null,
            "common_shares": 2030450,
            "book_valuer_per_share": 35.36,
            "book_valuer_per_share_4q_avg": 33.37,
            "equity": 7128622,
            "current_ratio": 295.86,
            "debt_ratio": 43.24,
            "inventory_turnover_ratio": 1.55,
            "account_receivable_turnover_ratio": 1,
            "reinvestment_rate": 94.43,
            "research_to_sale_ratio": 1.04,
            "price_fair": 68.6,
            "eps_avg_yearly": 1.96,
            "eps_latest_yearly": 3.12,
            "eps_growth_yearly": 84.57
        },
        "20194": {
            "year_quarter": 20194,
            "year": 2019,
            "quarter": 4,
            "eps": 0.44,
            "eps_growth_year": -36.21,
            "eps_4q": 2.73,
            "eps_4q_growth_year": 103.48,
            "roe": 1.22,
            "roe_4q": 7.54,
            "gross_profit": 77006,
            "gross_margin": 5.92,
            "gross_margin_4q_avg": 6.66,
            "net_income": 87742,
            "net_income_4q": null,
            "revenue": 1301292,
            "revenue_4q": null,
            "common_shares": 2030450,
            "book_valuer_per_share": 36.02,
            "book_valuer_per_share_4q_avg": 34.33,
            "equity": 7261489,
            "current_ratio": 344.95,
            "debt_ratio": 41.32,
            "inventory_turnover_ratio": 1.48,
            "account_receivable_turnover_ratio": 0.92,
            "reinvestment_rate": 99.66,
            "research_to_sale_ratio": 0.99,
            "price_fair": 67.73,
            "eps_avg_yearly": 1.94,
            "eps_latest_yearly": 1.76,
            "eps_growth_yearly": 52.21
        },
        "20201": {
            "year_quarter": 20201,
            "year": 2020,
            "quarter": 1,
            "eps": 0.39,
            "eps_growth_year": -18.75,
            "eps_4q": 2.59,
            "eps_4q_growth_year": 21.55,
            "roe": 1.1,
            "roe_4q": 7.180000000000001,
            "gross_profit": 52045,
            "gross_margin": 4.76,
            "gross_margin_4q_avg": 6.93,
            "net_income": 79214,
            "net_income_4q": null,
            "revenue": 1093940,
            "revenue_4q": null,
            "common_shares": 2030450,
            "book_valuer_per_share": 35.72,
            "book_valuer_per_share_4q_avg": 34.98,
            "equity": 7201708,
            "current_ratio": 308.83,
            "debt_ratio": 41.49,
            "inventory_turnover_ratio": 1.14,
            "account_receivable_turnover_ratio": 0.82,
            "reinvestment_rate": 95.52,
            "research_to_sale_ratio": 1.06,
            "price_fair": 66.27,
            "eps_avg_yearly": 1.89,
            "eps_latest_yearly": 1.56,
            "eps_growth_yearly": 41.36
        },
        "20202": {
            "year_quarter": 20202,
            "year": 2020,
            "quarter": 2,
            "eps": 0.57,
            "eps_growth_year": -32.14,
            "eps_4q": 2.23,
            "eps_4q_growth_year": -5.17,
            "roe": 1.6,
            "roe_4q": 6.24,
            "gross_profit": 94242,
            "gross_margin": 7.19,
            "gross_margin_4q_avg": 6.42,
            "net_income": 114676,
            "net_income_4q": null,
            "revenue": 1310216,
            "revenue_4q": null,
            "common_shares": 2030450,
            "book_valuer_per_share": 35.48,
            "book_valuer_per_share_4q_avg": 35.65,
            "equity": 7151869,
            "current_ratio": 278.1,
            "debt_ratio": 43.01,
            "inventory_turnover_ratio": 1.24,
            "account_receivable_turnover_ratio": 0.98,
            "reinvestment_rate": 89.47,
            "research_to_sale_ratio": 0.86,
            "price_fair": 67.62,
            "eps_avg_yearly": 1.93,
            "eps_latest_yearly": 2.28,
            "eps_growth_yearly": 55.68
        },
        "20203": {
            "year_quarter": 20203,
            "year": 2020,
            "quarter": 3,
            "eps": 0.61,
            "eps_growth_year": -21.79,
            "eps_4q": 2.19,
            "eps_4q_growth_year": -28.17,
            "roe": 1.63,
            "roe_4q": 5.55,
            "gross_profit": -8533,
            "gross_margin": -0.73,
            "gross_margin_4q_avg": 4.29,
            "net_income": 116277,
            "net_income_4q": null,
            "revenue": 1173565,
            "revenue_4q": null,
            "common_shares": 1827405,
            "book_valuer_per_share": 39.38,
            "book_valuer_per_share_4q_avg": 36.65,
            "equity": 7144133,
            "current_ratio": 223.21,
            "debt_ratio": 42.89,
            "inventory_turnover_ratio": 1.22,
            "account_receivable_turnover_ratio": 0.84,
            "reinvestment_rate": 101.13,
            "research_to_sale_ratio": 0.9,
            "price_fair": 69.24,
            "eps_avg_yearly": 1.98,
            "eps_latest_yearly": 2.44,
            "eps_growth_yearly": 53.17
        },
        "20204": {
            "year_quarter": 20204,
            "year": 2020,
            "quarter": 4,
            "eps": 0.57,
            "eps_growth_year": 31.56,
            "eps_4q": 2.28,
            "eps_4q_growth_year": -16.42,
            "roe": 1.43,
            "roe_4q": 5.76,
            "gross_profit": 52782,
            "gross_margin": 4.37,
            "gross_margin_4q_avg": 3.9,
            "net_income": 103892,
            "net_income_4q": null,
            "revenue": 1207252,
            "revenue_4q": null,
            "common_shares": 1827405,
            "book_valuer_per_share": 40.51,
            "book_valuer_per_share_4q_avg": 37.77,
            "equity": 7350506,
            "current_ratio": 213.88,
            "debt_ratio": 41.54,
            "inventory_turnover_ratio": 1.25,
            "account_receivable_turnover_ratio": 0.93,
            "reinvestment_rate": 135.7,
            "research_to_sale_ratio": 0.86,
            "price_fair": 70.12,
            "eps_avg_yearly": 2,
            "eps_latest_yearly": 2.28,
            "eps_growth_yearly": 46.56
        },
        "20211": {
            "year_quarter": 20211,
            "year": 2021,
            "quarter": 1,
            "eps": 0.58,
            "eps_growth_year": 48.72,
            "eps_4q": 2.43,
            "eps_4q_growth_year": -6.45,
            "roe": 1.41,
            "roe_4q": 6.07,
            "gross_profit": 80442,
            "gross_margin": 6.85,
            "gross_margin_4q_avg": 4.42,
            "net_income": 105267,
            "net_income_4q": null,
            "revenue": 1174472,
            "revenue_4q": null,
            "common_shares": 1827405,
            "book_valuer_per_share": 41.56,
            "book_valuer_per_share_4q_avg": 39.23,
            "equity": 7539660,
            "current_ratio": 186.83,
            "debt_ratio": 41.73,
            "inventory_turnover_ratio": 1.16,
            "account_receivable_turnover_ratio": 0.95,
            "reinvestment_rate": 129.16,
            "research_to_sale_ratio": 0.99,
            "price_fair": 70.97,
            "eps_avg_yearly": 2.03,
            "eps_latest_yearly": 2.32,
            "eps_growth_yearly": 43.51
        },
        "20212": {
            "year_quarter": 20212,
            "year": 2021,
            "quarter": 2,
            "eps": 0.6,
            "eps_growth_year": 5.26,
            "eps_4q": 2.4,
            "eps_4q_growth_year": 7.52,
            "roe": 1.45,
            "roe_4q": 5.92,
            "gross_profit": 112409,
            "gross_margin": 8.97,
            "gross_margin_4q_avg": 4.87,
            "net_income": 109598,
            "net_income_4q": null,
            "revenue": 1253570,
            "revenue_4q": null,
            "common_shares": 1827405,
            "book_valuer_per_share": 42,
            "book_valuer_per_share_4q_avg": 40.86,
            "equity": 7620484,
            "current_ratio": 199.13,
            "debt_ratio": 42.16,
            "inventory_turnover_ratio": 1.04,
            "account_receivable_turnover_ratio": 0.96,
            "reinvestment_rate": 109.41,
            "research_to_sale_ratio": 0.9,
            "price_fair": 71.9,
            "eps_avg_yearly": 2.05,
            "eps_latest_yearly": 2.4,
            "eps_growth_yearly": 41.39
        },
        "20213": {
            "year_quarter": 20213,
            "year": 2021,
            "quarter": 3,
            "eps": 0.95,
            "eps_growth_year": 55.74,
            "eps_4q": 2.71,
            "eps_4q_growth_year": 23.52,
            "roe": 2.29,
            "roe_4q": 6.58,
            "gross_profit": 148457,
            "gross_margin": 10.07,
            "gross_margin_4q_avg": 7.57,
            "net_income": 172755,
            "net_income_4q": null,
            "revenue": 1473751,
            "revenue_4q": null,
            "common_shares": 1827405,
            "book_valuer_per_share": 41.24,
            "book_valuer_per_share_4q_avg": 41.33,
            "equity": 7482256,
            "current_ratio": 194.51,
            "debt_ratio": 43.33,
            "inventory_turnover_ratio": 1.03,
            "account_receivable_turnover_ratio": 1.04,
            "reinvestment_rate": 102.52,
            "research_to_sale_ratio": 0.78,
            "price_fair": 80.4,
            "eps_avg_yearly": 2.3,
            "eps_latest_yearly": 3.8,
            "eps_growth_yearly": 69.82
        },
        "20214": {
            "year_quarter": 20214,
            "year": 2021,
            "quarter": 4,
            "eps": 0.8,
            "eps_growth_year": 40.47,
            "eps_4q": 2.94,
            "eps_4q_growth_year": 28.86,
            "roe": 1.92,
            "roe_4q": 7.07,
            "gross_profit": 100487,
            "gross_margin": 6.94,
            "gross_margin_4q_avg": 8.21,
            "net_income": 145933,
            "net_income_4q": null,
            "revenue": 1447920,
            "revenue_4q": null,
            "common_shares": 1827405,
            "book_valuer_per_share": 42.33,
            "book_valuer_per_share_4q_avg": 41.78,
            "equity": 7680465,
            "current_ratio": 168.02,
            "debt_ratio": 44.37,
            "inventory_turnover_ratio": 0.96,
            "account_receivable_turnover_ratio": 0.95,
            "reinvestment_rate": 116.34,
            "research_to_sale_ratio": 0.78,
            "price_fair": 86.4,
            "eps_avg_yearly": 2.47,
            "eps_latest_yearly": 3.2,
            "eps_growth_yearly": 36.74
        },
        "20221": {
            "year_quarter": 20221,
            "year": 2022,
            "quarter": 1,
            "eps": 0.89,
            "eps_growth_year": 53.45,
            "eps_4q": 3.25,
            "eps_4q_growth_year": 33.92,
            "roe": 2.05,
            "roe_4q": 7.71,
            "gross_profit": 83840,
            "gross_margin": 5.85,
            "gross_margin_4q_avg": 7.96,
            "net_income": 161126,
            "net_income_4q": null,
            "revenue": 1434252,
            "revenue_4q": null,
            "common_shares": 1827405,
            "book_valuer_per_share": 44.31,
            "book_valuer_per_share_4q_avg": 42.47,
            "equity": 8039003,
            "current_ratio": 167.77,
            "debt_ratio": 43.75,
            "inventory_turnover_ratio": 0.95,
            "account_receivable_turnover_ratio": 0.91,
            "reinvestment_rate": 129.24,
            "research_to_sale_ratio": 0.88,
            "price_fair": 88.95,
            "eps_avg_yearly": 2.54,
            "eps_latest_yearly": 3.56,
            "eps_growth_yearly": 37.29
        },
        "20222": {
            "year_quarter": 20222,
            "year": 2022,
            "quarter": 2,
            "eps": 0.71,
            "eps_growth_year": 18.33,
            "eps_4q": 3.35,
            "eps_4q_growth_year": 39.88,
            "roe": 1.62,
            "roe_4q": 7.88,
            "gross_profit": 90712,
            "gross_margin": 6.46,
            "gross_margin_4q_avg": 7.33,
            "net_income": 128698,
            "net_income_4q": null,
            "revenue": 1403636,
            "revenue_4q": null,
            "common_shares": 1827405,
            "book_valuer_per_share": 43.28,
            "book_valuer_per_share_4q_avg": 42.79,
            "equity": 7851677,
            "current_ratio": 180.62,
            "debt_ratio": 42.47,
            "inventory_turnover_ratio": 0.98,
            "account_receivable_turnover_ratio": 0.89,
            "reinvestment_rate": 124.31,
            "research_to_sale_ratio": 0.82,
            "price_fair": 89.6,
            "eps_avg_yearly": 2.56,
            "eps_latest_yearly": 2.84,
            "eps_growth_yearly": 29.9
        },
        "20223": {
            "year_quarter": 20223,
            "year": 2022,
            "quarter": 3,
            "eps": 0.96,
            "eps_growth_year": 1.05,
            "eps_4q": 3.37,
            "eps_4q_growth_year": 24.26,
            "roe": 2.21,
            "roe_4q": 7.8,
            "gross_profit": 7378,
            "gross_margin": 0.61,
            "gross_margin_4q_avg": 4.97,
            "net_income": 175002,
            "net_income_4q": null,
            "revenue": 1205129,
            "revenue_4q": null,
            "common_shares": 1827405,
            "book_valuer_per_share": 44.18,
            "book_valuer_per_share_4q_avg": 43.53,
            "equity": 8015681,
            "current_ratio": 191.8,
            "debt_ratio": 39.59,
            "inventory_turnover_ratio": 0.98,
            "account_receivable_turnover_ratio": 0.83,
            "reinvestment_rate": 130.72,
            "research_to_sale_ratio": 0.92,
            "price_fair": 94.94,
            "eps_avg_yearly": 2.71,
            "eps_latest_yearly": 3.84,
            "eps_growth_yearly": 49.59
        },
        "20224": {
            "year_quarter": 20224,
            "year": 2022,
            "quarter": 4,
            "eps": 0.25,
            "eps_growth_year": -68.64,
            "eps_4q": 2.81,
            "eps_4q_growth_year": -4.3,
            "roe": 0.57,
            "roe_4q": 6.45,
            "gross_profit": -779,
            "gross_margin": -0.07,
            "gross_margin_4q_avg": 3.21,
            "net_income": 45761,
            "net_income_4q": null,
            "revenue": 1089698,
            "revenue_4q": null,
            "common_shares": 1827405,
            "book_valuer_per_share": 44.33,
            "book_valuer_per_share_4q_avg": 44.03,
            "equity": 8042235,
            "current_ratio": 190.92,
            "debt_ratio": 38.67,
            "inventory_turnover_ratio": 1,
            "account_receivable_turnover_ratio": 0.92,
            "reinvestment_rate": 139.74,
            "research_to_sale_ratio": 1.06,
            "price_fair": 45.67,
            "eps_avg_yearly": 2.61,
            "eps_latest_yearly": 1,
            "eps_growth_yearly": 7.53
        },
        "20231": {
            "year_quarter": 20231,
            "year": 2023,
            "quarter": 1,
            "eps": -0.2,
            "eps_growth_year": -122.47,
            "eps_4q": 1.73,
            "eps_4q_growth_year": -46.76,
            "roe": -0.44,
            "roe_4q": 3.96,
            "gross_profit": -76768,
            "gross_margin": -9.49,
            "gross_margin_4q_avg": -0.62,
            "net_income": -35648,
            "net_income_4q": null,
            "revenue": 808709,
            "revenue_4q": null,
            "common_shares": 1827405,
            "book_valuer_per_share": 44.7,
            "book_valuer_per_share_4q_avg": 44.12,
            "equity": 8110391,
            "current_ratio": 160.18,
            "debt_ratio": 38.89,
            "inventory_turnover_ratio": 0.86,
            "account_receivable_turnover_ratio": 0.87,
            "reinvestment_rate": 152.11,
            "research_to_sale_ratio": 1.31,
            "price_fair": 68.59,
            "eps_avg_yearly": 2.65,
            "eps_latest_yearly": 1,
            "eps_growth_yearly": 15.88
        },
        "20232": {
            "year_quarter": 20232,
            "year": 2023,
            "quarter": 2,
            "eps": 0.02,
            "eps_growth_year": -97.18,
            "eps_4q": 1.04,
            "eps_4q_growth_year": -69.09,
            "roe": 0.04,
            "roe_4q": 2.38,
            "gross_profit": -56236,
            "gross_margin": -6.04,
            "gross_margin_4q_avg": -3.75,
            "net_income": 2985,
            "net_income_4q": null,
            "revenue": 931204,
            "revenue_4q": null,
            "common_shares": 1827405,
            "book_valuer_per_share": 43.45,
            "book_valuer_per_share_4q_avg": 44.17,
            "equity": 7883556,
            "current_ratio": 136.86,
            "debt_ratio": 41.18,
            "inventory_turnover_ratio": 0.99,
            "account_receivable_turnover_ratio": 1.08,
            "reinvestment_rate": 153.75,
            "research_to_sale_ratio": 1.14,
            "price_fair": 7.8,
            "eps_avg_yearly": 2.6,
            "eps_latest_yearly": 1,
            "eps_growth_yearly": -4.42
        },
        "20233": {
            "year_quarter": 20233,
            "year": 2023,
            "quarter": 3,
            "eps": 0.68,
            "eps_growth_year": -29.17,
            "eps_4q": 0.76,
            "eps_4q_growth_year": -77.55,
            "roe": 1.54,
            "roe_4q": 1.71,
            "gross_profit": -70856,
            "gross_margin": -7.95,
            "gross_margin_4q_avg": -5.89,
            "net_income": 123990,
            "net_income_4q": null,
            "revenue": 891335,
            "revenue_4q": null,
            "common_shares": 1827405,
            "book_valuer_per_share": 45.17,
            "book_valuer_per_share_4q_avg": 44.41,
            "equity": 8196111,
            "current_ratio": 140.15,
            "debt_ratio": 40.75,
            "inventory_turnover_ratio": 1.04,
            "account_receivable_turnover_ratio": 0.97,
            "reinvestment_rate": 175.32,
            "research_to_sale_ratio": 1.25,
            "price_fair": 90,
            "eps_avg_yearly": 2.57,
            "eps_latest_yearly": 2.72,
            "eps_growth_yearly": 940.48
        }
    },
    "months": {
        "2001-06": {
            "month": "2001-06",
            "price": "22.72",
            "revenue": 383335
        },
        "2001-07": {
            "month": "2001-07",
            "price": "16.00",
            "revenue": 409555
        },
        "2001-08": {
            "month": "2001-08",
            "price": "16.41",
            "revenue": 512434
        },
        "2001-09": {
            "month": "2001-09",
            "price": "13.14",
            "revenue": 521395
        },
        "2001-10": {
            "month": "2001-10",
            "price": "11.85",
            "revenue": 586303
        },
        "2001-11": {
            "month": "2001-11",
            "price": "15.83",
            "revenue": 592615
        },
        "2001-12": {
            "month": "2001-12",
            "price": "18.31",
            "revenue": 506882
        },
        "2002-01": {
            "month": "2002-01",
            "price": "18.31",
            "revenue": 418718
        },
        "2002-02": {
            "month": "2002-02",
            "price": "16.89",
            "revenue": 346490
        },
        "2002-03": {
            "month": "2002-03",
            "price": "20.09",
            "revenue": 430887
        },
        "2002-04": {
            "month": "2002-04",
            "price": "23.40",
            "revenue": 452906
        },
        "2002-05": {
            "month": "2002-05",
            "price": "21.81",
            "revenue": 465397
        },
        "2002-06": {
            "month": "2002-06",
            "price": "19.38",
            "revenue": 466402
        },
        "2002-07": {
            "month": "2002-07",
            "price": "19.41",
            "revenue": 473395
        },
        "2002-08": {
            "month": "2002-08",
            "price": "19.51",
            "revenue": 478042
        },
        "2002-09": {
            "month": "2002-09",
            "price": "17.27",
            "revenue": 478207
        },
        "2002-10": {
            "month": "2002-10",
            "price": "15.68",
            "revenue": 509704
        },
        "2002-11": {
            "month": "2002-11",
            "price": "16.64",
            "revenue": 509916
        },
        "2002-12": {
            "month": "2002-12",
            "price": "18.01",
            "revenue": 416478
        },
        "2003-01": {
            "month": "2003-01",
            "price": "18.55",
            "revenue": 404770
        },
        "2003-02": {
            "month": "2003-02",
            "price": "17.09",
            "revenue": 250504
        },
        "2003-03": {
            "month": "2003-03",
            "price": "13.50",
            "revenue": 424804
        },
        "2003-04": {
            "month": "2003-04",
            "price": "12.99",
            "revenue": 433155
        },
        "2003-05": {
            "month": "2003-05",
            "price": "10.88",
            "revenue": 388383
        },
        "2003-06": {
            "month": "2003-06",
            "price": "12.63",
            "revenue": 312752
        },
        "2003-07": {
            "month": "2003-07",
            "price": "13.32",
            "revenue": 424066
        },
        "2003-08": {
            "month": "2003-08",
            "price": "13.01",
            "revenue": 450490
        },
        "2003-09": {
            "month": "2003-09",
            "price": "14.61",
            "revenue": 511130
        },
        "2003-10": {
            "month": "2003-10",
            "price": "16.11",
            "revenue": 540400
        },
        "2003-11": {
            "month": "2003-11",
            "price": "20.73",
            "revenue": 570002
        },
        "2003-12": {
            "month": "2003-12",
            "price": "20.07",
            "revenue": 612412
        },
        "2004-01": {
            "month": "2004-01",
            "price": "21.51",
            "revenue": 550207
        },
        "2004-02": {
            "month": "2004-02",
            "price": "23.00",
            "revenue": 550182
        },
        "2004-03": {
            "month": "2004-03",
            "price": "20.40",
            "revenue": 587938
        },
        "2004-04": {
            "month": "2004-04",
            "price": "22.60",
            "revenue": 625974
        },
        "2004-05": {
            "month": "2004-05",
            "price": "21.57",
            "revenue": 662382
        },
        "2004-06": {
            "month": "2004-06",
            "price": "18.71",
            "revenue": 688864
        },
        "2004-07": {
            "month": "2004-07",
            "price": "16.11",
            "revenue": 635640
        },
        "2004-08": {
            "month": "2004-08",
            "price": "15.60",
            "revenue": 593568
        },
        "2004-09": {
            "month": "2004-09",
            "price": "16.78",
            "revenue": 609519
        },
        "2004-10": {
            "month": "2004-10",
            "price": "14.95",
            "revenue": 669636
        },
        "2004-11": {
            "month": "2004-11",
            "price": "14.35",
            "revenue": 701644
        },
        "2004-12": {
            "month": "2004-12",
            "price": "14.05",
            "revenue": 612280
        },
        "2005-01": {
            "month": "2005-01",
            "price": "13.77",
            "revenue": 775905
        },
        "2005-02": {
            "month": "2005-02",
            "price": "14.71",
            "revenue": 630236
        },
        "2005-03": {
            "month": "2005-03",
            "price": "14.52",
            "revenue": 683098
        },
        "2005-04": {
            "month": "2005-04",
            "price": "12.79",
            "revenue": 587955
        },
        "2005-05": {
            "month": "2005-05",
            "price": "11.12",
            "revenue": 723636
        },
        "2005-06": {
            "month": "2005-06",
            "price": "13.07",
            "revenue": 700092
        },
        "2005-07": {
            "month": "2005-07",
            "price": "12.74",
            "revenue": 756390
        },
        "2005-08": {
            "month": "2005-08",
            "price": "11.11",
            "revenue": 860874
        },
        "2005-09": {
            "month": "2005-09",
            "price": "11.17",
            "revenue": 894118
        },
        "2005-10": {
            "month": "2005-10",
            "price": "10.04",
            "revenue": 919164
        },
        "2005-11": {
            "month": "2005-11",
            "price": "9.51",
            "revenue": 934511
        },
        "2005-12": {
            "month": "2005-12",
            "price": "12.72",
            "revenue": 817620
        },
        "2006-01": {
            "month": "2006-01",
            "price": "14.04",
            "revenue": 900214
        },
        "2006-02": {
            "month": "2006-02",
            "price": "13.65",
            "revenue": 915428
        },
        "2006-03": {
            "month": "2006-03",
            "price": "13.65",
            "revenue": 941367
        },
        "2006-04": {
            "month": "2006-04",
            "price": "15.01",
            "revenue": 800621
        },
        "2006-05": {
            "month": "2006-05",
            "price": "13.75",
            "revenue": 780064
        },
        "2006-06": {
            "month": "2006-06",
            "price": "10.93",
            "revenue": 641032
        },
        "2006-07": {
            "month": "2006-07",
            "price": "10.54",
            "revenue": 753277
        },
        "2006-08": {
            "month": "2006-08",
            "price": "11.32",
            "revenue": 951749
        },
        "2006-09": {
            "month": "2006-09",
            "price": "11.09",
            "revenue": 1084832
        },
        "2006-10": {
            "month": "2006-10",
            "price": "11.38",
            "revenue": 1016888
        },
        "2006-11": {
            "month": "2006-11",
            "price": "11.52",
            "revenue": 977382
        },
        "2006-12": {
            "month": "2006-12",
            "price": "12.08",
            "revenue": 806010
        },
        "2007-01": {
            "month": "2007-01",
            "price": "15.35",
            "revenue": 806905
        },
        "2007-02": {
            "month": "2007-02",
            "price": "14.33",
            "revenue": 680262
        },
        "2007-03": {
            "month": "2007-03",
            "price": "13.95",
            "revenue": 818959
        },
        "2007-04": {
            "month": "2007-04",
            "price": "15.07",
            "revenue": 731960
        },
        "2007-05": {
            "month": "2007-05",
            "price": "13.73",
            "revenue": 770536
        },
        "2007-06": {
            "month": "2007-06",
            "price": "14.35",
            "revenue": 827140
        },
        "2007-07": {
            "month": "2007-07",
            "price": "15.01",
            "revenue": 808216
        },
        "2007-08": {
            "month": "2007-08",
            "price": "12.28",
            "revenue": 877923
        },
        "2007-09": {
            "month": "2007-09",
            "price": "11.26",
            "revenue": 956008
        },
        "2007-10": {
            "month": "2007-10",
            "price": "12.12",
            "revenue": 1020696
        },
        "2007-11": {
            "month": "2007-11",
            "price": "10.65",
            "revenue": 884576
        },
        "2007-12": {
            "month": "2007-12",
            "price": "8.75",
            "revenue": 870194
        },
        "2008-01": {
            "month": "2008-01",
            "price": "7.71",
            "revenue": 680579
        },
        "2008-02": {
            "month": "2008-02",
            "price": "7.23",
            "revenue": 512874
        },
        "2008-03": {
            "month": "2008-03",
            "price": "8.38",
            "revenue": 676688
        },
        "2008-04": {
            "month": "2008-04",
            "price": "8.61",
            "revenue": 574463
        },
        "2008-05": {
            "month": "2008-05",
            "price": "8.92",
            "revenue": 629569
        },
        "2008-06": {
            "month": "2008-06",
            "price": "8.08",
            "revenue": 574636
        },
        "2008-07": {
            "month": "2008-07",
            "price": "5.74",
            "revenue": 586963
        },
        "2008-08": {
            "month": "2008-08",
            "price": "5.73",
            "revenue": 780482
        },
        "2008-09": {
            "month": "2008-09",
            "price": "4.46",
            "revenue": 819187
        },
        "2008-10": {
            "month": "2008-10",
            "price": "3.47",
            "revenue": 551438
        },
        "2008-11": {
            "month": "2008-11",
            "price": "3.57",
            "revenue": 306941
        },
        "2008-12": {
            "month": "2008-12",
            "price": "3.71",
            "revenue": 276180
        },
        "2009-01": {
            "month": "2009-01",
            "price": "3.79",
            "revenue": 263077
        },
        "2009-02": {
            "month": "2009-02",
            "price": "3.95",
            "revenue": 189458
        },
        "2009-03": {
            "month": "2009-03",
            "price": "4.81",
            "revenue": 250511
        },
        "2009-04": {
            "month": "2009-04",
            "price": "6.44",
            "revenue": 273349
        },
        "2009-05": {
            "month": "2009-05",
            "price": "7.28",
            "revenue": 255935
        },
        "2009-06": {
            "month": "2009-06",
            "price": "6.79",
            "revenue": 242137
        },
        "2009-07": {
            "month": "2009-07",
            "price": "7.23",
            "revenue": 256542
        },
        "2009-08": {
            "month": "2009-08",
            "price": "8.57",
            "revenue": 267062
        },
        "2009-09": {
            "month": "2009-09",
            "price": "9.68",
            "revenue": 298593
        },
        "2009-10": {
            "month": "2009-10",
            "price": "10.35",
            "revenue": 331825
        },
        "2009-11": {
            "month": "2009-11",
            "price": "10.92",
            "revenue": 294468
        },
        "2009-12": {
            "month": "2009-12",
            "price": "11.41",
            "revenue": 274810
        },
        "2010-01": {
            "month": "2010-01",
            "price": "11.96",
            "revenue": 343690
        },
        "2010-02": {
            "month": "2010-02",
            "price": "10.93",
            "revenue": 258497
        },
        "2010-03": {
            "month": "2010-03",
            "price": "12.19",
            "revenue": 321756
        },
        "2010-04": {
            "month": "2010-04",
            "price": "13.23",
            "revenue": 298031
        },
        "2010-05": {
            "month": "2010-05",
            "price": "12.94",
            "revenue": 370562
        },
        "2010-06": {
            "month": "2010-06",
            "price": "12.45",
            "revenue": 384281
        },
        "2010-07": {
            "month": "2010-07",
            "price": "13.52",
            "revenue": 357240
        },
        "2010-08": {
            "month": "2010-08",
            "price": "16.94",
            "revenue": 385009
        },
        "2010-09": {
            "month": "2010-09",
            "price": "18.76",
            "revenue": 389556
        },
        "2010-10": {
            "month": "2010-10",
            "price": "18.00",
            "revenue": 368576
        },
        "2010-11": {
            "month": "2010-11",
            "price": "18.44",
            "revenue": 382752
        },
        "2010-12": {
            "month": "2010-12",
            "price": "20.20",
            "revenue": 326280
        },
        "2011-01": {
            "month": "2011-01",
            "price": "21.49",
            "revenue": 345342
        },
        "2011-02": {
            "month": "2011-02",
            "price": "21.15",
            "revenue": 248234
        },
        "2011-03": {
            "month": "2011-03",
            "price": "19.22",
            "revenue": 315576
        },
        "2011-04": {
            "month": "2011-04",
            "price": "18.67",
            "revenue": 260525
        },
        "2011-05": {
            "month": "2011-05",
            "price": "18.46",
            "revenue": 302994
        },
        "2011-06": {
            "month": "2011-06",
            "price": "18.96",
            "revenue": 334922
        },
        "2011-07": {
            "month": "2011-07",
            "price": "18.36",
            "revenue": 367991
        },
        "2011-08": {
            "month": "2011-08",
            "price": "18.38",
            "revenue": 332703
        },
        "2011-09": {
            "month": "2011-09",
            "price": "17.14",
            "revenue": 341602
        },
        "2011-10": {
            "month": "2011-10",
            "price": "15.46",
            "revenue": 393329
        },
        "2011-11": {
            "month": "2011-11",
            "price": "13.86",
            "revenue": 295597
        },
        "2011-12": {
            "month": "2011-12",
            "price": "10.95",
            "revenue": 359333
        },
        "2012-01": {
            "month": "2012-01",
            "price": "10.90",
            "revenue": 284138
        },
        "2012-02": {
            "month": "2012-02",
            "price": "13.38",
            "revenue": 302301
        },
        "2012-03": {
            "month": "2012-03",
            "price": "13.91",
            "revenue": 321745
        },
        "2012-04": {
            "month": "2012-04",
            "price": "12.98",
            "revenue": 326850
        },
        "2012-05": {
            "month": "2012-05",
            "price": "13.95",
            "revenue": 370253
        },
        "2012-06": {
            "month": "2012-06",
            "price": "13.89",
            "revenue": 353758
        },
        "2012-07": {
            "month": "2012-07",
            "price": "13.21",
            "revenue": 359327
        },
        "2012-08": {
            "month": "2012-08",
            "price": "13.14",
            "revenue": 396030
        },
        "2012-09": {
            "month": "2012-09",
            "price": "13.73",
            "revenue": 370607
        },
        "2012-10": {
            "month": "2012-10",
            "price": "13.06",
            "revenue": 408372
        },
        "2012-11": {
            "month": "2012-11",
            "price": "11.86",
            "revenue": 406162
        },
        "2012-12": {
            "month": "2012-12",
            "price": "12.37",
            "revenue": 389232
        },
        "2013-01": {
            "month": "2013-01",
            "price": "12.59",
            "revenue": 490285
        },
        "2013-02": {
            "month": "2013-02",
            "price": "12.65",
            "revenue": 349352
        },
        "2013-03": {
            "month": "2013-03",
            "price": "12.57",
            "revenue": 518943
        },
        "2013-04": {
            "month": "2013-04",
            "price": "12.08",
            "revenue": 506474
        },
        "2013-05": {
            "month": "2013-05",
            "price": "12.20",
            "revenue": 493039
        },
        "2013-06": {
            "month": "2013-06",
            "price": "11.96",
            "revenue": 448980
        },
        "2013-07": {
            "month": "2013-07",
            "price": "11.96",
            "revenue": 539959
        },
        "2013-08": {
            "month": "2013-08",
            "price": "11.79",
            "revenue": 491977
        },
        "2013-09": {
            "month": "2013-09",
            "price": "12.23",
            "revenue": 594387
        },
        "2013-10": {
            "month": "2013-10",
            "price": "12.94",
            "revenue": 634690
        },
        "2013-11": {
            "month": "2013-11",
            "price": "12.80",
            "revenue": 588630
        },
        "2013-12": {
            "month": "2013-12",
            "price": "12.92",
            "revenue": 476554
        },
        "2014-01": {
            "month": "2014-01",
            "price": "13.52",
            "revenue": 442181
        },
        "2014-02": {
            "month": "2014-02",
            "price": "15.41",
            "revenue": 451138
        },
        "2014-03": {
            "month": "2014-03",
            "price": "15.39",
            "revenue": 623021
        },
        "2014-04": {
            "month": "2014-04",
            "price": "16.14",
            "revenue": 637393
        },
        "2014-05": {
            "month": "2014-05",
            "price": "16.09",
            "revenue": 617130
        },
        "2014-06": {
            "month": "2014-06",
            "price": "16.52",
            "revenue": 535976
        },
        "2014-07": {
            "month": "2014-07",
            "price": "15.53",
            "revenue": 648785
        },
        "2014-08": {
            "month": "2014-08",
            "price": "14.85",
            "revenue": 557559
        },
        "2014-09": {
            "month": "2014-09",
            "price": "14.67",
            "revenue": 699115
        },
        "2014-10": {
            "month": "2014-10",
            "price": "13.94",
            "revenue": 776587
        },
        "2014-11": {
            "month": "2014-11",
            "price": "13.63",
            "revenue": 699528
        },
        "2014-12": {
            "month": "2014-12",
            "price": "13.83",
            "revenue": 647281
        },
        "2015-01": {
            "month": "2015-01",
            "price": "14.49",
            "revenue": 594638
        },
        "2015-02": {
            "month": "2015-02",
            "price": "14.69",
            "revenue": 487143
        },
        "2015-03": {
            "month": "2015-03",
            "price": "15.57",
            "revenue": 668121
        },
        "2015-04": {
            "month": "2015-04",
            "price": "21.57",
            "revenue": 488092
        },
        "2015-05": {
            "month": "2015-05",
            "price": "25.82",
            "revenue": 442452
        },
        "2015-06": {
            "month": "2015-06",
            "price": "29.59",
            "revenue": 612147
        },
        "2015-07": {
            "month": "2015-07",
            "price": "24.63",
            "revenue": 574748
        },
        "2015-08": {
            "month": "2015-08",
            "price": "23.95",
            "revenue": 484733
        },
        "2015-09": {
            "month": "2015-09",
            "price": "23.74",
            "revenue": 431260
        },
        "2015-10": {
            "month": "2015-10",
            "price": "26.19",
            "revenue": 402691
        },
        "2015-11": {
            "month": "2015-11",
            "price": "26.53",
            "revenue": 479179
        },
        "2015-12": {
            "month": "2015-12",
            "price": "26.19",
            "revenue": 494341
        },
        "2016-01": {
            "month": "2016-01",
            "price": "24.79",
            "revenue": 428206
        },
        "2016-02": {
            "month": "2016-02",
            "price": "27.66",
            "revenue": 283364
        },
        "2016-03": {
            "month": "2016-03",
            "price": "30.37",
            "revenue": 400706
        },
        "2016-04": {
            "month": "2016-04",
            "price": "28.36",
            "revenue": 385570
        },
        "2016-05": {
            "month": "2016-05",
            "price": "25.05",
            "revenue": 388749
        },
        "2016-06": {
            "month": "2016-06",
            "price": "26.89",
            "revenue": 414287
        },
        "2016-07": {
            "month": "2016-07",
            "price": "23.49",
            "revenue": 403279
        },
        "2016-08": {
            "month": "2016-08",
            "price": "21.53",
            "revenue": 434328
        },
        "2016-09": {
            "month": "2016-09",
            "price": "20.10",
            "revenue": 357821
        },
        "2016-10": {
            "month": "2016-10",
            "price": "17.90",
            "revenue": 408977
        },
        "2016-11": {
            "month": "2016-11",
            "price": "16.67",
            "revenue": 505544
        },
        "2016-12": {
            "month": "2016-12",
            "price": "17.98",
            "revenue": 481223
        },
        "2017-01": {
            "month": "2017-01",
            "price": "17.54",
            "revenue": 431766
        },
        "2017-02": {
            "month": "2017-02",
            "price": "19.26",
            "revenue": 443409
        },
        "2017-03": {
            "month": "2017-03",
            "price": "20.42",
            "revenue": 525840
        },
        "2017-04": {
            "month": "2017-04",
            "price": "18.17",
            "revenue": 406198
        },
        "2017-05": {
            "month": "2017-05",
            "price": "17.39",
            "revenue": 455544
        },
        "2017-06": {
            "month": "2017-06",
            "price": "17.32",
            "revenue": 467921
        },
        "2017-07": {
            "month": "2017-07",
            "price": "17.25",
            "revenue": 403439
        },
        "2017-08": {
            "month": "2017-08",
            "price": "18.64",
            "revenue": 457501
        },
        "2017-09": {
            "month": "2017-09",
            "price": "20.57",
            "revenue": 441074
        },
        "2017-10": {
            "month": "2017-10",
            "price": "19.70",
            "revenue": 449909
        },
        "2017-11": {
            "month": "2017-11",
            "price": "19.42",
            "revenue": 460115
        },
        "2017-12": {
            "month": "2017-12",
            "price": "19.39",
            "revenue": 443471
        },
        "2018-01": {
            "month": "2018-01",
            "price": "18.95",
            "revenue": 406109
        },
        "2018-02": {
            "month": "2018-02",
            "price": "17.60",
            "revenue": 333732
        },
        "2018-03": {
            "month": "2018-03",
            "price": "17.52",
            "revenue": 518113
        },
        "2018-04": {
            "month": "2018-04",
            "price": "16.35",
            "revenue": 484053
        },
        "2018-05": {
            "month": "2018-05",
            "price": "15.95",
            "revenue": 454415
        },
        "2018-06": {
            "month": "2018-06",
            "price": "16.60",
            "revenue": 423203
        },
        "2018-07": {
            "month": "2018-07",
            "price": "15.74",
            "revenue": 473846
        },
        "2018-08": {
            "month": "2018-08",
            "price": "16.60",
            "revenue": 484198
        },
        "2018-09": {
            "month": "2018-09",
            "price": "17.05",
            "revenue": 442101
        },
        "2018-10": {
            "month": "2018-10",
            "price": "15.28",
            "revenue": 507823
        },
        "2018-11": {
            "month": "2018-11",
            "price": "15.32",
            "revenue": 491356
        },
        "2018-12": {
            "month": "2018-12",
            "price": "15.01",
            "revenue": 490747
        },
        "2019-01": {
            "month": "2019-01",
            "price": "15.45",
            "revenue": 450996
        },
        "2019-02": {
            "month": "2019-02",
            "price": "17.96",
            "revenue": 296251
        },
        "2019-03": {
            "month": "2019-03",
            "price": "20.50",
            "revenue": 444847
        },
        "2019-04": {
            "month": "2019-04",
            "price": "23.35",
            "revenue": 434205
        },
        "2019-05": {
            "month": "2019-05",
            "price": "22.43",
            "revenue": 447113
        },
        "2019-06": {
            "month": "2019-06",
            "price": "22.08",
            "revenue": 391544
        },
        "2019-07": {
            "month": "2019-07",
            "price": "25.38",
            "revenue": 462585
        },
        "2019-08": {
            "month": "2019-08",
            "price": "32.88",
            "revenue": 408549
        },
        "2019-09": {
            "month": "2019-09",
            "price": "42.22",
            "revenue": 450871
        },
        "2019-10": {
            "month": "2019-10",
            "price": "45.06",
            "revenue": 456714
        },
        "2019-11": {
            "month": "2019-11",
            "price": "36.90",
            "revenue": 415736
        },
        "2019-12": {
            "month": "2019-12",
            "price": "36.44",
            "revenue": 420806
        },
        "2020-01": {
            "month": "2020-01",
            "price": "34.44",
            "revenue": 348110
        },
        "2020-02": {
            "month": "2020-02",
            "price": "32.38",
            "revenue": 283411
        },
        "2020-03": {
            "month": "2020-03",
            "price": "27.40",
            "revenue": 457207
        },
        "2020-04": {
            "month": "2020-04",
            "price": "28.22",
            "revenue": 452054
        },
        "2020-05": {
            "month": "2020-05",
            "price": "31.12",
            "revenue": 417213
        },
        "2020-06": {
            "month": "2020-06",
            "price": "30.99",
            "revenue": 435219
        },
        "2020-07": {
            "month": "2020-07",
            "price": "31.50",
            "revenue": 460984
        },
        "2020-08": {
            "month": "2020-08",
            "price": "31.59",
            "revenue": 350884
        },
        "2020-09": {
            "month": "2020-09",
            "price": "31.11",
            "revenue": 356744
        },
        "2020-10": {
            "month": "2020-10",
            "price": "29.63",
            "revenue": 324017
        },
        "2020-11": {
            "month": "2020-11",
            "price": "29.87",
            "revenue": 419911
        },
        "2020-12": {
            "month": "2020-12",
            "price": "31.24",
            "revenue": 459276
        },
        "2021-01": {
            "month": "2021-01",
            "price": "30.93",
            "revenue": 452464
        },
        "2021-02": {
            "month": "2021-02",
            "price": "30.78",
            "revenue": 275712
        },
        "2021-03": {
            "month": "2021-03",
            "price": "30.90",
            "revenue": 443980
        },
        "2021-04": {
            "month": "2021-04",
            "price": "34.48",
            "revenue": 398406
        },
        "2021-05": {
            "month": "2021-05",
            "price": "29.00",
            "revenue": 439074
        },
        "2021-06": {
            "month": "2021-06",
            "price": "29.55",
            "revenue": 411922
        },
        "2021-07": {
            "month": "2021-07",
            "price": "30.57",
            "revenue": 455620
        },
        "2021-08": {
            "month": "2021-08",
            "price": "29.14",
            "revenue": 459693
        },
        "2021-09": {
            "month": "2021-09",
            "price": "27.41",
            "revenue": 549586
        },
        "2021-10": {
            "month": "2021-10",
            "price": "27.59",
            "revenue": 441049
        },
        "2021-11": {
            "month": "2021-11",
            "price": "29.01",
            "revenue": 510181
        },
        "2021-12": {
            "month": "2021-12",
            "price": "31.42",
            "revenue": 497510
        },
        "2022-01": {
            "month": "2022-01",
            "price": "34.42",
            "revenue": 513618
        },
        "2022-02": {
            "month": "2022-02",
            "price": "33.18",
            "revenue": 374164
        },
        "2022-03": {
            "month": "2022-03",
            "price": "31.76",
            "revenue": 543910
        },
        "2022-04": {
            "month": "2022-04",
            "price": "29.18",
            "revenue": 328635
        },
        "2022-05": {
            "month": "2022-05",
            "price": "28.65",
            "revenue": 560760
        },
        "2022-06": {
            "month": "2022-06",
            "price": "29.01",
            "revenue": 516305
        },
        "2022-07": {
            "month": "2022-07",
            "price": "27.43",
            "revenue": 384907
        },
        "2022-08": {
            "month": "2022-08",
            "price": "27.77",
            "revenue": 484579
        },
        "2022-09": {
            "month": "2022-09",
            "price": "26.72",
            "revenue": 337967
        },
        "2022-10": {
            "month": "2022-10",
            "price": "23.25",
            "revenue": 408053
        },
        "2022-11": {
            "month": "2022-11",
            "price": "24.51",
            "revenue": 367032
        },
        "2022-12": {
            "month": "2022-12",
            "price": "26.61",
            "revenue": 322161
        },
        "2023-01": {
            "month": "2023-01",
            "price": "27.35",
            "revenue": 259514
        },
        "2023-02": {
            "month": "2023-02",
            "price": "27.96",
            "revenue": 260146
        },
        "2023-03": {
            "month": "2023-03",
            "price": "28.42",
            "revenue": 289686
        },
        "2023-04": {
            "month": "2023-04",
            "price": "29.07",
            "revenue": 283968
        },
        "2023-05": {
            "month": "2023-05",
            "price": "28.25",
            "revenue": 312066
        },
        "2023-06": {
            "month": "2023-06",
            "price": "28.30",
            "revenue": 345929
        },
        "2023-07": {
            "month": "2023-07",
            "price": "35.19",
            "revenue": 308874
        },
        "2023-08": {
            "month": "2023-08",
            "price": "37.74",
            "revenue": 293927
        },
        "2023-09": {
            "month": "2023-09",
            "price": "37.42",
            "revenue": 299557
        },
        "2023-10": {
            "month": "2023-10",
            "price": "35.53",
            "revenue": 270309
        },
        "2023-11": {
            "month": "2023-11",
            "price": "36.70",
            "revenue": 286496
        },
        "2023-12": {
            "month": "2023-12",
            "price": "37.96",
            "revenue": 300643
        }
    }
}
