{
    "summary": {
        "stock_name": "鴻海",
        "stock_id": "2317",
        "category": "其他電子",
        "main_business": "電腦系統設備及其週邊之連接器等<br>線纜組件及殼體,基座之開發、設計、製造及銷售等<br>精密模具之製造及銷售等",
        "website_url": "http://www.foxconn.com",
        "ceo": "劉揚偉",
        "pe_ratio": 12,
        "report_year_from": 2001,
        "report_year_to": 2023,
        "age": 22,
        "eps_negative_percentage": 0,
        "eps_growth_avg": {
            "last_all": 2.89,
            "last_2y": 8.86,
            "last_4y": 6.11,
            "last_8y": 3.18,
            "last_12y": 2.37,
            "last_16y": 1.62,
            "last_20y": 2.89,
            "at_2006_last_3y": 9.06,
            "at_2007_last_3y": 8.05,
            "at_2008_last_3y": -2.34,
            "at_2009_last_3y": -0.82,
            "at_2010_last_3y": -12.55,
            "at_2011_last_3y": -6.99,
            "at_2012_last_3y": 4.05,
            "at_2013_last_3y": 0.56,
            "at_2014_last_3y": 11.37,
            "at_2015_last_3y": 5.38,
            "at_2016_last_3y": 2.15,
            "at_2017_last_3y": -0.49,
            "at_2018_last_3y": -1.17,
            "at_2019_last_3y": -3.11,
            "at_2020_last_3y": -4.03,
            "at_2021_last_3y": 7.27,
            "at_2022_last_3y": 6.14,
            "at_2023_last_3y": 6.14,
            "at_2006_last_all": 9.12,
            "at_2007_last_all": 8.85,
            "at_2008_last_all": 1.98,
            "at_2009_last_all": 3.74,
            "at_2010_last_all": -0.51,
            "at_2011_last_all": 2.52,
            "at_2012_last_all": 2.74,
            "at_2013_last_all": 2.68,
            "at_2014_last_all": 3.15,
            "at_2015_last_all": 3.33,
            "at_2016_last_all": 2.58,
            "at_2017_last_all": 1.89,
            "at_2018_last_all": 2.13,
            "at_2019_last_all": 1.9,
            "at_2020_last_all": 1.19,
            "at_2021_last_all": 2.96,
            "at_2022_last_all": 2.89,
            "at_2023_last_all": 2.89
        },
        "latest_eps": 9.01,
        "latest_price": 112.5,
        "latest_roe": 8.47,
        "latest_gross_margin": 6.04,
        "latest_equity": 1602758355,
        "latest_revenue": 1462437334,
        "latest_gross_profit": 88334455,
        "latest_net_income": 13599349,
        "latest_debt_ratio": 56.2,
        "latest_current_ratio": 159.47,
        "latest_account_receivable_turnover_ratio": 1.62,
        "latest_inventory_turnover_ratio": 1.57,
        "latest_reinvestment_rate": 28.59,
        "latest_research_to_sale_ratio": 1.64
    },
    "eps_dividends": {
        "1991": {
            "cash": 0,
            "stock": 1.5,
            "eps": 0
        },
        "1992": {
            "cash": 0,
            "stock": 2,
            "eps": 0
        },
        "1993": {
            "cash": 2,
            "stock": 1.4,
            "eps": 0
        },
        "1999": {
            "cash": 0,
            "stock": 4,
            "eps": 0
        },
        "2000": {
            "cash": 1,
            "stock": 3,
            "eps": 0
        },
        "2001": {
            "cash": 1.5,
            "stock": 2,
            "eps": 7.77
        },
        "2002": {
            "cash": 1.5,
            "stock": 1.5,
            "eps": 8.5
        },
        "2003": {
            "cash": 1.5,
            "stock": 2,
            "eps": 9.48
        },
        "2004": {
            "cash": 2,
            "stock": 1.5,
            "eps": 9.7
        },
        "2005": {
            "cash": 2.45,
            "stock": 1.96,
            "eps": 10.67
        },
        "2006": {
            "cash": 3,
            "stock": 2,
            "eps": 11.99
        },
        "2007": {
            "cash": 3,
            "stock": 2,
            "eps": 12.89
        },
        "2008": {
            "cash": 3,
            "stock": 1.5,
            "eps": 7.83
        },
        "2009": {
            "cash": 1.1,
            "stock": 1.5,
            "eps": 9.09
        },
        "2010": {
            "cash": 2,
            "stock": 1.2,
            "eps": 5.95
        },
        "2011": {
            "cash": 2.5,
            "stock": 2,
            "eps": 7.72
        },
        "2012": {
            "cash": 0,
            "stock": 0,
            "eps": 8.1
        },
        "2013": {
            "cash": 1.5,
            "stock": 1,
            "eps": 8.27
        },
        "2014": {
            "cash": 1.8,
            "stock": 1.2,
            "eps": 8.99
        },
        "2015": {
            "cash": 3.8,
            "stock": 0.5,
            "eps": 9.51
        },
        "2016": {
            "cash": 4,
            "stock": 1,
            "eps": 8.75
        },
        "2017": {
            "cash": 4.5,
            "stock": 0,
            "eps": 8.01
        },
        "2018": {
            "cash": 2,
            "stock": 0,
            "eps": 8.49
        },
        "2019": {
            "cash": 4,
            "stock": 0,
            "eps": 8.32
        },
        "2020": {
            "cash": 4.2,
            "stock": 0,
            "eps": 7.35
        },
        "2021": {
            "cash": 4,
            "stock": 0,
            "eps": 10.05
        },
        "2022": {
            "cash": 5.2,
            "stock": 0,
            "eps": 10.2
        },
        "2023": {
            "cash": 5.3,
            "stock": 0,
            "eps": 0.93
        }
    },
    "dividends": {
        "1991-04-26": {
            "cash": 0,
            "stock": 1.5
        },
        "1992-05-27": {
            "cash": 0,
            "stock": 2
        },
        "1993-06-21": {
            "cash": 2,
            "stock": 1.4
        },
        "1999-06-01": {
            "cash": 0,
            "stock": 4
        },
        "2000-06-02": {
            "cash": 1,
            "stock": 3
        },
        "2001-05-31": {
            "cash": 1.5,
            "stock": 2
        },
        "2002-06-10": {
            "cash": 1.5,
            "stock": 1.5
        },
        "2003-04-28": {
            "cash": 1.5,
            "stock": 2
        },
        "2004-04-30": {
            "cash": 2,
            "stock": 1.5
        },
        "2005-04-30": {
            "cash": 2.45,
            "stock": 1.96
        },
        "2006-04-28": {
            "cash": 3,
            "stock": 2
        },
        "2007-04-28": {
            "cash": 3,
            "stock": 2
        },
        "2008-04-22": {
            "cash": 3,
            "stock": 1.5
        },
        "2009-01-21": {
            "cash": 1.1,
            "stock": 1.5
        },
        "2010-04-26": {
            "cash": 2,
            "stock": 1.2
        },
        "2011-01-01": {
            "cash": 1.5,
            "stock": 1
        },
        "2011-04-27": {
            "cash": 1,
            "stock": 1
        },
        "2013-05-14": {
            "cash": 1.5,
            "stock": 1
        },
        "2014-09-30": {
            "cash": 1.8,
            "stock": 1.2
        },
        "2015-10-07": {
            "cash": 3.8,
            "stock": 0.5
        },
        "2016-10-07": {
            "cash": 4,
            "stock": 1
        },
        "2017-08-10": {
            "cash": 4.5,
            "stock": 0
        },
        "2018-08-24": {
            "cash": 2,
            "stock": 0
        },
        "2019-08-23": {
            "cash": 4,
            "stock": 0
        },
        "2020-08-21": {
            "cash": 4.2,
            "stock": 0
        },
        "2021-08-20": {
            "cash": 4,
            "stock": 0
        },
        "2022-07-28": {
            "cash": 5.2,
            "stock": 0
        },
        "2023-07-28": {
            "cash": 5.3,
            "stock": 0
        }
    },
    "prices": {
        "200101": "190.50",
        "200102": "202.79",
        "200103": "201.05",
        "200104": "196.95",
        "200105": "193.64",
        "200106": "181.15",
        "200107": "152.60",
        "200108": "161.13",
        "200109": "108.97",
        "200110": "119.55",
        "200111": "146.73",
        "200112": "158.14",
        "200201": "177.45",
        "200202": "171.75",
        "200203": "162.71",
        "200204": "155.86",
        "200205": "160.20",
        "200206": "152.95",
        "200207": "141.33",
        "200208": "129.91",
        "200209": "121.75",
        "200210": "122.07",
        "200211": "129.48",
        "200212": "126.39",
        "200301": "123.53",
        "200302": "111.78",
        "200303": "114.31",
        "200304": "113.66",
        "200305": "112.19",
        "200306": "124.52",
        "200307": "146.15",
        "200308": "137.02",
        "200309": "149.50",
        "200310": "154.36",
        "200311": "146.32",
        "200312": "134.57",
        "200401": "146.97",
        "200402": "149.30",
        "200403": "143.59",
        "200404": "144.64",
        "200405": "130.31",
        "200406": "126.88",
        "200407": "118.84",
        "200408": "118.48",
        "200409": "116.45",
        "200410": "120.68",
        "200411": "128.84",
        "200412": "136.78",
        "200501": "137.67",
        "200502": "143.50",
        "200503": "142.15",
        "200504": "142.35",
        "200505": "152.17",
        "200506": "166.41",
        "200507": "174.88",
        "200508": "173.80",
        "200509": "152.26",
        "200510": "147.62",
        "200511": "161.16",
        "200512": "177.43",
        "200601": "204.94",
        "200602": "206.97",
        "200603": "198.48",
        "200604": "212.58",
        "200605": "216.90",
        "200606": "197.77",
        "200607": "191.57",
        "200608": "192.96",
        "200609": "199.81",
        "200610": "213.00",
        "200611": "232.57",
        "200612": "231.69",
        "200701": "240.64",
        "200702": "228.71",
        "200703": "216.70",
        "200704": "222.15",
        "200705": "239.80",
        "200706": "271.62",
        "200707": "286.00",
        "200708": "262.89",
        "200709": "239.00",
        "200710": "247.39",
        "200711": "210.05",
        "200712": "194.48",
        "200801": "172.23",
        "200802": "178.61",
        "200803": "178.57",
        "200804": "181.48",
        "200805": "172.33",
        "200806": "169.26",
        "200807": "145.50",
        "200808": "163.02",
        "200809": "133.86",
        "200810": "88.43",
        "200811": "64.48",
        "200812": "63.87",
        "200901": "64.06",
        "200902": "64.28",
        "200903": "72.99",
        "200904": "86.39",
        "200905": "112.58",
        "200906": "104.72",
        "200907": "109.20",
        "200908": "108.42",
        "200909": "124.95",
        "200910": "130.45",
        "200911": "134.64",
        "200912": "142.09",
        "201001": "145.55",
        "201002": "133.29",
        "201003": "136.46",
        "201004": "143.74",
        "201005": "137.14",
        "201006": "120.50",
        "201007": "121.55",
        "201008": "129.93",
        "201009": "113.40",
        "201010": "115.64",
        "201011": "113.89",
        "201012": "114.65",
        "201101": "116.98",
        "201102": "115.11",
        "201103": "108.78",
        "201104": "107.63",
        "201105": "104.93",
        "201106": "99.18",
        "201107": "93.00",
        "201108": "71.98",
        "201109": "71.00",
        "201110": "74.31",
        "201111": "81.11",
        "201112": "81.35",
        "201201": "86.03",
        "201202": "99.32",
        "201203": "104.33",
        "201204": "107.53",
        "201205": "86.82",
        "201206": "84.84",
        "201207": "87.58",
        "201208": "85.61",
        "201209": "92.66",
        "201210": "87.61",
        "201211": "90.45",
        "201212": "91.41",
        "201301": "85.82",
        "201302": "83.28",
        "201303": "81.57",
        "201304": "78.63",
        "201305": "78.08",
        "201306": "73.25",
        "201307": "76.74",
        "201308": "78.89",
        "201309": "77.55",
        "201310": "74.98",
        "201311": "75.05",
        "201312": "78.93",
        "201401": "82.32",
        "201402": "82.71",
        "201403": "85.09",
        "201404": "87.08",
        "201405": "90.24",
        "201406": "94.93",
        "201407": "106.45",
        "201408": "106.17",
        "201409": "100.12",
        "201410": "95.30",
        "201411": "96.86",
        "201412": "89.22",
        "201501": "86.12",
        "201502": "86.50",
        "201503": "89.87",
        "201504": "93.00",
        "201505": "95.32",
        "201506": "96.06",
        "201507": "94.22",
        "201508": "87.50",
        "201509": "85.02",
        "201510": "87.03",
        "201511": "85.37",
        "201512": "82.31",
        "201601": "76.27",
        "201602": "77.20",
        "201603": "82.92",
        "201604": "81.06",
        "201605": "75.66",
        "201606": "80.77",
        "201607": "85.22",
        "201608": "87.71",
        "201609": "79.27",
        "201610": "82.47",
        "201611": "81.26",
        "201612": "83.35",
        "201701": "83.87",
        "201702": "88.71",
        "201703": "90.52",
        "201704": "97.23",
        "201705": "102.68",
        "201706": "109.20",
        "201707": "116.24",
        "201708": "116.76",
        "201709": "111.64",
        "201710": "109.42",
        "201711": "106.64",
        "201712": "93.99",
        "201801": "93.80",
        "201802": "89.75",
        "201803": "90.97",
        "201804": "84.87",
        "201805": "84.39",
        "201806": "85.13",
        "201807": "82.75",
        "201808": "82.43",
        "201809": "77.56",
        "201810": "74.77",
        "201811": "74.32",
        "201812": "70.97",
        "201901": "69.83",
        "201902": "72.15",
        "201903": "71.79",
        "201904": "86.32",
        "201905": "78.13",
        "201906": "74.92",
        "201907": "78.82",
        "201908": "73.17",
        "201909": "74.51",
        "201910": "76.58",
        "201911": "90.07",
        "201912": "90.88",
        "202001": "89.00",
        "202002": "82.79",
        "202003": "74.09",
        "202004": "73.99",
        "202005": "75.60",
        "202006": "79.45",
        "202007": "84.12",
        "202008": "78.70",
        "202009": "77.44",
        "202010": "79.04",
        "202011": "81.43",
        "202012": "87.85",
        "202101": "112.67",
        "202102": "113.23",
        "202103": "122.02",
        "202104": "120.42",
        "202105": "108.72",
        "202106": "111.55",
        "202107": "113.89",
        "202108": "108.98",
        "202109": "108.02",
        "202110": "106.50",
        "202111": "106.80",
        "202112": "104.68",
        "202201": "104.17",
        "202202": "104.90",
        "202203": "104.13",
        "202204": "102.61",
        "202205": "106.24",
        "202206": "111.83",
        "202207": "104.45",
        "202208": "109.93",
        "202209": "106.36",
        "202210": "103.98",
        "202211": "100.80",
        "202212": "101.60",
        "202301": "98.65",
        "202302": "101.59",
        "202303": "103.22",
        "202304": "103.65",
        "202305": "104.18",
        "202306": "109.54"
    },
    "quarters": {
        "20011": {
            "year_quarter": 20011,
            "year": 2001,
            "quarter": 1,
            "eps": 2.07,
            "eps_growth_year": 37.09,
            "eps_4q": 8.05,
            "eps_4q_growth_year": 12.95,
            "roe": 6.57,
            "roe_4q": 6.57,
            "gross_profit": 3643747,
            "gross_margin": 11.59,
            "gross_margin_4q_avg": 11.59,
            "net_income": 3001748,
            "revenue": 31428847,
            "common_shares": 14529000,
            "book_valuer_per_share": 32.46,
            "book_valuer_per_share_4q_avg": 32.46,
            "equity": 47162086,
            "current_ratio": 176.46,
            "debt_ratio": 47.33,
            "inventory_turnover_ratio": 1.9,
            "account_receivable_turnover_ratio": null,
            "reinvestment_rate": null,
            "research_to_sale_ratio": null,
            "price_fair": 0,
            "eps_avg_yearly": 0,
            "eps_latest_yearly": 0,
            "eps_growth_yearly": 0
        },
        "20012": {
            "year_quarter": 20012,
            "year": 2001,
            "quarter": 2,
            "eps": 1.31,
            "eps_growth_year": -18.63,
            "eps_4q": 6.57,
            "eps_4q_growth_year": 12.79,
            "roe": 4.9,
            "roe_4q": 11.47,
            "gross_profit": 2778756,
            "gross_margin": 9.22,
            "gross_margin_4q_avg": 10.41,
            "net_income": 2324667,
            "revenue": 30142446,
            "common_shares": 14529000,
            "book_valuer_per_share": 32.82,
            "book_valuer_per_share_4q_avg": 32.64,
            "equity": 47683479,
            "current_ratio": 151.55,
            "debt_ratio": 51.59,
            "inventory_turnover_ratio": 1.95,
            "account_receivable_turnover_ratio": null,
            "reinvestment_rate": null,
            "research_to_sale_ratio": null,
            "price_fair": 0,
            "eps_avg_yearly": 0,
            "eps_latest_yearly": 0,
            "eps_growth_yearly": 0
        },
        "20013": {
            "year_quarter": 20013,
            "year": 2001,
            "quarter": 3,
            "eps": 2.13,
            "eps_growth_year": 0.47,
            "eps_4q": 6.99,
            "eps_4q_growth_year": 9.89,
            "roe": 7.59,
            "roe_4q": 19.060000000000002,
            "gross_profit": 3840869,
            "gross_margin": 10.09,
            "gross_margin_4q_avg": 10.3,
            "net_income": 3761553,
            "revenue": 38076713,
            "common_shares": 17687800,
            "book_valuer_per_share": 29.11,
            "book_valuer_per_share_4q_avg": 31.46,
            "equity": 51491297,
            "current_ratio": 122.53,
            "debt_ratio": 50.64,
            "inventory_turnover_ratio": 2.35,
            "account_receivable_turnover_ratio": null,
            "reinvestment_rate": null,
            "research_to_sale_ratio": null,
            "price_fair": 0,
            "eps_avg_yearly": 0,
            "eps_latest_yearly": 0,
            "eps_growth_yearly": 0
        },
        "20014": {
            "year_quarter": 20014,
            "year": 2001,
            "quarter": 4,
            "eps": 2.26,
            "eps_growth_year": 0.89,
            "eps_4q": 7.4,
            "eps_4q_growth_year": 4.05,
            "roe": 7.45,
            "roe_4q": 26.509999999999998,
            "gross_profit": 3715942,
            "gross_margin": 8.35,
            "gross_margin_4q_avg": 9.81,
            "net_income": 3992431,
            "revenue": 44485781,
            "common_shares": 17687800,
            "book_valuer_per_share": 31.45,
            "book_valuer_per_share_4q_avg": 31.46,
            "equity": 55621945,
            "current_ratio": 148.93,
            "debt_ratio": 44.29,
            "inventory_turnover_ratio": 2.98,
            "account_receivable_turnover_ratio": null,
            "reinvestment_rate": null,
            "research_to_sale_ratio": null,
            "price_fair": 0,
            "eps_avg_yearly": 0,
            "eps_latest_yearly": 0,
            "eps_growth_yearly": 0
        },
        "20021": {
            "year_quarter": 20021,
            "year": 2002,
            "quarter": 1,
            "eps": 2.19,
            "eps_growth_year": 5.8,
            "eps_4q": 7.9,
            "eps_4q_growth_year": -1.84,
            "roe": 6.72,
            "roe_4q": 26.659999999999997,
            "gross_profit": 4118066,
            "gross_margin": 9.59,
            "gross_margin_4q_avg": 9.31,
            "net_income": 3867019,
            "revenue": 42951692,
            "common_shares": 17687800,
            "book_valuer_per_share": 33.62,
            "book_valuer_per_share_4q_avg": 31.75,
            "equity": 59469677,
            "current_ratio": 142.84,
            "debt_ratio": 42.74,
            "inventory_turnover_ratio": 2.85,
            "account_receivable_turnover_ratio": null,
            "reinvestment_rate": null,
            "research_to_sale_ratio": null,
            "price_fair": 26.28,
            "eps_avg_yearly": 8.76,
            "eps_latest_yearly": 8.76,
            "eps_growth_yearly": -12.39
        },
        "20022": {
            "year_quarter": 20022,
            "year": 2002,
            "quarter": 2,
            "eps": 2.01,
            "eps_growth_year": 53.44,
            "eps_4q": 7.65,
            "eps_4q_growth_year": 16.4,
            "roe": 6.94,
            "roe_4q": 28.7,
            "gross_profit": 4075069,
            "gross_margin": 7.08,
            "gross_margin_4q_avg": 8.78,
            "net_income": 4145140,
            "revenue": 57521107,
            "common_shares": 17687800,
            "book_valuer_per_share": 33.89,
            "book_valuer_per_share_4q_avg": 32.02,
            "equity": 59937987,
            "current_ratio": 126.8,
            "debt_ratio": 50.43,
            "inventory_turnover_ratio": 3.54,
            "account_receivable_turnover_ratio": null,
            "reinvestment_rate": null,
            "research_to_sale_ratio": null,
            "price_fair": 25.2,
            "eps_avg_yearly": 8.4,
            "eps_latest_yearly": 8.04,
            "eps_growth_yearly": -22.63
        },
        "20023": {
            "year_quarter": 20023,
            "year": 2002,
            "quarter": 3,
            "eps": 2.01,
            "eps_growth_year": -5.63,
            "eps_4q": 7.83,
            "eps_4q_growth_year": 11.99,
            "roe": 6.64,
            "roe_4q": 27.75,
            "gross_profit": 4755164,
            "gross_margin": 7.41,
            "gross_margin_4q_avg": 8.11,
            "net_income": 4149353,
            "revenue": 64170684,
            "common_shares": 20648970,
            "book_valuer_per_share": 31.53,
            "book_valuer_per_share_4q_avg": 32.62,
            "equity": 65113022,
            "current_ratio": 129.11,
            "debt_ratio": 48.5,
            "inventory_turnover_ratio": 3.56,
            "account_receivable_turnover_ratio": null,
            "reinvestment_rate": null,
            "research_to_sale_ratio": null,
            "price_fair": 24.84,
            "eps_avg_yearly": 8.28,
            "eps_latest_yearly": 8.04,
            "eps_growth_yearly": -15.09
        },
        "20024": {
            "year_quarter": 20024,
            "year": 2002,
            "quarter": 4,
            "eps": 2.29,
            "eps_growth_year": 1.33,
            "eps_4q": 8.18,
            "eps_4q_growth_year": 10.54,
            "roe": 7.01,
            "roe_4q": 27.31,
            "gross_profit": 3530197,
            "gross_margin": 4.39,
            "gross_margin_4q_avg": 7.12,
            "net_income": 4724547,
            "revenue": 80365447,
            "common_shares": 20648970,
            "book_valuer_per_share": 33.72,
            "book_valuer_per_share_4q_avg": 33.19,
            "equity": 69627503,
            "current_ratio": 156.38,
            "debt_ratio": 47.28,
            "inventory_turnover_ratio": 4.59,
            "account_receivable_turnover_ratio": null,
            "reinvestment_rate": 43.63,
            "research_to_sale_ratio": null,
            "price_fair": 107.22,
            "eps_avg_yearly": 8.5,
            "eps_latest_yearly": 9.16,
            "eps_growth_yearly": 2.61
        },
        "20031": {
            "year_quarter": 20031,
            "year": 2003,
            "quarter": 1,
            "eps": 2.3,
            "eps_growth_year": 5.02,
            "eps_4q": 8.6,
            "eps_4q_growth_year": 8.93,
            "roe": 6.59,
            "roe_4q": 27.18,
            "gross_profit": 4114371,
            "gross_margin": 6.81,
            "gross_margin_4q_avg": 6.42,
            "net_income": 4750518,
            "revenue": 60436966,
            "common_shares": 20648970,
            "book_valuer_per_share": 36.13,
            "book_valuer_per_share_4q_avg": 33.82,
            "equity": 74594412,
            "current_ratio": 138.56,
            "debt_ratio": 44.63,
            "inventory_turnover_ratio": 3.72,
            "account_receivable_turnover_ratio": null,
            "reinvestment_rate": 21.26,
            "research_to_sale_ratio": null,
            "price_fair": 107.49,
            "eps_avg_yearly": 8.64,
            "eps_latest_yearly": 9.2,
            "eps_growth_yearly": 2.44
        },
        "20032": {
            "year_quarter": 20032,
            "year": 2003,
            "quarter": 2,
            "eps": 2.12,
            "eps_growth_year": 5.47,
            "eps_4q": 7.52,
            "eps_4q_growth_year": -1.66,
            "roe": 7.09,
            "roe_4q": 27.33,
            "gross_profit": 4308274,
            "gross_margin": 7.02,
            "gross_margin_4q_avg": 6.41,
            "net_income": 5350506,
            "revenue": 61368148,
            "common_shares": 20648970,
            "book_valuer_per_share": 36.95,
            "book_valuer_per_share_4q_avg": 34.58,
            "equity": 76300816,
            "current_ratio": 137.07,
            "debt_ratio": 42.78,
            "inventory_turnover_ratio": 3.38,
            "account_receivable_turnover_ratio": null,
            "reinvestment_rate": 20.35,
            "research_to_sale_ratio": null,
            "price_fair": 25.84,
            "eps_avg_yearly": 8.61,
            "eps_latest_yearly": 8.48,
            "eps_growth_yearly": -3.18
        },
        "20033": {
            "year_quarter": 20033,
            "year": 2003,
            "quarter": 3,
            "eps": 2.46,
            "eps_growth_year": 22.39,
            "eps_4q": 8.36,
            "eps_4q_growth_year": 6.8,
            "roe": 7.81,
            "roe_4q": 28.5,
            "gross_profit": 6010551,
            "gross_margin": 6.11,
            "gross_margin_4q_avg": 6.08,
            "net_income": 6184208,
            "revenue": 98306953,
            "common_shares": 25191744,
            "book_valuer_per_share": 32.6,
            "book_valuer_per_share_4q_avg": 34.85,
            "equity": 82135442,
            "current_ratio": 145.76,
            "debt_ratio": 54.14,
            "inventory_turnover_ratio": 3.79,
            "account_receivable_turnover_ratio": null,
            "reinvestment_rate": 21.94,
            "research_to_sale_ratio": null,
            "price_fair": 144.44,
            "eps_avg_yearly": 8.79,
            "eps_latest_yearly": 9.84,
            "eps_growth_yearly": 6.44
        },
        "20034": {
            "year_quarter": 20034,
            "year": 2003,
            "quarter": 4,
            "eps": 2.6,
            "eps_growth_year": 13.54,
            "eps_4q": 9.07,
            "eps_4q_growth_year": 10.83,
            "roe": 7.23,
            "roe_4q": 28.72,
            "gross_profit": 5907125,
            "gross_margin": 5.49,
            "gross_margin_4q_avg": 6.36,
            "net_income": 6543278,
            "revenue": 107579801,
            "common_shares": 27571989,
            "book_valuer_per_share": 35.73,
            "book_valuer_per_share_4q_avg": 35.35,
            "equity": 98771441,
            "current_ratio": 155.4,
            "debt_ratio": 56.3,
            "inventory_turnover_ratio": 3,
            "account_receivable_turnover_ratio": null,
            "reinvestment_rate": 55.79,
            "research_to_sale_ratio": null,
            "price_fair": 166.1,
            "eps_avg_yearly": 8.99,
            "eps_latest_yearly": 10.4,
            "eps_growth_yearly": 8.48
        },
        "20041": {
            "year_quarter": 20041,
            "year": 2004,
            "quarter": 1,
            "eps": 2.25,
            "eps_growth_year": -2.17,
            "eps_4q": 9.41,
            "eps_4q_growth_year": 9.4,
            "roe": 5.91,
            "roe_4q": 28.04,
            "gross_profit": 5026956,
            "gross_margin": 6.39,
            "gross_margin_4q_avg": 6.25,
            "net_income": 5679357,
            "revenue": 78680515,
            "common_shares": 25191744,
            "book_valuer_per_share": 37.12,
            "book_valuer_per_share_4q_avg": 35.6,
            "equity": 93521622,
            "current_ratio": 170.65,
            "debt_ratio": 44.45,
            "inventory_turnover_ratio": 2.28,
            "account_receivable_turnover_ratio": null,
            "reinvestment_rate": 18.77,
            "research_to_sale_ratio": null,
            "price_fair": 103.86,
            "eps_avg_yearly": 8.99,
            "eps_latest_yearly": 9,
            "eps_growth_yearly": 1.55
        },
        "20042": {
            "year_quarter": 20042,
            "year": 2004,
            "quarter": 2,
            "eps": 2.34,
            "eps_growth_year": 10.38,
            "eps_4q": 8.03,
            "eps_4q_growth_year": 6.83,
            "roe": 7.59,
            "roe_4q": 28.54,
            "gross_profit": 7256458,
            "gross_margin": 7.59,
            "gross_margin_4q_avg": 6.4,
            "net_income": 7567421,
            "revenue": 95615953,
            "common_shares": 27571989,
            "book_valuer_per_share": 38.36,
            "book_valuer_per_share_4q_avg": 35.95,
            "equity": 105758901,
            "current_ratio": 159.5,
            "debt_ratio": 46.43,
            "inventory_turnover_ratio": 3.14,
            "account_receivable_turnover_ratio": null,
            "reinvestment_rate": 18.48,
            "research_to_sale_ratio": null,
            "price_fair": 117.33,
            "eps_avg_yearly": 9.03,
            "eps_latest_yearly": 9.36,
            "eps_growth_yearly": 3
        },
        "20043": {
            "year_quarter": 20043,
            "year": 2004,
            "quarter": 3,
            "eps": 2.44,
            "eps_growth_year": -0.81,
            "eps_4q": 8.56,
            "eps_4q_growth_year": 2.39,
            "roe": 7.19,
            "roe_4q": 27.92,
            "gross_profit": 7346867,
            "gross_margin": 6.63,
            "gross_margin_4q_avg": 6.53,
            "net_income": 7893770,
            "revenue": 110761841,
            "common_shares": 32310231,
            "book_valuer_per_share": 35.26,
            "book_valuer_per_share_4q_avg": 36.62,
            "equity": 113929946,
            "current_ratio": 132.47,
            "debt_ratio": 45.45,
            "inventory_turnover_ratio": 3.27,
            "account_receivable_turnover_ratio": null,
            "reinvestment_rate": 15.29,
            "research_to_sale_ratio": null,
            "price_fair": 129.85,
            "eps_avg_yearly": 9.09,
            "eps_latest_yearly": 9.76,
            "eps_growth_yearly": 4.28
        },
        "20044": {
            "year_quarter": 20044,
            "year": 2004,
            "quarter": 4,
            "eps": 2.67,
            "eps_growth_year": 2.69,
            "eps_4q": 9.22,
            "eps_4q_growth_year": 1.65,
            "roe": 7.26,
            "roe_4q": 27.95,
            "gross_profit": 7884911,
            "gross_margin": 5.77,
            "gross_margin_4q_avg": 6.6,
            "net_income": 8616767,
            "revenue": 136611369,
            "common_shares": 32310231,
            "book_valuer_per_share": 37.23,
            "book_valuer_per_share_4q_avg": 36.99,
            "equity": 123589844,
            "current_ratio": 135.76,
            "debt_ratio": 59.26,
            "inventory_turnover_ratio": 2.66,
            "account_receivable_turnover_ratio": null,
            "reinvestment_rate": 42.24,
            "research_to_sale_ratio": null,
            "price_fair": 157.44,
            "eps_avg_yearly": 9.23,
            "eps_latest_yearly": 10.68,
            "eps_growth_yearly": 7.06
        },
        "20051": {
            "year_quarter": 20051,
            "year": 2005,
            "quarter": 1,
            "eps": 2.26,
            "eps_growth_year": 0.44,
            "eps_4q": 9.69,
            "eps_4q_growth_year": 3,
            "roe": 5.81,
            "roe_4q": 27.85,
            "gross_profit": 7927692,
            "gross_margin": 5.94,
            "gross_margin_4q_avg": 6.48,
            "net_income": 7319531,
            "revenue": 133395031,
            "common_shares": 32310231,
            "book_valuer_per_share": 39.74,
            "book_valuer_per_share_4q_avg": 37.65,
            "equity": 128398189,
            "current_ratio": 145.27,
            "debt_ratio": 43.36,
            "inventory_turnover_ratio": 2.43,
            "account_receivable_turnover_ratio": null,
            "reinvestment_rate": 12.43,
            "research_to_sale_ratio": null,
            "price_fair": 108.66,
            "eps_avg_yearly": 9.21,
            "eps_latest_yearly": 9.04,
            "eps_growth_yearly": 1.8
        },
        "20052": {
            "year_quarter": 20052,
            "year": 2005,
            "quarter": 2,
            "eps": 2.26,
            "eps_growth_year": -3.42,
            "eps_4q": 8.28,
            "eps_4q_growth_year": 3.1,
            "roe": 6.68,
            "roe_4q": 26.94,
            "gross_profit": 8249773,
            "gross_margin": 5.78,
            "gross_margin_4q_avg": 6.03,
            "net_income": 8945436,
            "revenue": 142719400,
            "common_shares": 32387189,
            "book_valuer_per_share": 43.02,
            "book_valuer_per_share_4q_avg": 38.81,
            "equity": 139328871,
            "current_ratio": 155.11,
            "debt_ratio": 43.58,
            "inventory_turnover_ratio": 3.26,
            "account_receivable_turnover_ratio": null,
            "reinvestment_rate": 9.57,
            "research_to_sale_ratio": null,
            "price_fair": 107.34,
            "eps_avg_yearly": 9.2,
            "eps_latest_yearly": 9.04,
            "eps_growth_yearly": 1.67
        },
        "20053": {
            "year_quarter": 20053,
            "year": 2005,
            "quarter": 3,
            "eps": 2.79,
            "eps_growth_year": 14.34,
            "eps_4q": 9.05,
            "eps_4q_growth_year": 5.79,
            "roe": 7.4,
            "roe_4q": 27.15,
            "gross_profit": 9245043,
            "gross_margin": 5.64,
            "gross_margin_4q_avg": 5.78,
            "net_income": 11085345,
            "revenue": 164010904,
            "common_shares": 40031717,
            "book_valuer_per_share": 40.02,
            "book_valuer_per_share_4q_avg": 40,
            "equity": 160218069,
            "current_ratio": 150.63,
            "debt_ratio": 48.68,
            "inventory_turnover_ratio": 3.18,
            "account_receivable_turnover_ratio": null,
            "reinvestment_rate": 8.55,
            "research_to_sale_ratio": null,
            "price_fair": 166.18,
            "eps_avg_yearly": 9.33,
            "eps_latest_yearly": 11.16,
            "eps_growth_yearly": 7.81
        },
        "20054": {
            "year_quarter": 20054,
            "year": 2005,
            "quarter": 4,
            "eps": 3.36,
            "eps_growth_year": 25.84,
            "eps_4q": 10.2,
            "eps_4q_growth_year": 10.62,
            "roe": 7.54,
            "roe_4q": 27.43,
            "gross_profit": 13132691,
            "gross_margin": 5.63,
            "gross_margin_4q_avg": 5.75,
            "net_income": 13434604,
            "revenue": 233376489,
            "common_shares": 40383231,
            "book_valuer_per_share": 45.1,
            "book_valuer_per_share_4q_avg": 41.97,
            "equity": 196089781,
            "current_ratio": 141.15,
            "debt_ratio": 57.28,
            "inventory_turnover_ratio": 3.19,
            "account_receivable_turnover_ratio": null,
            "reinvestment_rate": 52.47,
            "research_to_sale_ratio": null,
            "price_fair": 215.04,
            "eps_avg_yearly": 9.59,
            "eps_latest_yearly": 13.44,
            "eps_growth_yearly": 12.43
        },
        "20061": {
            "year_quarter": 20061,
            "year": 2006,
            "quarter": 1,
            "eps": 2.45,
            "eps_growth_year": 8.41,
            "eps_4q": 10.26,
            "eps_4q_growth_year": 5.84,
            "roe": 5.23,
            "roe_4q": 26.85,
            "gross_profit": 10628916,
            "gross_margin": 5.78,
            "gross_margin_4q_avg": 5.71,
            "net_income": 10498014,
            "revenue": 183829242,
            "common_shares": 42699099,
            "book_valuer_per_share": 48.13,
            "book_valuer_per_share_4q_avg": 44.07,
            "equity": 205511685,
            "current_ratio": 165.54,
            "debt_ratio": 39.17,
            "inventory_turnover_ratio": 2.37,
            "account_receivable_turnover_ratio": null,
            "reinvestment_rate": 11.89,
            "research_to_sale_ratio": null,
            "price_fair": 158.62,
            "eps_avg_yearly": 9.65,
            "eps_latest_yearly": 9.8,
            "eps_growth_yearly": 6.43
        },
        "20062": {
            "year_quarter": 20062,
            "year": 2006,
            "quarter": 2,
            "eps": 2.56,
            "eps_growth_year": 13.27,
            "eps_4q": 9.32,
            "eps_4q_growth_year": 12.56,
            "roe": 6.48,
            "roe_4q": 26.65,
            "gross_profit": 10751196,
            "gross_margin": 5.55,
            "gross_margin_4q_avg": 5.65,
            "net_income": 13260957,
            "revenue": 193716704,
            "common_shares": 42699099,
            "book_valuer_per_share": 47.72,
            "book_valuer_per_share_4q_avg": 45.24,
            "equity": 203751096,
            "current_ratio": 145.45,
            "debt_ratio": 44.35,
            "inventory_turnover_ratio": 2.69,
            "account_receivable_turnover_ratio": null,
            "reinvestment_rate": 10.42,
            "research_to_sale_ratio": null,
            "price_fair": 191.98,
            "eps_avg_yearly": 9.79,
            "eps_latest_yearly": 10.24,
            "eps_growth_yearly": 9.61
        },
        "20063": {
            "year_quarter": 20063,
            "year": 2006,
            "quarter": 3,
            "eps": 3,
            "eps_growth_year": 7.53,
            "eps_4q": 10.18,
            "eps_4q_growth_year": 12.51,
            "roe": 7.3,
            "roe_4q": 26.55,
            "gross_profit": 13380226,
            "gross_margin": 5.55,
            "gross_margin_4q_avg": 5.63,
            "net_income": 15529767,
            "revenue": 240906866,
            "common_shares": 51681387,
            "book_valuer_per_share": 42.95,
            "book_valuer_per_share_4q_avg": 45.98,
            "equity": 221986114,
            "current_ratio": 137.4,
            "debt_ratio": 47.83,
            "inventory_turnover_ratio": 2.79,
            "account_receivable_turnover_ratio": null,
            "reinvestment_rate": 9.02,
            "research_to_sale_ratio": null,
            "price_fair": 239.97,
            "eps_avg_yearly": 10.04,
            "eps_latest_yearly": 12,
            "eps_growth_yearly": 13.91
        },
        "20064": {
            "year_quarter": 20064,
            "year": 2006,
            "quarter": 4,
            "eps": 3.98,
            "eps_growth_year": 18.45,
            "eps_4q": 11.58,
            "eps_4q_growth_year": 13.53,
            "roe": 8.11,
            "roe_4q": 27.12,
            "gross_profit": 14837599,
            "gross_margin": 5.14,
            "gross_margin_4q_avg": 5.51,
            "net_income": 20573990,
            "revenue": 288923078,
            "common_shares": 51681388,
            "book_valuer_per_share": 50.92,
            "book_valuer_per_share_4q_avg": 47.43,
            "equity": 285416374,
            "current_ratio": 146.44,
            "debt_ratio": 54.45,
            "inventory_turnover_ratio": 2.53,
            "account_receivable_turnover_ratio": null,
            "reinvestment_rate": 65.96,
            "research_to_sale_ratio": null,
            "price_fair": 299.06,
            "eps_avg_yearly": 10.46,
            "eps_latest_yearly": 15.92,
            "eps_growth_yearly": 18.59
        },
        "20071": {
            "year_quarter": 20071,
            "year": 2007,
            "quarter": 1,
            "eps": 3.02,
            "eps_growth_year": 23.27,
            "eps_4q": 12.56,
            "eps_4q_growth_year": 22.41,
            "roe": 5.47,
            "roe_4q": 27.36,
            "gross_profit": 13494956,
            "gross_margin": 5.49,
            "gross_margin_4q_avg": 5.43,
            "net_income": 15628387,
            "revenue": 245605142,
            "common_shares": 51681388,
            "book_valuer_per_share": 55.3,
            "book_valuer_per_share_4q_avg": 49.22,
            "equity": 285816847,
            "current_ratio": 154.85,
            "debt_ratio": 43.52,
            "inventory_turnover_ratio": 2.21,
            "account_receivable_turnover_ratio": null,
            "reinvestment_rate": 6.72,
            "research_to_sale_ratio": null,
            "price_fair": 238.89,
            "eps_avg_yearly": 10.64,
            "eps_latest_yearly": 12.08,
            "eps_growth_yearly": 12.45
        },
        "20072": {
            "year_quarter": 20072,
            "year": 2007,
            "quarter": 2,
            "eps": 2.49,
            "eps_growth_year": -2.73,
            "eps_4q": 10.73,
            "eps_4q_growth_year": 15.13,
            "roe": 5.28,
            "roe_4q": 26.16,
            "gross_profit": 13406461,
            "gross_margin": 5.07,
            "gross_margin_4q_avg": 5.31,
            "net_income": 15632684,
            "revenue": 264623140,
            "common_shares": 51681388,
            "book_valuer_per_share": 59.2,
            "book_valuer_per_share_4q_avg": 52.09,
            "equity": 305944573,
            "current_ratio": 144.3,
            "debt_ratio": 42.1,
            "inventory_turnover_ratio": 2.94,
            "account_receivable_turnover_ratio": null,
            "reinvestment_rate": 7.67,
            "research_to_sale_ratio": null,
            "price_fair": 214.87,
            "eps_avg_yearly": 10.73,
            "eps_latest_yearly": 9.96,
            "eps_growth_yearly": 10.02
        },
        "20073": {
            "year_quarter": 20073,
            "year": 2007,
            "quarter": 3,
            "eps": 3.16,
            "eps_growth_year": 5.33,
            "eps_4q": 11.4,
            "eps_4q_growth_year": 11.95,
            "roe": 6.25,
            "roe_4q": 25.11,
            "gross_profit": 14371876,
            "gross_margin": 4.62,
            "gross_margin_4q_avg": 5.08,
            "net_income": 19873006,
            "revenue": 311238068,
            "common_shares": 62907665,
            "book_valuer_per_share": 52.38,
            "book_valuer_per_share_4q_avg": 54.45,
            "equity": 329507266,
            "current_ratio": 132.43,
            "debt_ratio": 46.98,
            "inventory_turnover_ratio": 2.93,
            "account_receivable_turnover_ratio": null,
            "reinvestment_rate": 7.87,
            "research_to_sale_ratio": null,
            "price_fair": 248.02,
            "eps_avg_yearly": 10.91,
            "eps_latest_yearly": 12.64,
            "eps_growth_yearly": 12.74
        },
        "20074": {
            "year_quarter": 20074,
            "year": 2007,
            "quarter": 4,
            "eps": 4.22,
            "eps_growth_year": 6.03,
            "eps_4q": 12.35,
            "eps_4q_growth_year": 6.61,
            "roe": 7.45,
            "roe_4q": 24.45,
            "gross_profit": 17767714,
            "gross_margin": 4.29,
            "gross_margin_4q_avg": 4.87,
            "net_income": 26555435,
            "revenue": 414114812,
            "common_shares": 62907666,
            "book_valuer_per_share": 55.75,
            "book_valuer_per_share_4q_avg": 55.66,
            "equity": 383504692,
            "current_ratio": 130.63,
            "debt_ratio": 55.78,
            "inventory_turnover_ratio": 2.89,
            "account_receivable_turnover_ratio": null,
            "reinvestment_rate": 73.54,
            "research_to_sale_ratio": null,
            "price_fair": 336,
            "eps_avg_yearly": 11.31,
            "eps_latest_yearly": 16.88,
            "eps_growth_yearly": 19.7
        },
        "20081": {
            "year_quarter": 20081,
            "year": 2008,
            "quarter": 1,
            "eps": 2.56,
            "eps_growth_year": -15.23,
            "eps_4q": 11.82,
            "eps_4q_growth_year": -5.9,
            "roe": 4.42,
            "roe_4q": 23.400000000000002,
            "gross_profit": 37710560,
            "gross_margin": 9.08,
            "gross_margin_4q_avg": 5.77,
            "net_income": 16924857,
            "revenue": 415195716,
            "common_shares": 62907666,
            "book_valuer_per_share": 55.71,
            "book_valuer_per_share_4q_avg": 55.76,
            "equity": 382381289,
            "current_ratio": 133.95,
            "debt_ratio": 53.67,
            "inventory_turnover_ratio": 2.37,
            "account_receivable_turnover_ratio": null,
            "reinvestment_rate": 86.43,
            "research_to_sale_ratio": null,
            "price_fair": 264.62,
            "eps_avg_yearly": 11.39,
            "eps_latest_yearly": 10.24,
            "eps_growth_yearly": 13.23
        },
        "20082": {
            "year_quarter": 20082,
            "year": 2008,
            "quarter": 2,
            "eps": 1.61,
            "eps_growth_year": -35.34,
            "eps_4q": 9.47,
            "eps_4q_growth_year": -11.79,
            "roe": 3.36,
            "roe_4q": 21.48,
            "gross_profit": 32867020,
            "gross_margin": 8.3,
            "gross_margin_4q_avg": 6.57,
            "net_income": 12661141,
            "revenue": 395837544,
            "common_shares": 62907666,
            "book_valuer_per_share": 53.48,
            "book_valuer_per_share_4q_avg": 54.33,
            "equity": 370225115,
            "current_ratio": 124.52,
            "debt_ratio": 57.7,
            "inventory_turnover_ratio": 2.13,
            "account_receivable_turnover_ratio": null,
            "reinvestment_rate": 88.39,
            "research_to_sale_ratio": null,
            "price_fair": 145.2,
            "eps_avg_yearly": 11.21,
            "eps_latest_yearly": 6.44,
            "eps_growth_yearly": 2.96
        },
        "20083": {
            "year_quarter": 20083,
            "year": 2008,
            "quarter": 3,
            "eps": 2.4,
            "eps_growth_year": -24.05,
            "eps_4q": 9.43,
            "eps_4q_growth_year": -17.28,
            "roe": 4.78,
            "roe_4q": 20.01,
            "gross_profit": 52450101,
            "gross_margin": 9.14,
            "gross_margin_4q_avg": 7.7,
            "net_income": 18419097,
            "revenue": 573588663,
            "common_shares": 74146235,
            "book_valuer_per_share": 49.02,
            "book_valuer_per_share_4q_avg": 53.49,
            "equity": 400203591,
            "current_ratio": 125.81,
            "debt_ratio": 62.27,
            "inventory_turnover_ratio": 2.5,
            "account_receivable_turnover_ratio": null,
            "reinvestment_rate": 93.85,
            "research_to_sale_ratio": null,
            "price_fair": 270.47,
            "eps_avg_yearly": 11.2,
            "eps_latest_yearly": 9.6,
            "eps_growth_yearly": 14.15
        },
        "20084": {
            "year_quarter": 20084,
            "year": 2008,
            "quarter": 4,
            "eps": 1.26,
            "eps_growth_year": -70.14,
            "eps_4q": 8,
            "eps_4q_growth_year": -35.21,
            "roe": 2.19,
            "roe_4q": 14.75,
            "gross_profit": 45076426,
            "gross_margin": 7.97,
            "gross_margin_4q_avg": 8.62,
            "net_income": 8684891,
            "revenue": 565859438,
            "common_shares": 74146236,
            "book_valuer_per_share": 48.71,
            "book_valuer_per_share_4q_avg": 51.73,
            "equity": 394320823,
            "current_ratio": 132.38,
            "debt_ratio": 55.12,
            "inventory_turnover_ratio": 2.58,
            "account_receivable_turnover_ratio": null,
            "reinvestment_rate": 82.87,
            "research_to_sale_ratio": null,
            "price_fair": 32.54,
            "eps_avg_yearly": 10.85,
            "eps_latest_yearly": 5.04,
            "eps_growth_yearly": -0.08
        },
        "20091": {
            "year_quarter": 20091,
            "year": 2009,
            "quarter": 1,
            "eps": 1.8,
            "eps_growth_year": -29.69,
            "eps_4q": 7.04,
            "eps_4q_growth_year": -40.42,
            "roe": 3.31,
            "roe_4q": 13.64,
            "gross_profit": 35868807,
            "gross_margin": 9.48,
            "gross_margin_4q_avg": 8.72,
            "net_income": 13397025,
            "revenue": 378329458,
            "common_shares": 74146236,
            "book_valuer_per_share": 51.39,
            "book_valuer_per_share_4q_avg": 50.65,
            "equity": 416285757,
            "current_ratio": 145.36,
            "debt_ratio": 49.36,
            "inventory_turnover_ratio": 2.11,
            "account_receivable_turnover_ratio": null,
            "reinvestment_rate": 96.33,
            "research_to_sale_ratio": null,
            "price_fair": 262.63,
            "eps_avg_yearly": 10.73,
            "eps_latest_yearly": 7.2,
            "eps_growth_yearly": 14.48
        },
        "20092": {
            "year_quarter": 20092,
            "year": 2009,
            "quarter": 2,
            "eps": 1.76,
            "eps_growth_year": 9.32,
            "eps_4q": 6.58,
            "eps_4q_growth_year": -30.51,
            "roe": 3.52,
            "roe_4q": 13.8,
            "gross_profit": 40008215,
            "gross_margin": 9.22,
            "gross_margin_4q_avg": 8.95,
            "net_income": 14851671,
            "revenue": 433773056,
            "common_shares": 85789319,
            "book_valuer_per_share": 45.85,
            "book_valuer_per_share_4q_avg": 48.74,
            "equity": 427174478,
            "current_ratio": 140.2,
            "debt_ratio": 52.58,
            "inventory_turnover_ratio": 2.42,
            "account_receivable_turnover_ratio": 3.3,
            "reinvestment_rate": 90.51,
            "research_to_sale_ratio": null,
            "price_fair": 253.67,
            "eps_avg_yearly": 10.61,
            "eps_latest_yearly": 7.04,
            "eps_growth_yearly": 13.92
        },
        "20093": {
            "year_quarter": 20093,
            "year": 2009,
            "quarter": 3,
            "eps": 2.14,
            "eps_growth_year": -10.83,
            "eps_4q": 6.45,
            "eps_4q_growth_year": -31.57,
            "roe": 4.25,
            "roe_4q": 13.27,
            "gross_profit": 48487985,
            "gross_margin": 9.01,
            "gross_margin_4q_avg": 8.92,
            "net_income": 18563202,
            "revenue": 538316351,
            "common_shares": 85789319,
            "book_valuer_per_share": 48.06,
            "book_valuer_per_share_4q_avg": 48.5,
            "equity": 446173276,
            "current_ratio": 139.03,
            "debt_ratio": 53.86,
            "inventory_turnover_ratio": 2.75,
            "account_receivable_turnover_ratio": 1.85,
            "reinvestment_rate": 84.62,
            "research_to_sale_ratio": null,
            "price_fair": 244.93,
            "eps_avg_yearly": 10.44,
            "eps_latest_yearly": 8.56,
            "eps_growth_yearly": 13.46
        },
        "20094": {
            "year_quarter": 20094,
            "year": 2009,
            "quarter": 4,
            "eps": 3.39,
            "eps_growth_year": 169.05,
            "eps_4q": 8.68,
            "eps_4q_growth_year": 8.48,
            "roe": 6.42,
            "roe_4q": 17.5,
            "gross_profit": 62188441,
            "gross_margin": 10.22,
            "gross_margin_4q_avg": 9.48,
            "net_income": 29568395,
            "revenue": 608763520,
            "common_shares": 85789319,
            "book_valuer_per_share": 51.27,
            "book_valuer_per_share_4q_avg": 49.14,
            "equity": 474710979,
            "current_ratio": 147.21,
            "debt_ratio": 53.55,
            "inventory_turnover_ratio": 2.95,
            "account_receivable_turnover_ratio": 1.95,
            "reinvestment_rate": 53.95,
            "research_to_sale_ratio": null,
            "price_fair": 344.33,
            "eps_avg_yearly": 10.45,
            "eps_latest_yearly": 13.56,
            "eps_growth_yearly": 22.95
        },
        "20101": {
            "year_quarter": 20101,
            "year": 2010,
            "quarter": 1,
            "eps": null,
            "eps_growth_year": null,
            "eps_4q": null,
            "eps_4q_growth_year": null,
            "roe": null,
            "roe_4q": 14.19,
            "gross_profit": 47138216,
            "gross_margin": null,
            "gross_margin_4q_avg": 7.11,
            "net_income": 17742737,
            "revenue": 544370051,
            "common_shares": 85789319,
            "book_valuer_per_share": 53.16,
            "book_valuer_per_share_4q_avg": 49.59,
            "equity": 491007148,
            "current_ratio": 140.58,
            "debt_ratio": 55.31,
            "inventory_turnover_ratio": null,
            "account_receivable_turnover_ratio": null,
            "reinvestment_rate": null,
            "research_to_sale_ratio": null,
            "price_fair": 367.27,
            "eps_avg_yearly": 10.49,
            "eps_latest_yearly": 13.56,
            "eps_growth_yearly": 31.7
        },
        "20102": {
            "year_quarter": 20102,
            "year": 2010,
            "quarter": 2,
            "eps": 1.56,
            "eps_growth_year": -11.39,
            "eps_4q": 6.22,
            "eps_4q_growth_year": -5.44,
            "roe": 3.21,
            "roe_4q": 13.879999999999999,
            "gross_profit": 53028073,
            "gross_margin": 8.11,
            "gross_margin_4q_avg": 6.84,
            "net_income": 15832137,
            "revenue": 653988888,
            "common_shares": 85789319,
            "book_valuer_per_share": 53.61,
            "book_valuer_per_share_4q_avg": 51.53,
            "equity": 494644148,
            "current_ratio": 131.11,
            "debt_ratio": 61.17,
            "inventory_turnover_ratio": 2.63,
            "account_receivable_turnover_ratio": 3.38,
            "reinvestment_rate": 93.63,
            "research_to_sale_ratio": null,
            "price_fair": 367.9,
            "eps_avg_yearly": 10.51,
            "eps_latest_yearly": 13.56,
            "eps_growth_yearly": 32.68
        },
        "20103": {
            "year_quarter": 20103,
            "year": 2010,
            "quarter": 3,
            "eps": 2.17,
            "eps_growth_year": 1.51,
            "eps_4q": 6.81,
            "eps_4q_growth_year": 5.56,
            "roe": 4.04,
            "roe_4q": 13.67,
            "gross_profit": 68461721,
            "gross_margin": 8.09,
            "gross_margin_4q_avg": 6.61,
            "net_income": 20370132,
            "revenue": 846712297,
            "common_shares": 96612482,
            "book_valuer_per_share": 49.68,
            "book_valuer_per_share_4q_avg": 51.93,
            "equity": 514226814,
            "current_ratio": 121.75,
            "debt_ratio": 62.26,
            "inventory_turnover_ratio": 2.72,
            "account_receivable_turnover_ratio": 2.18,
            "reinvestment_rate": 99.99,
            "research_to_sale_ratio": 1.3,
            "price_fair": 359.6,
            "eps_avg_yearly": 10.27,
            "eps_latest_yearly": 8.68,
            "eps_growth_yearly": 38.95
        },
        "20104": {
            "year_quarter": 20104,
            "year": 2010,
            "quarter": 4,
            "eps": 2.22,
            "eps_growth_year": -34.55,
            "eps_4q": 6.03,
            "eps_4q_growth_year": -30.51,
            "roe": 4.19,
            "roe_4q": 11.440000000000001,
            "gross_profit": 75574177,
            "gross_margin": 7.94,
            "gross_margin_4q_avg": 6.04,
            "net_income": 21527638,
            "revenue": 952134080,
            "common_shares": 96612482,
            "book_valuer_per_share": 49.75,
            "book_valuer_per_share_4q_avg": 51.55,
            "equity": 513446005,
            "current_ratio": 125.06,
            "debt_ratio": 62.81,
            "inventory_turnover_ratio": 3.03,
            "account_receivable_turnover_ratio": 2.38,
            "reinvestment_rate": 66.99,
            "research_to_sale_ratio": 1.15,
            "price_fair": 342,
            "eps_avg_yearly": 9.77,
            "eps_latest_yearly": 8.88,
            "eps_growth_yearly": 30.27
        },
        "20111": {
            "year_quarter": 20111,
            "year": 2011,
            "quarter": 1,
            "eps": 1.49,
            "eps_growth_year": null,
            "eps_4q": 7.52,
            "eps_4q_growth_year": null,
            "roe": 2.75,
            "roe_4q": 14.190000000000001,
            "gross_profit": 52838963,
            "gross_margin": 7.25,
            "gross_margin_4q_avg": 7.85,
            "net_income": 14375911,
            "revenue": 729258841,
            "common_shares": 96612482,
            "book_valuer_per_share": 51.42,
            "book_valuer_per_share_4q_avg": 51.12,
            "equity": 530593602,
            "current_ratio": 123.65,
            "debt_ratio": 63.58,
            "inventory_turnover_ratio": 2.38,
            "account_receivable_turnover_ratio": 1.83,
            "reinvestment_rate": 109.66,
            "research_to_sale_ratio": 1.11,
            "price_fair": 326.7,
            "eps_avg_yearly": 9.33,
            "eps_latest_yearly": 5.96,
            "eps_growth_yearly": 27.77
        },
        "20112": {
            "year_quarter": 20112,
            "year": 2011,
            "quarter": 2,
            "eps": 1.16,
            "eps_growth_year": -25.54,
            "eps_4q": 6.24,
            "eps_4q_growth_year": 0.37,
            "roe": 2.44,
            "roe_4q": 13.419999999999998,
            "gross_profit": 57235716,
            "gross_margin": 7.28,
            "gross_margin_4q_avg": 7.64,
            "net_income": 12959518,
            "revenue": 785937810,
            "common_shares": 96612482,
            "book_valuer_per_share": 51.57,
            "book_valuer_per_share_4q_avg": 50.61,
            "equity": 531840280,
            "current_ratio": 116.87,
            "debt_ratio": 65.57,
            "inventory_turnover_ratio": 2.3,
            "account_receivable_turnover_ratio": 2.03,
            "reinvestment_rate": 116.12,
            "research_to_sale_ratio": 1.3,
            "price_fair": 313.4,
            "eps_avg_yearly": 8.95,
            "eps_latest_yearly": 4.64,
            "eps_growth_yearly": 26.45
        },
        "20113": {
            "year_quarter": 20113,
            "year": 2011,
            "quarter": 3,
            "eps": 1.79,
            "eps_growth_year": -17.4,
            "eps_4q": 6.36,
            "eps_4q_growth_year": -6.63,
            "roe": 3.45,
            "roe_4q": 12.830000000000002,
            "gross_profit": 60830002,
            "gross_margin": 7.05,
            "gross_margin_4q_avg": 7.38,
            "net_income": 19149797,
            "revenue": 863292966,
            "common_shares": 106890967,
            "book_valuer_per_share": 50.81,
            "book_valuer_per_share_4q_avg": 50.89,
            "equity": 579437060,
            "current_ratio": 126.22,
            "debt_ratio": 67.12,
            "inventory_turnover_ratio": 2.21,
            "account_receivable_turnover_ratio": 2.25,
            "reinvestment_rate": 127.41,
            "research_to_sale_ratio": 1.26,
            "price_fair": 299.7,
            "eps_avg_yearly": 8.56,
            "eps_latest_yearly": 7.16,
            "eps_growth_yearly": 34.28
        },
        "20114": {
            "year_quarter": 20114,
            "year": 2011,
            "quarter": 4,
            "eps": 3.28,
            "eps_growth_year": 47.73,
            "eps_4q": 7.63,
            "eps_4q_growth_year": 26.61,
            "roe": 5.94,
            "roe_4q": 14.58,
            "gross_profit": 95477803,
            "gross_margin": 8.89,
            "gross_margin_4q_avg": 7.62,
            "net_income": 35449407,
            "revenue": 1074191656,
            "common_shares": 106890967,
            "book_valuer_per_share": 54.06,
            "book_valuer_per_share_4q_avg": 51.97,
            "equity": 615019484,
            "current_ratio": 129.44,
            "debt_ratio": 64.46,
            "inventory_turnover_ratio": 2.5,
            "account_receivable_turnover_ratio": 2.51,
            "reinvestment_rate": 69.45,
            "research_to_sale_ratio": 1.09,
            "price_fair": 290.3,
            "eps_avg_yearly": 8.29,
            "eps_latest_yearly": 13.12,
            "eps_growth_yearly": 48.48
        },
        "20121": {
            "year_quarter": 20121,
            "year": 2012,
            "quarter": 1,
            "eps": 1.4,
            "eps_growth_year": -6.04,
            "eps_4q": 7.68,
            "eps_4q_growth_year": 2.16,
            "roe": 2.29,
            "roe_4q": 14.12,
            "gross_profit": 66526053,
            "gross_margin": 6.64,
            "gross_margin_4q_avg": 7.47,
            "net_income": 14114680,
            "revenue": 1001285660,
            "common_shares": 106890967,
            "book_valuer_per_share": 54.4,
            "book_valuer_per_share_4q_avg": 52.71,
            "equity": 617925630,
            "current_ratio": 127.76,
            "debt_ratio": 67.09,
            "inventory_turnover_ratio": 2.53,
            "account_receivable_turnover_ratio": 2.16,
            "reinvestment_rate": 64.08,
            "research_to_sale_ratio": 0.92,
            "price_fair": 278.7,
            "eps_avg_yearly": 7.96,
            "eps_latest_yearly": 5.6,
            "eps_growth_yearly": 43.34
        },
        "20122": {
            "year_quarter": 20122,
            "year": 2012,
            "quarter": 2,
            "eps": 1.02,
            "eps_growth_year": -12.02,
            "eps_4q": 6.62,
            "eps_4q_growth_year": 6.08,
            "roe": 1.84,
            "roe_4q": 13.52,
            "gross_profit": 70699551,
            "gross_margin": 7.93,
            "gross_margin_4q_avg": 7.63,
            "net_income": 11394715,
            "revenue": 891917151,
            "common_shares": 106890967,
            "book_valuer_per_share": 54.73,
            "book_valuer_per_share_4q_avg": 53.5,
            "equity": 620466967,
            "current_ratio": 127.75,
            "debt_ratio": 67.62,
            "inventory_turnover_ratio": 2.46,
            "account_receivable_turnover_ratio": 2.03,
            "reinvestment_rate": 62.12,
            "research_to_sale_ratio": 1.21,
            "price_fair": 272.8,
            "eps_avg_yearly": 7.79,
            "eps_latest_yearly": 4.08,
            "eps_growth_yearly": 46.19
        },
        "20123": {
            "year_quarter": 20123,
            "year": 2012,
            "quarter": 3,
            "eps": 2.56,
            "eps_growth_year": 42.49,
            "eps_4q": 7.84,
            "eps_4q_growth_year": 23.29,
            "roe": 4.73,
            "roe_4q": 14.8,
            "gross_profit": 83439137,
            "gross_margin": 9.54,
            "gross_margin_4q_avg": 8.25,
            "net_income": 29827139,
            "revenue": 874442214,
            "common_shares": 118358665,
            "book_valuer_per_share": 51.16,
            "book_valuer_per_share_4q_avg": 53.59,
            "equity": 640287509,
            "current_ratio": 126.06,
            "debt_ratio": 66.81,
            "inventory_turnover_ratio": 2.25,
            "account_receivable_turnover_ratio": 1.99,
            "reinvestment_rate": 58.98,
            "research_to_sale_ratio": 1.39,
            "price_fair": 274.4,
            "eps_avg_yearly": 7.84,
            "eps_latest_yearly": 10.24,
            "eps_growth_yearly": 75.31
        },
        "20124": {
            "year_quarter": 20124,
            "year": 2012,
            "quarter": 4,
            "eps": 3.12,
            "eps_growth_year": -4.68,
            "eps_4q": 8.01,
            "eps_4q_growth_year": 4.89,
            "roe": 5.51,
            "roe_4q": 14.370000000000001,
            "gross_profit": 108964296,
            "gross_margin": 9.58,
            "gross_margin_4q_avg": 8.42,
            "net_income": 36450607,
            "revenue": 1137750297,
            "common_shares": 118358665,
            "book_valuer_per_share": 54.63,
            "book_valuer_per_share_4q_avg": 53.73,
            "equity": 681731153,
            "current_ratio": 123.43,
            "debt_ratio": 66.65,
            "inventory_turnover_ratio": 2.76,
            "account_receivable_turnover_ratio": 2.1,
            "reinvestment_rate": 60.16,
            "research_to_sale_ratio": 1.19,
            "price_fair": 293,
            "eps_avg_yearly": 8.37,
            "eps_latest_yearly": 12.48,
            "eps_growth_yearly": 95.13
        },
        "20131": {
            "year_quarter": 20131,
            "year": 2013,
            "quarter": 1,
            "eps": 1.38,
            "eps_growth_year": -1.43,
            "eps_4q": 8.13,
            "eps_4q_growth_year": 5.79,
            "roe": 2.34,
            "roe_4q": 14.42,
            "gross_profit": 45913087,
            "gross_margin": 5.68,
            "gross_margin_4q_avg": 8.18,
            "net_income": 16350324,
            "revenue": 809011951,
            "common_shares": 118358665,
            "book_valuer_per_share": 57.33,
            "book_valuer_per_share_4q_avg": 54.46,
            "equity": 716036753,
            "current_ratio": 126.63,
            "debt_ratio": 64.65,
            "inventory_turnover_ratio": 2.14,
            "account_receivable_turnover_ratio": 1.59,
            "reinvestment_rate": 66.13,
            "research_to_sale_ratio": 1.18,
            "price_fair": 288.8,
            "eps_avg_yearly": 8.25,
            "eps_latest_yearly": 5.52,
            "eps_growth_yearly": 66.95
        },
        "20132": {
            "year_quarter": 20132,
            "year": 2013,
            "quarter": 2,
            "eps": 1.3,
            "eps_growth_year": 27.26,
            "eps_4q": 7.34,
            "eps_4q_growth_year": 10.84,
            "roe": 2.34,
            "roe_4q": 14.92,
            "gross_profit": 51932926,
            "gross_margin": 5.8,
            "gross_margin_4q_avg": 7.65,
            "net_income": 16930385,
            "revenue": 895617497,
            "common_shares": 118358665,
            "book_valuer_per_share": 58.37,
            "book_valuer_per_share_4q_avg": 55.37,
            "equity": 729059708,
            "current_ratio": 130.67,
            "debt_ratio": 62.64,
            "inventory_turnover_ratio": 2.45,
            "account_receivable_turnover_ratio": 2.14,
            "reinvestment_rate": 65.74,
            "research_to_sale_ratio": 1.2,
            "price_fair": 284.2,
            "eps_avg_yearly": 8.12,
            "eps_latest_yearly": 5.2,
            "eps_growth_yearly": 65.93
        },
        "20133": {
            "year_quarter": 20133,
            "year": 2013,
            "quarter": 3,
            "eps": 2.34,
            "eps_growth_year": -8.47,
            "eps_4q": 7.7,
            "eps_4q_growth_year": -1.85,
            "roe": 4.15,
            "roe_4q": 14.34,
            "gross_profit": 64999796,
            "gross_margin": 7.07,
            "gross_margin_4q_avg": 7.03,
            "net_income": 30721326,
            "revenue": 919301218,
            "common_shares": 131287068,
            "book_valuer_per_share": 54.46,
            "book_valuer_per_share_4q_avg": 56.2,
            "equity": 752749738,
            "current_ratio": 135.49,
            "debt_ratio": 62.67,
            "inventory_turnover_ratio": 2.47,
            "account_receivable_turnover_ratio": 2,
            "reinvestment_rate": 61.27,
            "research_to_sale_ratio": 1.22,
            "price_fair": 286.2,
            "eps_avg_yearly": 8.18,
            "eps_latest_yearly": 9.36,
            "eps_growth_yearly": 82.62
        },
        "20134": {
            "year_quarter": 20134,
            "year": 2013,
            "quarter": 4,
            "eps": 3.25,
            "eps_growth_year": 3.91,
            "eps_4q": 8.13,
            "eps_4q_growth_year": 1.51,
            "roe": 5.56,
            "roe_4q": 14.39,
            "gross_profit": 91848692,
            "gross_margin": 6.91,
            "gross_margin_4q_avg": 6.37,
            "net_income": 43343841,
            "revenue": 1328386874,
            "common_shares": 131287068,
            "book_valuer_per_share": 58.25,
            "book_valuer_per_share_4q_avg": 57.1,
            "equity": 805924602,
            "current_ratio": 133.09,
            "debt_ratio": 65.15,
            "inventory_turnover_ratio": 3.65,
            "account_receivable_turnover_ratio": 2.18,
            "reinvestment_rate": 59.39,
            "research_to_sale_ratio": 1.14,
            "price_fair": 284.8,
            "eps_avg_yearly": 8.14,
            "eps_latest_yearly": 13,
            "eps_growth_yearly": 77.04
        },
        "20141": {
            "year_quarter": 20141,
            "year": 2014,
            "quarter": 1,
            "eps": 1.49,
            "eps_growth_year": 7.97,
            "eps_4q": 8.37,
            "eps_4q_growth_year": 2.99,
            "roe": 2.42,
            "roe_4q": 14.469999999999999,
            "gross_profit": 53375905,
            "gross_margin": 6.04,
            "gross_margin_4q_avg": 6.46,
            "net_income": 19829790,
            "revenue": 883479325,
            "common_shares": 131287068,
            "book_valuer_per_share": 60.1,
            "book_valuer_per_share_4q_avg": 57.8,
            "equity": 832100225,
            "current_ratio": 145.41,
            "debt_ratio": 59.41,
            "inventory_turnover_ratio": 2.68,
            "account_receivable_turnover_ratio": 1.51,
            "reinvestment_rate": 55.13,
            "research_to_sale_ratio": 1.11,
            "price_fair": 279.72,
            "eps_avg_yearly": 7.99,
            "eps_latest_yearly": 5.96,
            "eps_growth_yearly": 57.46
        },
        "20142": {
            "year_quarter": 20142,
            "year": 2014,
            "quarter": 2,
            "eps": 1.37,
            "eps_growth_year": 5.38,
            "eps_4q": 7.31,
            "eps_4q_growth_year": -0.4,
            "roe": 2.47,
            "roe_4q": 14.6,
            "gross_profit": 61990039,
            "gross_margin": 7.05,
            "gross_margin_4q_avg": 6.77,
            "net_income": 20625501,
            "revenue": 879094312,
            "common_shares": 131287068,
            "book_valuer_per_share": 60.3,
            "book_valuer_per_share_4q_avg": 58.28,
            "equity": 835710345,
            "current_ratio": 152.8,
            "debt_ratio": 57.56,
            "inventory_turnover_ratio": 2.56,
            "account_receivable_turnover_ratio": 2,
            "reinvestment_rate": 40.64,
            "research_to_sale_ratio": 1.29,
            "price_fair": 274.23,
            "eps_avg_yearly": 7.84,
            "eps_latest_yearly": 5.48,
            "eps_growth_yearly": 51.86
        },
        "20143": {
            "year_quarter": 20143,
            "year": 2014,
            "quarter": 3,
            "eps": 2.3,
            "eps_growth_year": -1.71,
            "eps_4q": 7.87,
            "eps_4q_growth_year": 2.25,
            "roe": 3.97,
            "roe_4q": 14.419999999999998,
            "gross_profit": 67497296,
            "gross_margin": 7.1,
            "gross_margin_4q_avg": 6.78,
            "net_income": 34624630,
            "revenue": 950494021,
            "common_shares": 147934068,
            "book_valuer_per_share": 58.21,
            "book_valuer_per_share_4q_avg": 59.22,
            "equity": 908491675,
            "current_ratio": 149.24,
            "debt_ratio": 58.73,
            "inventory_turnover_ratio": 2.27,
            "account_receivable_turnover_ratio": 1.94,
            "reinvestment_rate": 43.07,
            "research_to_sale_ratio": 1.25,
            "price_fair": 275.36,
            "eps_avg_yearly": 7.87,
            "eps_latest_yearly": 9.2,
            "eps_growth_yearly": 59.05
        },
        "20144": {
            "year_quarter": 20144,
            "year": 2014,
            "quarter": 4,
            "eps": 3.83,
            "eps_growth_year": 18.12,
            "eps_4q": 8.82,
            "eps_4q_growth_year": 8.57,
            "roe": 6.06,
            "roe_4q": 14.92,
            "gross_profit": 109080616,
            "gross_margin": 7.27,
            "gross_margin_4q_avg": 6.87,
            "net_income": 57401901,
            "revenue": 1500104663,
            "common_shares": 147934068,
            "book_valuer_per_share": 62.89,
            "book_valuer_per_share_4q_avg": 60.38,
            "equity": 984676802,
            "current_ratio": 148.35,
            "debt_ratio": 60.02,
            "inventory_turnover_ratio": 3.4,
            "account_receivable_turnover_ratio": 2.31,
            "reinvestment_rate": 37.72,
            "research_to_sale_ratio": 1.05,
            "price_fair": 289.45,
            "eps_avg_yearly": 8.27,
            "eps_latest_yearly": 15.32,
            "eps_growth_yearly": 75.11
        },
        "20151": {
            "year_quarter": 20151,
            "year": 2015,
            "quarter": 1,
            "eps": 2.05,
            "eps_growth_year": 37.58,
            "eps_4q": 9.56,
            "eps_4q_growth_year": 14.18,
            "roe": 3.15,
            "roe_4q": 15.65,
            "gross_profit": 72423358,
            "gross_margin": 7.14,
            "gross_margin_4q_avg": 7.14,
            "net_income": 31259557,
            "revenue": 1014122421,
            "common_shares": 147934068,
            "book_valuer_per_share": 63.96,
            "book_valuer_per_share_4q_avg": 61.34,
            "equity": 1001471718,
            "current_ratio": 166.88,
            "debt_ratio": 54.08,
            "inventory_turnover_ratio": 2.52,
            "account_receivable_turnover_ratio": 1.63,
            "reinvestment_rate": 29.05,
            "research_to_sale_ratio": 1.02,
            "price_fair": 294.35,
            "eps_avg_yearly": 8.41,
            "eps_latest_yearly": 8.2,
            "eps_growth_yearly": 71.71
        },
        "20152": {
            "year_quarter": 20152,
            "year": 2015,
            "quarter": 2,
            "eps": 1.65,
            "eps_growth_year": 20.44,
            "eps_4q": 8.73,
            "eps_4q_growth_year": 19.41,
            "roe": 2.68,
            "roe_4q": 15.860000000000001,
            "gross_profit": 70041890,
            "gross_margin": 7.2,
            "gross_margin_4q_avg": 7.18,
            "net_income": 26393678,
            "revenue": 972708221,
            "common_shares": 151484068,
            "book_valuer_per_share": 60.59,
            "book_valuer_per_share_4q_avg": 61.41,
            "equity": 970615207,
            "current_ratio": 158.36,
            "debt_ratio": 57.63,
            "inventory_turnover_ratio": 2.17,
            "account_receivable_turnover_ratio": 2.15,
            "reinvestment_rate": 22.13,
            "research_to_sale_ratio": 1.26,
            "price_fair": 298.64,
            "eps_avg_yearly": 8.53,
            "eps_latest_yearly": 6.6,
            "eps_growth_yearly": 72.37
        },
        "20153": {
            "year_quarter": 20153,
            "year": 2015,
            "quarter": 3,
            "eps": 2.42,
            "eps_growth_year": 5.22,
            "eps_4q": 9.42,
            "eps_4q_growth_year": 19.68,
            "roe": 3.89,
            "roe_4q": 15.780000000000001,
            "gross_profit": 76522124,
            "gross_margin": 7.18,
            "gross_margin_4q_avg": 7.2,
            "net_income": 38858067,
            "revenue": 1065601878,
            "common_shares": 159932881,
            "book_valuer_per_share": 60.71,
            "book_valuer_per_share_4q_avg": 62.04,
            "equity": 1027087483,
            "current_ratio": 159.89,
            "debt_ratio": 56.66,
            "inventory_turnover_ratio": 2.08,
            "account_receivable_turnover_ratio": 2.12,
            "reinvestment_rate": 13.83,
            "research_to_sale_ratio": 1.25,
            "price_fair": 304.15,
            "eps_avg_yearly": 8.69,
            "eps_latest_yearly": 9.68,
            "eps_growth_yearly": 70.46
        },
        "20154": {
            "year_quarter": 20154,
            "year": 2015,
            "quarter": 4,
            "eps": 3.39,
            "eps_growth_year": -11.71,
            "eps_4q": 9.39,
            "eps_4q_growth_year": 6.43,
            "roe": 5.14,
            "roe_4q": 14.86,
            "gross_profit": 101604597,
            "gross_margin": 7.11,
            "gross_margin_4q_avg": 7.16,
            "net_income": 53690114,
            "revenue": 1429713447,
            "common_shares": 156382881,
            "book_valuer_per_share": 64.44,
            "book_valuer_per_share_4q_avg": 62.43,
            "equity": 1060391079,
            "current_ratio": 169.32,
            "debt_ratio": 54.06,
            "inventory_turnover_ratio": 2.88,
            "account_receivable_turnover_ratio": 2.47,
            "reinvestment_rate": 14.14,
            "research_to_sale_ratio": 1.15,
            "price_fair": 305.11,
            "eps_avg_yearly": 8.72,
            "eps_latest_yearly": 13.56,
            "eps_growth_yearly": 59.67
        },
        "20161": {
            "year_quarter": 20161,
            "year": 2016,
            "quarter": 1,
            "eps": 1.76,
            "eps_growth_year": -14.15,
            "eps_4q": 9.21,
            "eps_4q_growth_year": -3.61,
            "roe": 2.58,
            "roe_4q": 14.29,
            "gross_profit": 67576473,
            "gross_margin": 7.05,
            "gross_margin_4q_avg": 7.14,
            "net_income": 27548860,
            "revenue": 958009217,
            "common_shares": 156382881,
            "book_valuer_per_share": 65.63,
            "book_valuer_per_share_4q_avg": 62.84,
            "equity": 1079230489,
            "current_ratio": 182.5,
            "debt_ratio": 49.3,
            "inventory_turnover_ratio": 2.18,
            "account_receivable_turnover_ratio": 1.89,
            "reinvestment_rate": 13.78,
            "research_to_sale_ratio": 1.06,
            "price_fair": 308.26,
            "eps_avg_yearly": 8.81,
            "eps_latest_yearly": 7.04,
            "eps_growth_yearly": 61.98
        },
        "20162": {
            "year_quarter": 20162,
            "year": 2016,
            "quarter": 2,
            "eps": 1.02,
            "eps_growth_year": -38.18,
            "eps_4q": 7.45,
            "eps_4q_growth_year": -14.65,
            "roe": 1.72,
            "roe_4q": 13.33,
            "gross_profit": 55489841,
            "gross_margin": 6.02,
            "gross_margin_4q_avg": 6.84,
            "net_income": 18075096,
            "revenue": 922136921,
            "common_shares": 156382881,
            "book_valuer_per_share": 62.3,
            "book_valuer_per_share_4q_avg": 63.27,
            "equity": 1025067725,
            "current_ratio": 170.59,
            "debt_ratio": 52.51,
            "inventory_turnover_ratio": 2.27,
            "account_receivable_turnover_ratio": 2.14,
            "reinvestment_rate": 9.86,
            "research_to_sale_ratio": 1.29,
            "price_fair": 308.26,
            "eps_avg_yearly": 8.81,
            "eps_latest_yearly": 4.08,
            "eps_growth_yearly": 58.25
        },
        "20163": {
            "year_quarter": 20163,
            "year": 2016,
            "quarter": 3,
            "eps": 2,
            "eps_growth_year": -17.36,
            "eps_4q": 7.67,
            "eps_4q_growth_year": -18.62,
            "roe": 3.41,
            "roe_4q": 12.85,
            "gross_profit": 80022935,
            "gross_margin": 7.44,
            "gross_margin_4q_avg": 6.91,
            "net_income": 35260821,
            "revenue": 1075348211,
            "common_shares": 173287383,
            "book_valuer_per_share": 57.28,
            "book_valuer_per_share_4q_avg": 62.41,
            "equity": 1043463911,
            "current_ratio": 158.76,
            "debt_ratio": 56.14,
            "inventory_turnover_ratio": 2.52,
            "account_receivable_turnover_ratio": 2.22,
            "reinvestment_rate": 26.67,
            "research_to_sale_ratio": 1.23,
            "price_fair": 303.36,
            "eps_avg_yearly": 8.67,
            "eps_latest_yearly": 8,
            "eps_growth_yearly": 44.53
        },
        "20164": {
            "year_quarter": 20164,
            "year": 2016,
            "quarter": 4,
            "eps": 3.97,
            "eps_growth_year": 17.24,
            "eps_4q": 8.58,
            "eps_4q_growth_year": -8.65,
            "roe": 6.47,
            "roe_4q": 14.18,
            "gross_profit": 118495731,
            "gross_margin": 8.44,
            "gross_margin_4q_avg": 7.24,
            "net_income": 70472387,
            "revenue": 1403239008,
            "common_shares": 173287383,
            "book_valuer_per_share": 62.26,
            "book_valuer_per_share_4q_avg": 61.87,
            "equity": 1133788598,
            "current_ratio": 154.17,
            "debt_ratio": 56.26,
            "inventory_turnover_ratio": 3.18,
            "account_receivable_turnover_ratio": 2.22,
            "reinvestment_rate": 28.3,
            "research_to_sale_ratio": 1.13,
            "price_fair": 310.8,
            "eps_avg_yearly": 8.88,
            "eps_latest_yearly": 15.88,
            "eps_growth_yearly": 63.68
        },
        "20171": {
            "year_quarter": 20171,
            "year": 2017,
            "quarter": 1,
            "eps": 1.63,
            "eps_growth_year": -7.39,
            "eps_4q": 8.61,
            "eps_4q_growth_year": -6.5,
            "roe": 2.52,
            "roe_4q": 14.120000000000001,
            "gross_profit": 71724616,
            "gross_margin": 7.36,
            "gross_margin_4q_avg": 7.32,
            "net_income": 29207446,
            "revenue": 975043856,
            "common_shares": 173287383,
            "book_valuer_per_share": 64.19,
            "book_valuer_per_share_4q_avg": 61.51,
            "equity": 1183505330,
            "current_ratio": 167.53,
            "debt_ratio": 49.26,
            "inventory_turnover_ratio": 2.45,
            "account_receivable_turnover_ratio": 1.58,
            "reinvestment_rate": 35.81,
            "research_to_sale_ratio": 1.34,
            "price_fair": 312.99,
            "eps_avg_yearly": 8.94,
            "eps_latest_yearly": 6.52,
            "eps_growth_yearly": 62.89
        },
        "20172": {
            "year_quarter": 20172,
            "year": 2017,
            "quarter": 2,
            "eps": 1.03,
            "eps_growth_year": 0.98,
            "eps_4q": 8.63,
            "eps_4q_growth_year": 15.76,
            "roe": 1.29,
            "roe_4q": 13.69,
            "gross_profit": 62774423,
            "gross_margin": 6.81,
            "gross_margin_4q_avg": 7.51,
            "net_income": 14918776,
            "revenue": 922412465,
            "common_shares": 173287383,
            "book_valuer_per_share": 61.19,
            "book_valuer_per_share_4q_avg": 61.23,
            "equity": 1132859848,
            "current_ratio": 152.99,
            "debt_ratio": 53.9,
            "inventory_turnover_ratio": 2.37,
            "account_receivable_turnover_ratio": 1.74,
            "reinvestment_rate": 35.99,
            "research_to_sale_ratio": 1.59,
            "price_fair": 310.63,
            "eps_avg_yearly": 8.88,
            "eps_latest_yearly": 4.12,
            "eps_growth_yearly": 55.14
        },
        "20173": {
            "year_quarter": 20173,
            "year": 2017,
            "quarter": 3,
            "eps": 1.21,
            "eps_growth_year": -39.5,
            "eps_4q": 7.84,
            "eps_4q_growth_year": 2.27,
            "roe": 1.72,
            "roe_4q": 12,
            "gross_profit": 62942317,
            "gross_margin": 5.83,
            "gross_margin_4q_avg": 7.11,
            "net_income": 19665150,
            "revenue": 1078891633,
            "common_shares": 173287383,
            "book_valuer_per_share": 61.75,
            "book_valuer_per_share_4q_avg": 62.35,
            "equity": 1156637608,
            "current_ratio": 145.54,
            "debt_ratio": 58.13,
            "inventory_turnover_ratio": 2.27,
            "account_receivable_turnover_ratio": 1.73,
            "reinvestment_rate": 38.33,
            "research_to_sale_ratio": 1.7,
            "price_fair": 300.74,
            "eps_avg_yearly": 8.59,
            "eps_latest_yearly": 4.84,
            "eps_growth_yearly": 39.51
        },
        "20174": {
            "year_quarter": 20174,
            "year": 2017,
            "quarter": 4,
            "eps": 4.14,
            "eps_growth_year": 4.21,
            "eps_4q": 8.01,
            "eps_4q_growth_year": -6.68,
            "roe": 6.15,
            "roe_4q": 11.68,
            "gross_profit": 105565591,
            "gross_margin": 6.1,
            "gross_margin_4q_avg": 6.53,
            "net_income": 71583156,
            "revenue": 1730388142,
            "common_shares": 173287383,
            "book_valuer_per_share": 62.57,
            "book_valuer_per_share_4q_avg": 62.43,
            "equity": 1171792455,
            "current_ratio": 135.58,
            "debt_ratio": 65.61,
            "inventory_turnover_ratio": 3.01,
            "account_receivable_turnover_ratio": 1.8,
            "reinvestment_rate": 19.3,
            "research_to_sale_ratio": 2.07,
            "price_fair": 308.53,
            "eps_avg_yearly": 8.82,
            "eps_latest_yearly": 16.56,
            "eps_growth_yearly": 90.32
        },
        "20181": {
            "year_quarter": 20181,
            "year": 2018,
            "quarter": 1,
            "eps": 1.39,
            "eps_growth_year": -14.72,
            "eps_4q": 7.77,
            "eps_4q_growth_year": -9.79,
            "roe": 2.02,
            "roe_4q": 11.18,
            "gross_profit": 63676734,
            "gross_margin": 6.19,
            "gross_margin_4q_avg": 6.23,
            "net_income": 24017045,
            "revenue": 1028594580,
            "common_shares": 173287383,
            "book_valuer_per_share": 64.46,
            "book_valuer_per_share_4q_avg": 62.49,
            "equity": 1204313818,
            "current_ratio": 157.14,
            "debt_ratio": 55.76,
            "inventory_turnover_ratio": 1.7,
            "account_receivable_turnover_ratio": 1.13,
            "reinvestment_rate": 9.81,
            "research_to_sale_ratio": 1.56,
            "price_fair": 307.65,
            "eps_avg_yearly": 8.79,
            "eps_latest_yearly": 5.56,
            "eps_growth_yearly": 87.25
        },
        "20182": {
            "year_quarter": 20182,
            "year": 2018,
            "quarter": 2,
            "eps": 1.01,
            "eps_growth_year": -1.94,
            "eps_4q": 7.75,
            "eps_4q_growth_year": -10.16,
            "roe": 1.38,
            "roe_4q": 11.270000000000001,
            "gross_profit": 60790576,
            "gross_margin": 5.63,
            "gross_margin_4q_avg": 5.94,
            "net_income": 17373665,
            "revenue": 1079470448,
            "common_shares": 173287383,
            "book_valuer_per_share": 68.59,
            "book_valuer_per_share_4q_avg": 64.34,
            "equity": 1309971696,
            "current_ratio": 158.36,
            "debt_ratio": 56.67,
            "inventory_turnover_ratio": 1.72,
            "account_receivable_turnover_ratio": 1.63,
            "reinvestment_rate": 9.76,
            "research_to_sale_ratio": 1.61,
            "price_fair": 304.5,
            "eps_avg_yearly": 8.7,
            "eps_latest_yearly": 4.04,
            "eps_growth_yearly": 82.43
        },
        "20183": {
            "year_quarter": 20183,
            "year": 2018,
            "quarter": 3,
            "eps": 1.57,
            "eps_growth_year": 29.75,
            "eps_4q": 9.96,
            "eps_4q_growth_year": 27.08,
            "roe": 1.9,
            "roe_4q": 11.45,
            "gross_profit": 80803909,
            "gross_margin": 5.87,
            "gross_margin_4q_avg": 5.95,
            "net_income": 24551951,
            "revenue": 1375839799,
            "common_shares": 138629906,
            "book_valuer_per_share": 83.03,
            "book_valuer_per_share_4q_avg": 69.66,
            "equity": 1268510256,
            "current_ratio": 143.71,
            "debt_ratio": 63.09,
            "inventory_turnover_ratio": 1.94,
            "account_receivable_turnover_ratio": 1.56,
            "reinvestment_rate": 2.49,
            "research_to_sale_ratio": 1.48,
            "price_fair": 298.11,
            "eps_avg_yearly": 8.52,
            "eps_latest_yearly": 6.28,
            "eps_growth_yearly": 79.32
        },
        "20184": {
            "year_quarter": 20184,
            "year": 2018,
            "quarter": 4,
            "eps": 4.52,
            "eps_growth_year": 9.23,
            "eps_4q": 9.31,
            "eps_4q_growth_year": 16.29,
            "roe": 4.91,
            "roe_4q": 10.21,
            "gross_profit": 126758685,
            "gross_margin": 7,
            "gross_margin_4q_avg": 6.17,
            "net_income": 63892764,
            "revenue": 1809898195,
            "common_shares": 138629906,
            "book_valuer_per_share": 87.43,
            "book_valuer_per_share_4q_avg": 75.88,
            "equity": 1332433888,
            "current_ratio": 149.54,
            "debt_ratio": 60.59,
            "inventory_turnover_ratio": 2.5,
            "account_receivable_turnover_ratio": 1.73,
            "reinvestment_rate": 5.72,
            "research_to_sale_ratio": 1.69,
            "price_fair": 304.15,
            "eps_avg_yearly": 8.69,
            "eps_latest_yearly": 18.08,
            "eps_growth_yearly": 109.67
        },
        "20191": {
            "year_quarter": 20191,
            "year": 2019,
            "quarter": 1,
            "eps": 1.43,
            "eps_growth_year": 2.88,
            "eps_4q": 9,
            "eps_4q_growth_year": 15.87,
            "roe": 1.77,
            "roe_4q": 9.96,
            "gross_profit": 58302574,
            "gross_margin": 5.53,
            "gross_margin_4q_avg": 6.01,
            "net_income": 24161409,
            "revenue": 1054302519,
            "common_shares": 138629906,
            "book_valuer_per_share": 91.42,
            "book_valuer_per_share_4q_avg": 82.62,
            "equity": 1398519921,
            "current_ratio": 173.97,
            "debt_ratio": 54.01,
            "inventory_turnover_ratio": 1.67,
            "account_receivable_turnover_ratio": 1.2,
            "reinvestment_rate": 10.23,
            "research_to_sale_ratio": 1.7,
            "price_fair": 298.73,
            "eps_avg_yearly": 8.54,
            "eps_latest_yearly": 5.72,
            "eps_growth_yearly": 104.19
        },
        "20192": {
            "year_quarter": 20192,
            "year": 2019,
            "quarter": 2,
            "eps": 1.23,
            "eps_growth_year": 21.78,
            "eps_4q": 8.97,
            "eps_4q_growth_year": 15.8,
            "roe": 1.31,
            "roe_4q": 9.89,
            "gross_profit": 61606302,
            "gross_margin": 5.31,
            "gross_margin_4q_avg": 5.93,
            "net_income": 18029398,
            "revenue": 1159784106,
            "common_shares": 138629906,
            "book_valuer_per_share": 87.76,
            "book_valuer_per_share_4q_avg": 87.41,
            "equity": 1350358257,
            "current_ratio": 163.25,
            "debt_ratio": 56.64,
            "inventory_turnover_ratio": 1.92,
            "account_receivable_turnover_ratio": 1.59,
            "reinvestment_rate": 13.06,
            "research_to_sale_ratio": 1.69,
            "price_fair": 295.05,
            "eps_avg_yearly": 8.43,
            "eps_latest_yearly": 4.92,
            "eps_growth_yearly": 105.58
        },
        "20193": {
            "year_quarter": 20193,
            "year": 2019,
            "quarter": 3,
            "eps": 2.21,
            "eps_growth_year": 40.76,
            "eps_4q": 9.39,
            "eps_4q_growth_year": -5.75,
            "roe": 2.51,
            "roe_4q": 10.5,
            "gross_profit": 83382222,
            "gross_margin": 6.01,
            "gross_margin_4q_avg": 5.96,
            "net_income": 33817756,
            "revenue": 1387792029,
            "common_shares": 138629906,
            "book_valuer_per_share": 87.05,
            "book_valuer_per_share_4q_avg": 88.42,
            "equity": 1341099079,
            "current_ratio": 150.85,
            "debt_ratio": 60.73,
            "inventory_turnover_ratio": 2.07,
            "account_receivable_turnover_ratio": 1.55,
            "reinvestment_rate": 12.33,
            "research_to_sale_ratio": 1.6,
            "price_fair": 293.21,
            "eps_avg_yearly": 8.38,
            "eps_latest_yearly": 8.84,
            "eps_growth_yearly": 113.83
        },
        "20194": {
            "year_quarter": 20194,
            "year": 2019,
            "quarter": 4,
            "eps": 3.45,
            "eps_growth_year": -23.72,
            "eps_4q": 8.32,
            "eps_4q_growth_year": -10.66,
            "roe": 4.1,
            "roe_4q": 9.69,
            "gross_profit": 112577327,
            "gross_margin": 6.47,
            "gross_margin_4q_avg": 5.83,
            "net_income": 56176525,
            "revenue": 1740932341,
            "common_shares": 138629906,
            "book_valuer_per_share": 89.46,
            "book_valuer_per_share_4q_avg": 88.92,
            "equity": 1399625417,
            "current_ratio": 155.28,
            "debt_ratio": 57.85,
            "inventory_turnover_ratio": 2.7,
            "account_receivable_turnover_ratio": 1.69,
            "reinvestment_rate": 12.53,
            "research_to_sale_ratio": 1.84,
            "price_fair": 293.74,
            "eps_avg_yearly": 8.39,
            "eps_latest_yearly": 13.8,
            "eps_growth_yearly": 117.83
        },
        "20201": {
            "year_quarter": 20201,
            "year": 2020,
            "quarter": 1,
            "eps": 0.15,
            "eps_growth_year": -89.51,
            "eps_4q": 7.04,
            "eps_4q_growth_year": -21.83,
            "roe": 0.16,
            "roe_4q": 8.08,
            "gross_profit": 41813705,
            "gross_margin": 4.5,
            "gross_margin_4q_avg": 5.57,
            "net_income": 2150211,
            "revenue": 929133122,
            "common_shares": 138629906,
            "book_valuer_per_share": 87.45,
            "book_valuer_per_share_4q_avg": 87.93,
            "equity": 1370122236,
            "current_ratio": 166.57,
            "debt_ratio": 54.67,
            "inventory_turnover_ratio": 1.69,
            "account_receivable_turnover_ratio": 1.1,
            "reinvestment_rate": 12.52,
            "research_to_sale_ratio": 1.82,
            "price_fair": 279.65,
            "eps_avg_yearly": 7.99,
            "eps_latest_yearly": 0.6,
            "eps_growth_yearly": 105.94
        },
        "20202": {
            "year_quarter": 20202,
            "year": 2020,
            "quarter": 2,
            "eps": 1.65,
            "eps_growth_year": 34.15,
            "eps_4q": 7.46,
            "eps_4q_growth_year": -16.87,
            "roe": 1.88,
            "roe_4q": 8.649999999999999,
            "gross_profit": 66630919,
            "gross_margin": 5.91,
            "gross_margin_4q_avg": 5.72,
            "net_income": 25398266,
            "revenue": 1128336907,
            "common_shares": 138629906,
            "book_valuer_per_share": 84.38,
            "book_valuer_per_share_4q_avg": 87.09,
            "equity": 1325720566,
            "current_ratio": 157.78,
            "debt_ratio": 57.01,
            "inventory_turnover_ratio": 2.05,
            "account_receivable_turnover_ratio": 1.6,
            "reinvestment_rate": 14.01,
            "research_to_sale_ratio": 1.92,
            "price_fair": 285.16,
            "eps_avg_yearly": 8.15,
            "eps_latest_yearly": 6.6,
            "eps_growth_yearly": 366.45
        },
        "20203": {
            "year_quarter": 20203,
            "year": 2020,
            "quarter": 3,
            "eps": 2.23,
            "eps_growth_year": 0.9,
            "eps_4q": 7.47,
            "eps_4q_growth_year": -20.42,
            "roe": 2.54,
            "roe_4q": 8.68,
            "gross_profit": 80098636,
            "gross_margin": 6.2,
            "gross_margin_4q_avg": 5.77,
            "net_income": 34241649,
            "revenue": 1291541100,
            "common_shares": 138629906,
            "book_valuer_per_share": 87.36,
            "book_valuer_per_share_4q_avg": 87.16,
            "equity": 1371715745,
            "current_ratio": 149.48,
            "debt_ratio": 58.98,
            "inventory_turnover_ratio": 2,
            "account_receivable_turnover_ratio": 1.75,
            "reinvestment_rate": -4.09,
            "research_to_sale_ratio": 1.84,
            "price_fair": 287.18,
            "eps_avg_yearly": 8.21,
            "eps_latest_yearly": 8.92,
            "eps_growth_yearly": 351.22
        },
        "20204": {
            "year_quarter": 20204,
            "year": 2020,
            "quarter": 4,
            "eps": 3.32,
            "eps_growth_year": -3.75,
            "eps_4q": 7.34,
            "eps_4q_growth_year": -11.72,
            "roe": 3.69,
            "roe_4q": 8.27,
            "gross_profit": 114375463,
            "gross_margin": 5.69,
            "gross_margin_4q_avg": 5.58,
            "net_income": 52535461,
            "revenue": 2009011936,
            "common_shares": 138629906,
            "book_valuer_per_share": 93.59,
            "book_valuer_per_share_4q_avg": 88.2,
            "equity": 1474146409,
            "current_ratio": 150.54,
            "debt_ratio": 59.88,
            "inventory_turnover_ratio": 2.94,
            "account_receivable_turnover_ratio": 2.42,
            "reinvestment_rate": -11.7,
            "research_to_sale_ratio": 1.59,
            "price_fair": 281.49,
            "eps_avg_yearly": 8.04,
            "eps_latest_yearly": 13.28,
            "eps_growth_yearly": 338.82
        },
        "20211": {
            "year_quarter": 20211,
            "year": 2021,
            "quarter": 1,
            "eps": 2.03,
            "eps_growth_year": 1253.33,
            "eps_4q": 9.23,
            "eps_4q_growth_year": 31.06,
            "roe": 2.12,
            "roe_4q": 10.23,
            "gross_profit": 78132545,
            "gross_margin": 5.8,
            "gross_margin_4q_avg": 5.9,
            "net_income": 30979252,
            "revenue": 1347112823,
            "common_shares": 138629906,
            "book_valuer_per_share": 91.91,
            "book_valuer_per_share_4q_avg": 89.31,
            "equity": 1454069427,
            "current_ratio": 154.4,
            "debt_ratio": 57.93,
            "inventory_turnover_ratio": 2.09,
            "account_receivable_turnover_ratio": 1.57,
            "reinvestment_rate": -23.86,
            "research_to_sale_ratio": 1.77,
            "price_fair": 284.99,
            "eps_avg_yearly": 8.14,
            "eps_latest_yearly": 8.12,
            "eps_growth_yearly": 343.84
        },
        "20212": {
            "year_quarter": 20212,
            "year": 2021,
            "quarter": 2,
            "eps": 2.15,
            "eps_growth_year": 30.3,
            "eps_4q": 9.72,
            "eps_4q_growth_year": 30.35,
            "roe": 2.2,
            "roe_4q": 10.55,
            "gross_profit": 81541935,
            "gross_margin": 6.03,
            "gross_margin_4q_avg": 5.93,
            "net_income": 32219685,
            "revenue": 1351466640,
            "common_shares": 138629906,
            "book_valuer_per_share": 94.02,
            "book_valuer_per_share_4q_avg": 91.72,
            "equity": 1480906262,
            "current_ratio": 157.54,
            "debt_ratio": 56.66,
            "inventory_turnover_ratio": 2.18,
            "account_receivable_turnover_ratio": 1.7,
            "reinvestment_rate": -22.56,
            "research_to_sale_ratio": 1.89,
            "price_fair": 294.79,
            "eps_avg_yearly": 8.42,
            "eps_latest_yearly": 8.6,
            "eps_growth_yearly": 354.52
        },
        "20213": {
            "year_quarter": 20213,
            "year": 2021,
            "quarter": 3,
            "eps": 2.67,
            "eps_growth_year": 19.73,
            "eps_4q": 10.16,
            "eps_4q_growth_year": 36.02,
            "roe": 2.63,
            "roe_4q": 10.64,
            "gross_profit": 88586202,
            "gross_margin": 6.3,
            "gross_margin_4q_avg": 5.96,
            "net_income": 39405445,
            "revenue": 1405768278,
            "common_shares": 138629906,
            "book_valuer_per_share": 95.91,
            "book_valuer_per_share_4q_avg": 93.86,
            "equity": 1513154679,
            "current_ratio": 154.94,
            "debt_ratio": 58.53,
            "inventory_turnover_ratio": 2.21,
            "account_receivable_turnover_ratio": 1.61,
            "reinvestment_rate": -17.8,
            "research_to_sale_ratio": 1.84,
            "price_fair": 307.56,
            "eps_avg_yearly": 8.79,
            "eps_latest_yearly": 10.68,
            "eps_growth_yearly": 356.2
        },
        "20214": {
            "year_quarter": 20214,
            "year": 2021,
            "quarter": 4,
            "eps": 3.2,
            "eps_growth_year": -3.44,
            "eps_4q": 10.05,
            "eps_4q_growth_year": 36.86,
            "roe": 3.32,
            "roe_4q": 10.27,
            "gross_profit": 113866364,
            "gross_margin": 6.03,
            "gross_margin_4q_avg": 6.04,
            "net_income": 51218659,
            "revenue": 1889826141,
            "common_shares": 138629906,
            "book_valuer_per_share": 99.59,
            "book_valuer_per_share_4q_avg": 95.36,
            "equity": 1573260118,
            "current_ratio": 151.9,
            "debt_ratio": 59.75,
            "inventory_turnover_ratio": 2.67,
            "account_receivable_turnover_ratio": 1.81,
            "reinvestment_rate": 7.34,
            "research_to_sale_ratio": 1.58,
            "price_fair": 299.34,
            "eps_avg_yearly": 8.55,
            "eps_latest_yearly": 12.8,
            "eps_growth_yearly": 300.62
        },
        "20221": {
            "year_quarter": 20221,
            "year": 2022,
            "quarter": 1,
            "eps": 2.12,
            "eps_growth_year": 4.43,
            "eps_4q": 10.14,
            "eps_4q_growth_year": 9.96,
            "roe": 1.88,
            "roe_4q": 10.03,
            "gross_profit": 84765678,
            "gross_margin": 6.02,
            "gross_margin_4q_avg": 6.1,
            "net_income": 29609427,
            "revenue": 1407553167,
            "common_shares": 138629906,
            "book_valuer_per_share": 100,
            "book_valuer_per_share_4q_avg": 97.38,
            "equity": 1585088086,
            "current_ratio": 151.68,
            "debt_ratio": 59.29,
            "inventory_turnover_ratio": 1.85,
            "account_receivable_turnover_ratio": 1.38,
            "reinvestment_rate": 22.27,
            "research_to_sale_ratio": 1.73,
            "price_fair": 305.73,
            "eps_avg_yearly": 8.74,
            "eps_latest_yearly": 8.48,
            "eps_growth_yearly": 308.79
        },
        "20222": {
            "year_quarter": 20222,
            "year": 2022,
            "quarter": 2,
            "eps": 2.4,
            "eps_growth_year": 11.63,
            "eps_4q": 10.4,
            "eps_4q_growth_year": 6.94,
            "roe": 2.19,
            "roe_4q": 10.02,
            "gross_profit": 96627724,
            "gross_margin": 6.4,
            "gross_margin_4q_avg": 6.19,
            "net_income": 34663715,
            "revenue": 1509810592,
            "common_shares": 138629906,
            "book_valuer_per_share": 100.33,
            "book_valuer_per_share_4q_avg": 98.96,
            "equity": 1585039411,
            "current_ratio": 152.19,
            "debt_ratio": 59.8,
            "inventory_turnover_ratio": 1.88,
            "account_receivable_turnover_ratio": 1.66,
            "reinvestment_rate": 28.6,
            "research_to_sale_ratio": 1.71,
            "price_fair": 317.89,
            "eps_avg_yearly": 9.08,
            "eps_latest_yearly": 9.6,
            "eps_growth_yearly": 318.93
        },
        "20223": {
            "year_quarter": 20223,
            "year": 2022,
            "quarter": 3,
            "eps": 2.8,
            "eps_growth_year": 4.87,
            "eps_4q": 10.53,
            "eps_4q_growth_year": 3.55,
            "roe": 2.58,
            "roe_4q": 9.969999999999999,
            "gross_profit": 107627717,
            "gross_margin": 6.16,
            "gross_margin_4q_avg": 6.15,
            "net_income": 41692840,
            "revenue": 1746604787,
            "common_shares": 138629906,
            "book_valuer_per_share": 104.53,
            "book_valuer_per_share_4q_avg": 101.11,
            "equity": 1648875324,
            "current_ratio": 146.39,
            "debt_ratio": 62.43,
            "inventory_turnover_ratio": 2.01,
            "account_receivable_turnover_ratio": 1.58,
            "reinvestment_rate": 35.32,
            "research_to_sale_ratio": 1.72,
            "price_fair": 328.65,
            "eps_avg_yearly": 9.39,
            "eps_latest_yearly": 11.2,
            "eps_growth_yearly": 309.23
        },
        "20224": {
            "year_quarter": 20224,
            "year": 2022,
            "quarter": 4,
            "eps": 2.88,
            "eps_growth_year": -9.95,
            "eps_4q": 10.21,
            "eps_4q_growth_year": 1.55,
            "roe": 2.73,
            "roe_4q": 9.379999999999999,
            "gross_profit": 111064039,
            "gross_margin": 5.66,
            "gross_margin_4q_avg": 6.06,
            "net_income": 45105567,
            "revenue": 1963028204,
            "common_shares": 138629906,
            "book_valuer_per_share": 104.65,
            "book_valuer_per_share_4q_avg": 102.38,
            "equity": 1650531039,
            "current_ratio": 151.41,
            "debt_ratio": 60.07,
            "inventory_turnover_ratio": 2.04,
            "account_receivable_turnover_ratio": 1.66,
            "reinvestment_rate": 35.59,
            "research_to_sale_ratio": 1.74,
            "price_fair": 314.3,
            "eps_avg_yearly": 8.98,
            "eps_latest_yearly": 11.52,
            "eps_growth_yearly": 262.97
        },
        "20231": {
            "year_quarter": 20231,
            "year": 2023,
            "quarter": 1,
            "eps": 0.93,
            "eps_growth_year": -56.13,
            "eps_4q": 9.01,
            "eps_4q_growth_year": -11.2,
            "roe": 0.84,
            "roe_4q": 8.34,
            "gross_profit": 88334455,
            "gross_margin": 6.04,
            "gross_margin_4q_avg": 6.07,
            "net_income": 13599349,
            "revenue": 1462437334,
            "common_shares": 138629906,
            "book_valuer_per_share": 101.06,
            "book_valuer_per_share_4q_avg": 102.64,
            "equity": 1602758355,
            "current_ratio": 159.47,
            "debt_ratio": 56.2,
            "inventory_turnover_ratio": 1.57,
            "account_receivable_turnover_ratio": 1.62,
            "reinvestment_rate": 28.59,
            "research_to_sale_ratio": 1.64,
            "price_fair": 309.93,
            "eps_avg_yearly": 8.86,
            "eps_latest_yearly": 3.72,
            "eps_growth_yearly": 263.14
        }
    },
    "months": {
        "2001-06": {
            "month": "2001-06",
            "price": "181.15",
            "revenue": 10974949
        },
        "2001-07": {
            "month": "2001-07",
            "price": "152.60",
            "revenue": 11707112
        },
        "2001-08": {
            "month": "2001-08",
            "price": "161.13",
            "revenue": 12602666
        },
        "2001-09": {
            "month": "2001-09",
            "price": "108.97",
            "revenue": 13820628
        },
        "2001-10": {
            "month": "2001-10",
            "price": "119.55",
            "revenue": 14478464
        },
        "2001-11": {
            "month": "2001-11",
            "price": "146.73",
            "revenue": 14562469
        },
        "2001-12": {
            "month": "2001-12",
            "price": "158.14",
            "revenue": 15528979
        },
        "2002-01": {
            "month": "2002-01",
            "price": "177.45",
            "revenue": 13251507
        },
        "2002-02": {
            "month": "2002-02",
            "price": "171.75",
            "revenue": 13082610
        },
        "2002-03": {
            "month": "2002-03",
            "price": "162.71",
            "revenue": 16429458
        },
        "2002-04": {
            "month": "2002-04",
            "price": "155.86",
            "revenue": 17450323
        },
        "2002-05": {
            "month": "2002-05",
            "price": "160.20",
            "revenue": 18446897
        },
        "2002-06": {
            "month": "2002-06",
            "price": "152.95",
            "revenue": 21676323
        },
        "2002-07": {
            "month": "2002-07",
            "price": "141.33",
            "revenue": 21436878
        },
        "2002-08": {
            "month": "2002-08",
            "price": "129.91",
            "revenue": 20010930
        },
        "2002-09": {
            "month": "2002-09",
            "price": "121.75",
            "revenue": 22619608
        },
        "2002-10": {
            "month": "2002-10",
            "price": "122.07",
            "revenue": 23489283
        },
        "2002-11": {
            "month": "2002-11",
            "price": "129.48",
            "revenue": 28093468
        },
        "2002-12": {
            "month": "2002-12",
            "price": "126.39",
            "revenue": 29015099
        },
        "2003-01": {
            "month": "2003-01",
            "price": "123.53",
            "revenue": 21617963
        },
        "2003-02": {
            "month": "2003-02",
            "price": "111.78",
            "revenue": 16821426
        },
        "2003-03": {
            "month": "2003-03",
            "price": "114.31",
            "revenue": 22115918
        },
        "2003-04": {
            "month": "2003-04",
            "price": "113.66",
            "revenue": 20523532
        },
        "2003-05": {
            "month": "2003-05",
            "price": "112.19",
            "revenue": 18484936
        },
        "2003-06": {
            "month": "2003-06",
            "price": "124.52",
            "revenue": 22317440
        },
        "2003-07": {
            "month": "2003-07",
            "price": "146.15",
            "revenue": 28039485
        },
        "2003-08": {
            "month": "2003-08",
            "price": "137.02",
            "revenue": 33567761
        },
        "2003-09": {
            "month": "2003-09",
            "price": "149.50",
            "revenue": 36584888
        },
        "2003-10": {
            "month": "2003-10",
            "price": "154.36",
            "revenue": 37123162
        },
        "2003-11": {
            "month": "2003-11",
            "price": "146.32",
            "revenue": 35402896
        },
        "2003-12": {
            "month": "2003-12",
            "price": "134.57",
            "revenue": 35307666
        },
        "2004-01": {
            "month": "2004-01",
            "price": "146.97",
            "revenue": 25513401
        },
        "2004-02": {
            "month": "2004-02",
            "price": "149.30",
            "revenue": 25591915
        },
        "2004-03": {
            "month": "2004-03",
            "price": "143.59",
            "revenue": 27321276
        },
        "2004-04": {
            "month": "2004-04",
            "price": "144.64",
            "revenue": 29124363
        },
        "2004-05": {
            "month": "2004-05",
            "price": "130.31",
            "revenue": 28015871
        },
        "2004-06": {
            "month": "2004-06",
            "price": "126.88",
            "revenue": 30488147
        },
        "2004-07": {
            "month": "2004-07",
            "price": "118.84",
            "revenue": 33020689
        },
        "2004-08": {
            "month": "2004-08",
            "price": "118.48",
            "revenue": 36441057
        },
        "2004-09": {
            "month": "2004-09",
            "price": "116.45",
            "revenue": 41105779
        },
        "2004-10": {
            "month": "2004-10",
            "price": "120.68",
            "revenue": 45112158
        },
        "2004-11": {
            "month": "2004-11",
            "price": "128.84",
            "revenue": 43660646
        },
        "2004-12": {
            "month": "2004-12",
            "price": "136.78",
            "revenue": 47956469
        },
        "2005-01": {
            "month": "2005-01",
            "price": "137.67",
            "revenue": 44199384
        },
        "2005-02": {
            "month": "2005-02",
            "price": "143.50",
            "revenue": 39591637
        },
        "2005-03": {
            "month": "2005-03",
            "price": "142.15",
            "revenue": 50809548
        },
        "2005-04": {
            "month": "2005-04",
            "price": "142.35",
            "revenue": 50005561
        },
        "2005-05": {
            "month": "2005-05",
            "price": "152.17",
            "revenue": 44502279
        },
        "2005-06": {
            "month": "2005-06",
            "price": "166.41",
            "revenue": 47204225
        },
        "2005-07": {
            "month": "2005-07",
            "price": "174.88",
            "revenue": 45679143
        },
        "2005-08": {
            "month": "2005-08",
            "price": "173.80",
            "revenue": 50695306
        },
        "2005-09": {
            "month": "2005-09",
            "price": "152.26",
            "revenue": 68016512
        },
        "2005-10": {
            "month": "2005-10",
            "price": "147.62",
            "revenue": 78082050
        },
        "2005-11": {
            "month": "2005-11",
            "price": "161.16",
            "revenue": 73052676
        },
        "2005-12": {
            "month": "2005-12",
            "price": "177.43",
            "revenue": 83818503
        },
        "2006-01": {
            "month": "2006-01",
            "price": "204.94",
            "revenue": 67170690
        },
        "2006-02": {
            "month": "2006-02",
            "price": "206.97",
            "revenue": 50582636
        },
        "2006-03": {
            "month": "2006-03",
            "price": "198.48",
            "revenue": 56976226
        },
        "2006-04": {
            "month": "2006-04",
            "price": "212.58",
            "revenue": 62091214
        },
        "2006-05": {
            "month": "2006-05",
            "price": "216.90",
            "revenue": 57638952
        },
        "2006-06": {
            "month": "2006-06",
            "price": "197.77",
            "revenue": 66108309
        },
        "2006-07": {
            "month": "2006-07",
            "price": "191.57",
            "revenue": 69195341
        },
        "2006-08": {
            "month": "2006-08",
            "price": "192.96",
            "revenue": 71434009
        },
        "2006-09": {
            "month": "2006-09",
            "price": "199.81",
            "revenue": 88765462
        },
        "2006-10": {
            "month": "2006-10",
            "price": "213.00",
            "revenue": 91492644
        },
        "2006-11": {
            "month": "2006-11",
            "price": "232.57",
            "revenue": 92418450
        },
        "2006-12": {
            "month": "2006-12",
            "price": "231.69",
            "revenue": 94411923
        },
        "2007-01": {
            "month": "2007-01",
            "price": "240.64",
            "revenue": 87609866
        },
        "2007-02": {
            "month": "2007-02",
            "price": "228.71",
            "revenue": 71585225
        },
        "2007-03": {
            "month": "2007-03",
            "price": "216.70",
            "revenue": 87692679
        },
        "2007-04": {
            "month": "2007-04",
            "price": "222.15",
            "revenue": 84531583
        },
        "2007-05": {
            "month": "2007-05",
            "price": "239.80",
            "revenue": 85138325
        },
        "2007-06": {
            "month": "2007-06",
            "price": "271.62",
            "revenue": 94112391
        },
        "2007-07": {
            "month": "2007-07",
            "price": "286.00",
            "revenue": 96550330
        },
        "2007-08": {
            "month": "2007-08",
            "price": "262.89",
            "revenue": 100367172
        },
        "2007-09": {
            "month": "2007-09",
            "price": "239.00",
            "revenue": 115161406
        },
        "2007-10": {
            "month": "2007-10",
            "price": "247.39",
            "revenue": 131169660
        },
        "2007-11": {
            "month": "2007-11",
            "price": "210.05",
            "revenue": 133586568
        },
        "2007-12": {
            "month": "2007-12",
            "price": "194.48",
            "revenue": 149341832
        },
        "2008-01": {
            "month": "2008-01",
            "price": "172.23",
            "revenue": 105135678
        },
        "2008-02": {
            "month": "2008-02",
            "price": "178.61",
            "revenue": 92480842
        },
        "2008-03": {
            "month": "2008-03",
            "price": "178.57",
            "revenue": 104203690
        },
        "2008-04": {
            "month": "2008-04",
            "price": "181.48",
            "revenue": 102865470
        },
        "2008-05": {
            "month": "2008-05",
            "price": "172.33",
            "revenue": 103231456
        },
        "2008-06": {
            "month": "2008-06",
            "price": "169.26",
            "revenue": 107481619
        },
        "2008-07": {
            "month": "2008-07",
            "price": "145.50",
            "revenue": 130271809
        },
        "2008-08": {
            "month": "2008-08",
            "price": "163.02",
            "revenue": 143570491
        },
        "2008-09": {
            "month": "2008-09",
            "price": "133.86",
            "revenue": 157372024
        },
        "2008-10": {
            "month": "2008-10",
            "price": "88.43",
            "revenue": 169378892
        },
        "2008-11": {
            "month": "2008-11",
            "price": "64.48",
            "revenue": 134898242
        },
        "2008-12": {
            "month": "2008-12",
            "price": "63.87",
            "revenue": 122152793
        },
        "2009-01": {
            "month": "2009-01",
            "price": "64.06",
            "revenue": 92395325
        },
        "2009-02": {
            "month": "2009-02",
            "price": "64.28",
            "revenue": 82728252
        },
        "2009-03": {
            "month": "2009-03",
            "price": "72.99",
            "revenue": 102874819
        },
        "2009-04": {
            "month": "2009-04",
            "price": "86.39",
            "revenue": 94407566
        },
        "2009-05": {
            "month": "2009-05",
            "price": "112.58",
            "revenue": 91669175
        },
        "2009-06": {
            "month": "2009-06",
            "price": "104.72",
            "revenue": 128007385
        },
        "2009-07": {
            "month": "2009-07",
            "price": "109.20",
            "revenue": 128159946
        },
        "2009-08": {
            "month": "2009-08",
            "price": "108.42",
            "revenue": 108244290
        },
        "2009-09": {
            "month": "2009-09",
            "price": "124.95",
            "revenue": 149438869
        },
        "2009-10": {
            "month": "2009-10",
            "price": "130.45",
            "revenue": 162133193
        },
        "2009-11": {
            "month": "2009-11",
            "price": "134.64",
            "revenue": 147392102
        },
        "2009-12": {
            "month": "2009-12",
            "price": "142.09",
            "revenue": 133122131
        },
        "2010-01": {
            "month": "2010-01",
            "price": "145.55",
            "revenue": 136337191
        },
        "2010-02": {
            "month": "2010-02",
            "price": "133.29",
            "revenue": 121469131
        },
        "2010-03": {
            "month": "2010-03",
            "price": "136.46",
            "revenue": 156966787
        },
        "2010-04": {
            "month": "2010-04",
            "price": "143.74",
            "revenue": 153858517
        },
        "2010-05": {
            "month": "2010-05",
            "price": "137.14",
            "revenue": 163262344
        },
        "2010-06": {
            "month": "2010-06",
            "price": "120.50",
            "revenue": 197414420
        },
        "2010-07": {
            "month": "2010-07",
            "price": "121.55",
            "revenue": 196166111
        },
        "2010-08": {
            "month": "2010-08",
            "price": "129.93",
            "revenue": 214805140
        },
        "2010-09": {
            "month": "2010-09",
            "price": "113.40",
            "revenue": 253476104
        },
        "2010-10": {
            "month": "2010-10",
            "price": "115.64",
            "revenue": 242909232
        },
        "2010-11": {
            "month": "2010-11",
            "price": "113.89",
            "revenue": 231780610
        },
        "2010-12": {
            "month": "2010-12",
            "price": "114.65",
            "revenue": 244683538
        },
        "2011-01": {
            "month": "2011-01",
            "price": "116.98",
            "revenue": 186234120
        },
        "2011-02": {
            "month": "2011-02",
            "price": "115.11",
            "revenue": 152878333
        },
        "2011-03": {
            "month": "2011-03",
            "price": "108.78",
            "revenue": 214899498
        },
        "2011-04": {
            "month": "2011-04",
            "price": "107.63",
            "revenue": 204940425
        },
        "2011-05": {
            "month": "2011-05",
            "price": "104.93",
            "revenue": 200561272
        },
        "2011-06": {
            "month": "2011-06",
            "price": "99.18",
            "revenue": 228400770
        },
        "2011-07": {
            "month": "2011-07",
            "price": "93.00",
            "revenue": 229449899
        },
        "2011-08": {
            "month": "2011-08",
            "price": "71.98",
            "revenue": 214430246
        },
        "2011-09": {
            "month": "2011-09",
            "price": "71.00",
            "revenue": 221780206
        },
        "2011-10": {
            "month": "2011-10",
            "price": "74.31",
            "revenue": 295542734
        },
        "2011-11": {
            "month": "2011-11",
            "price": "81.11",
            "revenue": 307196126
        },
        "2011-12": {
            "month": "2011-12",
            "price": "81.35",
            "revenue": 316944287
        },
        "2012-01": {
            "month": "2012-01",
            "price": "86.03",
            "revenue": 274663333
        },
        "2012-02": {
            "month": "2012-02",
            "price": "99.32",
            "revenue": 236551454
        },
        "2012-03": {
            "month": "2012-03",
            "price": "104.33",
            "revenue": 278728101
        },
        "2012-04": {
            "month": "2012-04",
            "price": "107.53",
            "revenue": 251736194
        },
        "2012-05": {
            "month": "2012-05",
            "price": "86.82",
            "revenue": 241088217
        },
        "2012-06": {
            "month": "2012-06",
            "price": "84.84",
            "revenue": 236829407
        },
        "2012-07": {
            "month": "2012-07",
            "price": "87.58",
            "revenue": 248694832
        },
        "2012-08": {
            "month": "2012-08",
            "price": "85.61",
            "revenue": 222312278
        },
        "2012-09": {
            "month": "2012-09",
            "price": "92.66",
            "revenue": 240536665
        },
        "2012-10": {
            "month": "2012-10",
            "price": "87.61",
            "revenue": 275702457
        },
        "2012-11": {
            "month": "2012-11",
            "price": "90.45",
            "revenue": 351733052
        },
        "2012-12": {
            "month": "2012-12",
            "price": "91.41",
            "revenue": 360944136
        },
        "2013-01": {
            "month": "2013-01",
            "price": "85.82",
            "revenue": 313527033
        },
        "2013-02": {
            "month": "2013-02",
            "price": "83.28",
            "revenue": 235059730
        },
        "2013-03": {
            "month": "2013-03",
            "price": "81.57",
            "revenue": 260382567
        },
        "2013-04": {
            "month": "2013-04",
            "price": "78.63",
            "revenue": 291758983
        },
        "2013-05": {
            "month": "2013-05",
            "price": "78.08",
            "revenue": 300471866
        },
        "2013-06": {
            "month": "2013-06",
            "price": "73.25",
            "revenue": 304636671
        },
        "2013-07": {
            "month": "2013-07",
            "price": "76.74",
            "revenue": 300252609
        },
        "2013-08": {
            "month": "2013-08",
            "price": "78.89",
            "revenue": 280428415
        },
        "2013-09": {
            "month": "2013-09",
            "price": "77.55",
            "revenue": 337862387
        },
        "2013-10": {
            "month": "2013-10",
            "price": "74.98",
            "revenue": 382620610
        },
        "2013-11": {
            "month": "2013-11",
            "price": "75.05",
            "revenue": 456186788
        },
        "2013-12": {
            "month": "2013-12",
            "price": "78.93",
            "revenue": 490931771
        },
        "2014-01": {
            "month": "2014-01",
            "price": "82.32",
            "revenue": 314551279
        },
        "2014-02": {
            "month": "2014-02",
            "price": "82.71",
            "revenue": 260625536
        },
        "2014-03": {
            "month": "2014-03",
            "price": "85.09",
            "revenue": 307819243
        },
        "2014-04": {
            "month": "2014-04",
            "price": "87.08",
            "revenue": 294441622
        },
        "2014-05": {
            "month": "2014-05",
            "price": "90.24",
            "revenue": 267966271
        },
        "2014-06": {
            "month": "2014-06",
            "price": "94.93",
            "revenue": 316993273
        },
        "2014-07": {
            "month": "2014-07",
            "price": "106.45",
            "revenue": 260217686
        },
        "2014-08": {
            "month": "2014-08",
            "price": "106.17",
            "revenue": 275084930
        },
        "2014-09": {
            "month": "2014-09",
            "price": "100.12",
            "revenue": 415412293
        },
        "2014-10": {
            "month": "2014-10",
            "price": "95.30",
            "revenue": 468999424
        },
        "2014-11": {
            "month": "2014-11",
            "price": "96.86",
            "revenue": 514793265
        },
        "2014-12": {
            "month": "2014-12",
            "price": "89.22",
            "revenue": 515569088
        },
        "2015-01": {
            "month": "2015-01",
            "price": "86.12",
            "revenue": 396005475
        },
        "2015-02": {
            "month": "2015-02",
            "price": "86.50",
            "revenue": 280021542
        },
        "2015-03": {
            "month": "2015-03",
            "price": "89.87",
            "revenue": 338297389
        },
        "2015-04": {
            "month": "2015-04",
            "price": "93.00",
            "revenue": 352467560
        },
        "2015-05": {
            "month": "2015-05",
            "price": "95.32",
            "revenue": 301599386
        },
        "2015-06": {
            "month": "2015-06",
            "price": "96.06",
            "revenue": 318555965
        },
        "2015-07": {
            "month": "2015-07",
            "price": "94.22",
            "revenue": 312192660
        },
        "2015-08": {
            "month": "2015-08",
            "price": "87.50",
            "revenue": 292915013
        },
        "2015-09": {
            "month": "2015-09",
            "price": "85.02",
            "revenue": 460903278
        },
        "2015-10": {
            "month": "2015-10",
            "price": "87.03",
            "revenue": 502963649
        },
        "2015-11": {
            "month": "2015-11",
            "price": "85.37",
            "revenue": 517519561
        },
        "2015-12": {
            "month": "2015-12",
            "price": "82.31",
            "revenue": 409654099
        },
        "2016-01": {
            "month": "2016-01",
            "price": "76.27",
            "revenue": 337605177
        },
        "2016-02": {
            "month": "2016-02",
            "price": "77.20",
            "revenue": 280647668
        },
        "2016-03": {
            "month": "2016-03",
            "price": "82.92",
            "revenue": 339621426
        },
        "2016-04": {
            "month": "2016-04",
            "price": "81.06",
            "revenue": 322388621
        },
        "2016-05": {
            "month": "2016-05",
            "price": "75.66",
            "revenue": 295411010
        },
        "2016-06": {
            "month": "2016-06",
            "price": "80.77",
            "revenue": 305011247
        },
        "2016-07": {
            "month": "2016-07",
            "price": "85.22",
            "revenue": 293000389
        },
        "2016-08": {
            "month": "2016-08",
            "price": "87.71",
            "revenue": 312697365
        },
        "2016-09": {
            "month": "2016-09",
            "price": "79.27",
            "revenue": 468361676
        },
        "2016-10": {
            "month": "2016-10",
            "price": "82.47",
            "revenue": 471933062
        },
        "2016-11": {
            "month": "2016-11",
            "price": "81.26",
            "revenue": 480671537
        },
        "2016-12": {
            "month": "2016-12",
            "price": "83.35",
            "revenue": 449639072
        },
        "2017-01": {
            "month": "2017-01",
            "price": "83.87",
            "revenue": 345331557
        },
        "2017-02": {
            "month": "2017-02",
            "price": "88.71",
            "revenue": 289580345
        },
        "2017-03": {
            "month": "2017-03",
            "price": "90.52",
            "revenue": 341690438
        },
        "2017-04": {
            "month": "2017-04",
            "price": "97.23",
            "revenue": 322787873
        },
        "2017-05": {
            "month": "2017-05",
            "price": "102.68",
            "revenue": 279845611
        },
        "2017-06": {
            "month": "2017-06",
            "price": "109.20",
            "revenue": 315139646
        },
        "2017-07": {
            "month": "2017-07",
            "price": "116.24",
            "revenue": 315057364
        },
        "2017-08": {
            "month": "2017-08",
            "price": "116.76",
            "revenue": 316793293
        },
        "2017-09": {
            "month": "2017-09",
            "price": "111.64",
            "revenue": 451040000
        },
        "2017-10": {
            "month": "2017-10",
            "price": "109.42",
            "revenue": 485457987
        },
        "2017-11": {
            "month": "2017-11",
            "price": "106.64",
            "revenue": 569599639
        },
        "2017-12": {
            "month": "2017-12",
            "price": "93.99",
            "revenue": 675141430
        },
        "2018-01": {
            "month": "2018-01",
            "price": "93.80",
            "revenue": 400606784
        },
        "2018-02": {
            "month": "2018-02",
            "price": "89.75",
            "revenue": 277815099
        },
        "2018-03": {
            "month": "2018-03",
            "price": "90.97",
            "revenue": 349154840
        },
        "2018-04": {
            "month": "2018-04",
            "price": "84.87",
            "revenue": 343987825
        },
        "2018-05": {
            "month": "2018-05",
            "price": "84.39",
            "revenue": 347103612
        },
        "2018-06": {
            "month": "2018-06",
            "price": "85.13",
            "revenue": 389889521
        },
        "2018-07": {
            "month": "2018-07",
            "price": "82.75",
            "revenue": 395590580
        },
        "2018-08": {
            "month": "2018-08",
            "price": "82.43",
            "revenue": 396784599
        },
        "2018-09": {
            "month": "2018-09",
            "price": "77.56",
            "revenue": 584929050
        },
        "2018-10": {
            "month": "2018-10",
            "price": "74.77",
            "revenue": 589734622
        },
        "2018-11": {
            "month": "2018-11",
            "price": "74.32",
            "revenue": 601441398
        },
        "2018-12": {
            "month": "2018-12",
            "price": "70.97",
            "revenue": 619315527
        },
        "2019-01": {
            "month": "2019-01",
            "price": "69.83",
            "revenue": 414095017
        },
        "2019-02": {
            "month": "2019-02",
            "price": "72.15",
            "revenue": 265632525
        },
        "2019-03": {
            "month": "2019-03",
            "price": "71.79",
            "revenue": 376604602
        },
        "2019-04": {
            "month": "2019-04",
            "price": "86.32",
            "revenue": 379786358
        },
        "2019-05": {
            "month": "2019-05",
            "price": "78.13",
            "revenue": 384217278
        },
        "2019-06": {
            "month": "2019-06",
            "price": "74.92",
            "revenue": 396537313
        },
        "2019-07": {
            "month": "2019-07",
            "price": "78.82",
            "revenue": 398012063
        },
        "2019-08": {
            "month": "2019-08",
            "price": "73.17",
            "revenue": 398815197
        },
        "2019-09": {
            "month": "2019-09",
            "price": "74.51",
            "revenue": 587790037
        },
        "2019-10": {
            "month": "2019-10",
            "price": "76.58",
            "revenue": 595882399
        },
        "2019-11": {
            "month": "2019-11",
            "price": "90.07",
            "revenue": 602646218
        },
        "2019-12": {
            "month": "2019-12",
            "price": "90.88",
            "revenue": 539507164
        },
        "2020-01": {
            "month": "2020-01",
            "price": "89.00",
            "revenue": 364565505
        },
        "2020-02": {
            "month": "2020-02",
            "price": "82.79",
            "revenue": 217460379
        },
        "2020-03": {
            "month": "2020-03",
            "price": "74.09",
            "revenue": 347654242
        },
        "2020-04": {
            "month": "2020-04",
            "price": "73.99",
            "revenue": 380925137
        },
        "2020-05": {
            "month": "2020-05",
            "price": "75.60",
            "revenue": 386980506
        },
        "2020-06": {
            "month": "2020-06",
            "price": "79.45",
            "revenue": 360531936
        },
        "2020-07": {
            "month": "2020-07",
            "price": "84.12",
            "revenue": 403325650
        },
        "2020-08": {
            "month": "2020-08",
            "price": "78.70",
            "revenue": 420545724
        },
        "2020-09": {
            "month": "2020-09",
            "price": "77.44",
            "revenue": 466362634
        },
        "2020-10": {
            "month": "2020-10",
            "price": "79.04",
            "revenue": 612553870
        },
        "2020-11": {
            "month": "2020-11",
            "price": "81.43",
            "revenue": 681375475
        },
        "2020-12": {
            "month": "2020-12",
            "price": "87.85",
            "revenue": 713780191
        },
        "2021-01": {
            "month": "2021-01",
            "price": "112.67",
            "revenue": 500218095
        },
        "2021-02": {
            "month": "2021-02",
            "price": "113.23",
            "revenue": 401893348
        },
        "2021-03": {
            "month": "2021-03",
            "price": "122.02",
            "revenue": 441217054
        },
        "2021-04": {
            "month": "2021-04",
            "price": "120.42",
            "revenue": 500490784
        },
        "2021-05": {
            "month": "2021-05",
            "price": "108.72",
            "revenue": 455034482
        },
        "2021-06": {
            "month": "2021-06",
            "price": "111.55",
            "revenue": 401616787
        },
        "2021-07": {
            "month": "2021-07",
            "price": "113.89",
            "revenue": 418015118
        },
        "2021-08": {
            "month": "2021-08",
            "price": "108.98",
            "revenue": 400048695
        },
        "2021-09": {
            "month": "2021-09",
            "price": "108.02",
            "revenue": 585731112
        },
        "2021-10": {
            "month": "2021-10",
            "price": "106.50",
            "revenue": 550890889
        },
        "2021-11": {
            "month": "2021-11",
            "price": "106.80",
            "revenue": 621713098
        },
        "2021-12": {
            "month": "2021-12",
            "price": "104.68",
            "revenue": 660684115
        },
        "2022-01": {
            "month": "2022-01",
            "price": "104.17",
            "revenue": 445750368
        },
        "2022-02": {
            "month": "2022-02",
            "price": "104.90",
            "revenue": 455025496
        },
        "2022-03": {
            "month": "2022-03",
            "price": "104.13",
            "revenue": 507394648
        },
        "2022-04": {
            "month": "2022-04",
            "price": "102.61",
            "revenue": 486464046
        },
        "2022-05": {
            "month": "2022-05",
            "price": "106.24",
            "revenue": 497774765
        },
        "2022-06": {
            "month": "2022-06",
            "price": "111.83",
            "revenue": 526195533
        },
        "2022-07": {
            "month": "2022-07",
            "price": "104.45",
            "revenue": 475099076
        },
        "2022-08": {
            "month": "2022-08",
            "price": "109.93",
            "revenue": 448906316
        },
        "2022-09": {
            "month": "2022-09",
            "price": "106.36",
            "revenue": 822323447
        },
        "2022-10": {
            "month": "2022-10",
            "price": "103.98",
            "revenue": 776576519
        },
        "2022-11": {
            "month": "2022-11",
            "price": "100.80",
            "revenue": 551092114
        },
        "2022-12": {
            "month": "2022-12",
            "price": "101.60",
            "revenue": 629339433
        },
        "2023-01": {
            "month": "2023-01",
            "price": "98.65",
            "revenue": 660363151
        },
        "2023-02": {
            "month": "2023-02",
            "price": "101.59",
            "revenue": 402035366
        },
        "2023-03": {
            "month": "2023-03",
            "price": "103.22",
            "revenue": 400293029
        },
        "2023-04": {
            "month": "2023-04",
            "price": "103.65",
            "revenue": 429219228
        },
        "2023-05": {
            "month": "2023-05",
            "price": "104.18",
            "revenue": 450725682
        }
    }
}
