{
    "summary": {
        "stock_name": "東訊",
        "stock_id": "2321",
        "category": "通信網路",
        "main_business": "局用傳輸設備<br>用戶端交換系統<br>代理行動電話系列產品",
        "website_url": "http://www.tecom.com.tw",
        "ceo": "田瑛睿",
        "pe_ratio": -23,
        "report_year_from": 2001,
        "report_year_to": 2023,
        "age": 22,
        "eps_negative_percentage": 57,
        "eps_growth_avg": {
            "last_all": -10.68,
            "last_2y": 36.36,
            "last_4y": 36.36,
            "last_8y": -54.55,
            "last_12y": -54.55,
            "last_16y": -52.41,
            "last_20y": -10.68,
            "at_2006_last_3y": 44.05,
            "at_2007_last_3y": 0.01,
            "at_2008_last_3y": -33.32,
            "at_2009_last_3y": -49.2,
            "at_2010_last_3y": -100,
            "at_2011_last_3y": null,
            "at_2012_last_3y": null,
            "at_2013_last_3y": null,
            "at_2014_last_3y": -100,
            "at_2015_last_3y": -100,
            "at_2016_last_3y": -100,
            "at_2017_last_3y": -100,
            "at_2018_last_3y": -100,
            "at_2019_last_3y": -100,
            "at_2020_last_3y": -100,
            "at_2021_last_3y": null,
            "at_2022_last_3y": 36.36,
            "at_2023_last_3y": 36.36,
            "at_2006_last_all": 33.5,
            "at_2007_last_all": 11.25,
            "at_2008_last_all": 11.25,
            "at_2009_last_all": 11.25,
            "at_2010_last_all": 11.25,
            "at_2011_last_all": 11.25,
            "at_2012_last_all": 11.25,
            "at_2013_last_all": 11.25,
            "at_2014_last_all": -4.64,
            "at_2015_last_all": -4.64,
            "at_2016_last_all": -4.64,
            "at_2017_last_all": -16.56,
            "at_2018_last_all": -16.56,
            "at_2019_last_all": -16.56,
            "at_2020_last_all": -16.56,
            "at_2021_last_all": -16.56,
            "at_2022_last_all": -10.68,
            "at_2023_last_all": -10.68
        },
        "latest_eps": -0.81,
        "latest_price": 18.6,
        "latest_roe": 2.23,
        "latest_gross_margin": 27.95,
        "latest_equity": 484822,
        "latest_revenue": 181254,
        "latest_gross_profit": 50666,
        "latest_net_income": -14432,
        "latest_debt_ratio": 71.85,
        "latest_current_ratio": 122.76,
        "latest_account_receivable_turnover_ratio": 1.02,
        "latest_inventory_turnover_ratio": 0.68,
        "latest_reinvestment_rate": null,
        "latest_research_to_sale_ratio": 10.76
    },
    "eps_dividends": {
        "1991": {
            "cash": 0.6,
            "stock": 6,
            "eps": 0
        },
        "1992": {
            "cash": 0.5,
            "stock": 3,
            "eps": 0
        },
        "1993": {
            "cash": 0,
            "stock": 1,
            "eps": 0
        },
        "1994": {
            "cash": 0.5,
            "stock": 0.5,
            "eps": 0
        },
        "1995": {
            "cash": 0,
            "stock": 1.2,
            "eps": 0
        },
        "1996": {
            "cash": 0,
            "stock": 1.4,
            "eps": 0
        },
        "1997": {
            "cash": 0.7,
            "stock": 0.5,
            "eps": 0
        },
        "1998": {
            "cash": 0.4,
            "stock": 1,
            "eps": 0
        },
        "1999": {
            "cash": 0,
            "stock": 1.3,
            "eps": 0
        },
        "2000": {
            "cash": 2,
            "stock": 2,
            "eps": 0
        },
        "2001": {
            "cash": 0,
            "stock": 0,
            "eps": 0.23
        },
        "2002": {
            "cash": 0.5,
            "stock": 0.5,
            "eps": 0.21
        },
        "2003": {
            "cash": 0.3,
            "stock": 0.3,
            "eps": 0.37
        },
        "2004": {
            "cash": 0.4,
            "stock": 0,
            "eps": 1.27
        },
        "2005": {
            "cash": 0.8,
            "stock": 0,
            "eps": 1.25
        },
        "2006": {
            "cash": 0.8,
            "stock": 0,
            "eps": 1.27
        },
        "2007": {
            "cash": 0.8,
            "stock": 0,
            "eps": -2.51
        },
        "2008": {
            "cash": 0,
            "stock": 0,
            "eps": -2.49
        },
        "2009": {
            "cash": 0,
            "stock": 0,
            "eps": -1.99
        },
        "2010": {
            "cash": 0,
            "stock": 0,
            "eps": -1.96
        },
        "2011": {
            "cash": 0,
            "stock": 0,
            "eps": -1.95
        },
        "2012": {
            "cash": 0,
            "stock": 0,
            "eps": -2.26
        },
        "2013": {
            "cash": 0,
            "stock": 0,
            "eps": 0.02
        },
        "2014": {
            "cash": 0,
            "stock": 0,
            "eps": -0.3
        },
        "2015": {
            "cash": 0,
            "stock": 0,
            "eps": -0.28
        },
        "2016": {
            "cash": 0,
            "stock": 0,
            "eps": 0.16
        },
        "2017": {
            "cash": 0,
            "stock": 0,
            "eps": -0.22
        },
        "2018": {
            "cash": 0,
            "stock": 0,
            "eps": -0.22
        },
        "2019": {
            "cash": 0,
            "stock": 0,
            "eps": -0.79
        },
        "2020": {
            "cash": 0,
            "stock": 0,
            "eps": -0.48
        },
        "2021": {
            "cash": 0,
            "stock": 0,
            "eps": 0.11
        },
        "2022": {
            "cash": 0,
            "stock": 0,
            "eps": 0.15
        },
        "2023": {
            "cash": 0,
            "stock": 0,
            "eps": -1.32
        }
    },
    "dividends": {
        "1991-03-22": {
            "cash": 0.6,
            "stock": 6
        },
        "1992-04-28": {
            "cash": 0.5,
            "stock": 3
        },
        "1993-06-08": {
            "cash": 0,
            "stock": 1
        },
        "1994-06-03": {
            "cash": 0.5,
            "stock": 0.5
        },
        "1995-06-06": {
            "cash": 0,
            "stock": 1.2
        },
        "1996-06-14": {
            "cash": 0,
            "stock": 1.4
        },
        "1997-05-29": {
            "cash": 0.7,
            "stock": 0.5
        },
        "1998-05-26": {
            "cash": 0.4,
            "stock": 1
        },
        "1999-05-20": {
            "cash": 0,
            "stock": 1.3
        },
        "2000-05-11": {
            "cash": 2,
            "stock": 2
        },
        "2002-06-11": {
            "cash": 0.5,
            "stock": 0.5
        },
        "2003-03-04": {
            "cash": 0.3,
            "stock": 0.3
        },
        "2004-03-10": {
            "cash": 0.4,
            "stock": 0
        },
        "2005-03-04": {
            "cash": 0.8,
            "stock": 0
        },
        "2006-03-17": {
            "cash": 0.8,
            "stock": 0
        },
        "2007-03-12": {
            "cash": 0.8,
            "stock": 0
        }
    },
    "prices": {
        "200101": "31.62",
        "200102": "41.20",
        "200103": "40.55",
        "200104": "38.49",
        "200105": "29.19",
        "200106": "27.78",
        "200107": "23.35",
        "200108": "23.51",
        "200109": "18.23",
        "200110": "16.99",
        "200111": "18.42",
        "200112": "22.92",
        "200201": "30.70",
        "200202": "30.96",
        "200203": "30.60",
        "200204": "30.47",
        "200205": "23.36",
        "200206": "21.68",
        "200207": "18.97",
        "200208": "18.43",
        "200209": "16.98",
        "200210": "15.13",
        "200211": "15.78",
        "200212": "14.89",
        "200301": "15.56",
        "200302": "14.99",
        "200303": "13.31",
        "200304": "12.52",
        "200305": "11.40",
        "200306": "13.08",
        "200307": "13.80",
        "200308": "12.40",
        "200309": "11.87",
        "200310": "12.13",
        "200311": "12.45",
        "200312": "13.69",
        "200401": "13.63",
        "200402": "15.46",
        "200403": "17.69",
        "200404": "18.16",
        "200405": "13.67",
        "200406": "12.81",
        "200407": "13.16",
        "200408": "14.38",
        "200409": "15.64",
        "200410": "15.62",
        "200411": "15.31",
        "200412": "15.48",
        "200501": "15.09",
        "200502": "15.00",
        "200503": "15.72",
        "200504": "15.23",
        "200505": "14.57",
        "200506": "15.37",
        "200507": "15.27",
        "200508": "13.96",
        "200509": "13.17",
        "200510": "12.46",
        "200511": "12.69",
        "200512": "14.08",
        "200601": "14.15",
        "200602": "13.50",
        "200603": "13.68",
        "200604": "14.50",
        "200605": "14.85",
        "200606": "12.90",
        "200607": "12.59",
        "200608": "12.64",
        "200609": "12.55",
        "200610": "13.14",
        "200611": "13.66",
        "200612": "14.08",
        "200701": "14.42",
        "200702": "14.27",
        "200703": "13.88",
        "200704": "15.13",
        "200705": "15.88",
        "200706": "19.01",
        "200707": "22.59",
        "200708": "28.80",
        "200709": "27.77",
        "200710": "28.82",
        "200711": "23.63",
        "200712": "20.25",
        "200801": "17.37",
        "200802": "15.68",
        "200803": "18.09",
        "200804": "21.91",
        "200805": "22.05",
        "200806": "19.68",
        "200807": "16.91",
        "200808": "16.17",
        "200809": "11.08",
        "200810": "11.81",
        "200811": "10.74",
        "200812": "10.79",
        "200901": "11.17",
        "200902": "10.16",
        "200903": "11.46",
        "200904": "13.60",
        "200905": "13.95",
        "200906": "14.89",
        "200907": "13.67",
        "200908": "12.55",
        "200909": "12.37",
        "200910": "12.86",
        "200911": "12.67",
        "200912": "13.27",
        "201001": "13.68",
        "201002": "11.24",
        "201003": "11.89",
        "201004": "11.66",
        "201005": "9.38",
        "201006": "10.01",
        "201007": "10.06",
        "201008": "9.95",
        "201009": "9.39",
        "201010": "9.76",
        "201011": "8.94",
        "201012": "8.95",
        "201101": "9.26",
        "201102": "8.94",
        "201103": "8.18",
        "201104": "7.80",
        "201105": "5.05",
        "201106": "3.95",
        "201107": "3.58",
        "201108": "2.98",
        "201109": "3.00",
        "201110": "2.79",
        "201111": "2.18",
        "201112": "1.95",
        "201201": "2.94",
        "201202": "3.50",
        "201203": "3.13",
        "201204": "2.81",
        "201205": "2.37",
        "201206": "2.10",
        "201207": "1.82",
        "201208": "1.64",
        "201209": "2.27",
        "201210": "2.10",
        "201211": "1.81",
        "201212": "1.73",
        "201301": "2.05",
        "201302": "2.08",
        "201303": "1.88",
        "201304": "1.92",
        "201305": "2.13",
        "201306": "2.90",
        "201307": "3.14",
        "201308": "3.35",
        "201309": "3.42",
        "201310": "3.13",
        "201311": "3.04",
        "201312": "3.24",
        "201401": "3.23",
        "201402": "3.09",
        "201403": "3.07",
        "201404": "3.07",
        "201405": "3.57",
        "201406": "3.72",
        "201407": "4.03",
        "201408": "3.79",
        "201409": "3.25",
        "201410": "2.97",
        "201411": "2.35",
        "201412": "2.38",
        "201501": "2.76",
        "201502": "2.64",
        "201503": "2.41",
        "201504": "2.29",
        "201505": "1.99",
        "201506": "2.00",
        "201507": "1.91",
        "201508": "1.47",
        "201509": "1.52",
        "201510": "1.65",
        "201511": "2.44",
        "201512": "1.77",
        "201601": "1.74",
        "201602": "1.98",
        "201603": "1.79",
        "201604": "1.63",
        "201605": "1.47",
        "201606": "1.59",
        "201607": "1.97",
        "201608": "2.69",
        "201609": "2.47",
        "201610": "2.11",
        "201611": "2.06",
        "201612": "2.60",
        "201701": "3.13",
        "201702": "3.92",
        "201703": "3.16",
        "201704": "3.04",
        "201705": "2.72",
        "201706": "2.34",
        "201707": "2.50",
        "201708": "2.31",
        "201709": "2.76",
        "201710": "2.78",
        "201711": "2.72",
        "201712": "2.86",
        "201801": "3.20",
        "201802": "2.91",
        "201803": "2.93",
        "201804": "2.65",
        "201805": "2.40",
        "201806": "3.24",
        "201807": "3.03",
        "201808": "2.87",
        "201809": "2.79",
        "201810": "2.30",
        "201811": "3.45",
        "201812": "3.12",
        "201901": "3.18",
        "201902": "3.04",
        "201903": "2.42",
        "201904": "2.14",
        "201905": "2.00",
        "201906": "2.02",
        "201907": "1.95",
        "201908": "1.89",
        "201909": "1.77",
        "201910": "1.67",
        "201911": "1.64",
        "201912": "1.22",
        "202001": "1.63",
        "202002": "1.67",
        "202003": "1.38",
        "202004": "1.44",
        "202005": "1.39",
        "202006": "1.47",
        "202007": "1.87",
        "202008": "2.37",
        "202009": "3.98",
        "202010": "8.58",
        "202011": "8.93",
        "202012": "7.82",
        "202101": "7.15",
        "202102": "6.82",
        "202103": "6.59",
        "202104": "7.31",
        "202105": "7.89",
        "202106": "7.08",
        "202107": "7.04",
        "202108": "6.79",
        "202109": "6.34",
        "202110": "6.34",
        "202111": "6.49",
        "202112": "6.47",
        "202201": "7.17",
        "202202": "7.49",
        "202203": "6.68",
        "202204": "6.24",
        "202205": "5.81",
        "202206": "5.96",
        "202207": "5.52",
        "202208": "5.95",
        "202209": "6.13",
        "202210": "5.28",
        "202211": "4.99",
        "202212": "5.79",
        "202301": "6.14",
        "202302": "12.40",
        "202303": "18.78",
        "202304": "23.22",
        "202305": "19.50",
        "202306": "18.90"
    },
    "quarters": {
        "20011": {
            "year_quarter": 20011,
            "year": 2001,
            "quarter": 1,
            "eps": 0.09,
            "eps_growth_year": -43.75,
            "eps_4q": 1.38,
            "eps_4q_growth_year": 192,
            "roe": 0.55,
            "roe_4q": 0.55,
            "gross_profit": 163119,
            "gross_margin": 6.76,
            "gross_margin_4q_avg": 6.76,
            "net_income": 21026,
            "revenue": 2414291,
            "common_shares": 2458887,
            "book_valuer_per_share": 15.69,
            "book_valuer_per_share_4q_avg": 15.69,
            "equity": 3857952,
            "current_ratio": 116.22,
            "debt_ratio": 50.86,
            "inventory_turnover_ratio": 1.28,
            "account_receivable_turnover_ratio": null,
            "reinvestment_rate": null,
            "research_to_sale_ratio": null,
            "price_fair": 0,
            "eps_avg_yearly": 0,
            "eps_latest_yearly": 0,
            "eps_growth_yearly": 0
        },
        "20012": {
            "year_quarter": 20012,
            "year": 2001,
            "quarter": 2,
            "eps": 0.15,
            "eps_growth_year": -83.52,
            "eps_4q": 0.65,
            "eps_4q_growth_year": -48.01,
            "roe": 1.09,
            "roe_4q": 1.6400000000000001,
            "gross_profit": 199341,
            "gross_margin": 8.19,
            "gross_margin_4q_avg": 7.48,
            "net_income": 42359,
            "revenue": 2434666,
            "common_shares": 2458887,
            "book_valuer_per_share": 15.82,
            "book_valuer_per_share_4q_avg": 15.76,
            "equity": 3891100,
            "current_ratio": 120.85,
            "debt_ratio": 52.1,
            "inventory_turnover_ratio": 1.41,
            "account_receivable_turnover_ratio": null,
            "reinvestment_rate": null,
            "research_to_sale_ratio": null,
            "price_fair": 0,
            "eps_avg_yearly": 0,
            "eps_latest_yearly": 0,
            "eps_growth_yearly": 0
        },
        "20013": {
            "year_quarter": 20013,
            "year": 2001,
            "quarter": 3,
            "eps": 0.02,
            "eps_growth_year": null,
            "eps_4q": 1.07,
            "eps_4q_growth_year": 28.9,
            "roe": 0.12,
            "roe_4q": 1.76,
            "gross_profit": 170408,
            "gross_margin": 8.21,
            "gross_margin_4q_avg": 7.72,
            "net_income": 4606,
            "revenue": 2075514,
            "common_shares": 2769788,
            "book_valuer_per_share": 14.06,
            "book_valuer_per_share_4q_avg": 15.19,
            "equity": 3895706,
            "current_ratio": 126.32,
            "debt_ratio": 45.87,
            "inventory_turnover_ratio": 1.45,
            "account_receivable_turnover_ratio": null,
            "reinvestment_rate": null,
            "research_to_sale_ratio": null,
            "price_fair": 0,
            "eps_avg_yearly": 0,
            "eps_latest_yearly": 0,
            "eps_growth_yearly": 0
        },
        "20014": {
            "year_quarter": 20014,
            "year": 2001,
            "quarter": 4,
            "eps": -0.03,
            "eps_growth_year": -104.11,
            "eps_4q": 0.22,
            "eps_4q_growth_year": -83.92,
            "roe": -0.18,
            "roe_4q": 1.58,
            "gross_profit": 219859,
            "gross_margin": 10.57,
            "gross_margin_4q_avg": 8.43,
            "net_income": -7134,
            "revenue": 2079235,
            "common_shares": 2769788,
            "book_valuer_per_share": 14.02,
            "book_valuer_per_share_4q_avg": 14.9,
            "equity": 3882588,
            "current_ratio": 120.1,
            "debt_ratio": 44.66,
            "inventory_turnover_ratio": 1.55,
            "account_receivable_turnover_ratio": null,
            "reinvestment_rate": null,
            "research_to_sale_ratio": null,
            "price_fair": 0,
            "eps_avg_yearly": 0,
            "eps_latest_yearly": 0,
            "eps_growth_yearly": 0
        },
        "20021": {
            "year_quarter": 20021,
            "year": 2002,
            "quarter": 1,
            "eps": 0.02,
            "eps_growth_year": -77.78,
            "eps_4q": 0.17,
            "eps_4q_growth_year": -87.92,
            "roe": 0.14,
            "roe_4q": 1.1700000000000002,
            "gross_profit": 177061,
            "gross_margin": 10.03,
            "gross_margin_4q_avg": 9.25,
            "net_income": 5429,
            "revenue": 1766088,
            "common_shares": 2769788,
            "book_valuer_per_share": 14.04,
            "book_valuer_per_share_4q_avg": 14.49,
            "equity": 3889921,
            "current_ratio": 133.19,
            "debt_ratio": 48.69,
            "inventory_turnover_ratio": 1.23,
            "account_receivable_turnover_ratio": null,
            "reinvestment_rate": null,
            "research_to_sale_ratio": null,
            "price_fair": 0,
            "eps_avg_yearly": 0,
            "eps_latest_yearly": 0,
            "eps_growth_yearly": 0
        },
        "20022": {
            "year_quarter": 20022,
            "year": 2002,
            "quarter": 2,
            "eps": 0.21,
            "eps_growth_year": 40,
            "eps_4q": 0.22,
            "eps_4q_growth_year": -65.97,
            "roe": 1.56,
            "roe_4q": 1.6400000000000001,
            "gross_profit": 178946,
            "gross_margin": 8.59,
            "gross_margin_4q_avg": 9.35,
            "net_income": 60988,
            "revenue": 2083279,
            "common_shares": 2769788,
            "book_valuer_per_share": 14.25,
            "book_valuer_per_share_4q_avg": 14.09,
            "equity": 3948306,
            "current_ratio": 135.89,
            "debt_ratio": 47.66,
            "inventory_turnover_ratio": 1.33,
            "account_receivable_turnover_ratio": null,
            "reinvestment_rate": null,
            "research_to_sale_ratio": null,
            "price_fair": 29.4,
            "eps_avg_yearly": 0.84,
            "eps_latest_yearly": 0.84,
            "eps_growth_yearly": 3800
        },
        "20023": {
            "year_quarter": 20023,
            "year": 2002,
            "quarter": 3,
            "eps": -0.04,
            "eps_growth_year": -300,
            "eps_4q": 0.17,
            "eps_4q_growth_year": -84.27,
            "roe": -0.26,
            "roe_4q": 1.26,
            "gross_profit": 151194,
            "gross_margin": 6.47,
            "gross_margin_4q_avg": 8.92,
            "net_income": -10435,
            "revenue": 2336884,
            "common_shares": 2908277,
            "book_valuer_per_share": 13.54,
            "book_valuer_per_share_4q_avg": 13.96,
            "equity": 3937871,
            "current_ratio": 138.97,
            "debt_ratio": 49.38,
            "inventory_turnover_ratio": 1.51,
            "account_receivable_turnover_ratio": null,
            "reinvestment_rate": null,
            "research_to_sale_ratio": null,
            "price_fair": 29.4,
            "eps_avg_yearly": 0.84,
            "eps_latest_yearly": 0.84,
            "eps_growth_yearly": 3800
        },
        "20024": {
            "year_quarter": 20024,
            "year": 2002,
            "quarter": 4,
            "eps": 0.02,
            "eps_growth_year": null,
            "eps_4q": 0.25,
            "eps_4q_growth_year": 13.59,
            "roe": 0.12,
            "roe_4q": 1.56,
            "gross_profit": 193098,
            "gross_margin": 8.21,
            "gross_margin_4q_avg": 8.33,
            "net_income": 4870,
            "revenue": 2352402,
            "common_shares": 2908277,
            "book_valuer_per_share": 13.54,
            "book_valuer_per_share_4q_avg": 13.84,
            "equity": 3937873,
            "current_ratio": 158.75,
            "debt_ratio": 43.79,
            "inventory_turnover_ratio": 1.57,
            "account_receivable_turnover_ratio": null,
            "reinvestment_rate": 13.75,
            "research_to_sale_ratio": null,
            "price_fair": 29.4,
            "eps_avg_yearly": 0.84,
            "eps_latest_yearly": 0.84,
            "eps_growth_yearly": 3800
        },
        "20031": {
            "year_quarter": 20031,
            "year": 2003,
            "quarter": 1,
            "eps": 0.07,
            "eps_growth_year": 250,
            "eps_4q": 0.26,
            "eps_4q_growth_year": 55.22,
            "roe": 0.52,
            "roe_4q": 1.94,
            "gross_profit": 204087,
            "gross_margin": 10.48,
            "gross_margin_4q_avg": 8.44,
            "net_income": 20549,
            "revenue": 1947702,
            "common_shares": 2908277,
            "book_valuer_per_share": 13.61,
            "book_valuer_per_share_4q_avg": 13.74,
            "equity": 3958422,
            "current_ratio": 167.17,
            "debt_ratio": 45.2,
            "inventory_turnover_ratio": 1.18,
            "account_receivable_turnover_ratio": null,
            "reinvestment_rate": 41.37,
            "research_to_sale_ratio": null,
            "price_fair": 19.6,
            "eps_avg_yearly": 0.56,
            "eps_latest_yearly": 0.28,
            "eps_growth_yearly": 2400
        },
        "20032": {
            "year_quarter": 20032,
            "year": 2003,
            "quarter": 2,
            "eps": 0.07,
            "eps_growth_year": -66.67,
            "eps_4q": 0.12,
            "eps_4q_growth_year": -46.2,
            "roe": 0.56,
            "roe_4q": 0.9400000000000002,
            "gross_profit": 207445,
            "gross_margin": 10.23,
            "gross_margin_4q_avg": 8.85,
            "net_income": 21694,
            "revenue": 2027527,
            "common_shares": 2908277,
            "book_valuer_per_share": 13.08,
            "book_valuer_per_share_4q_avg": 13.44,
            "equity": 3804013,
            "current_ratio": 165.42,
            "debt_ratio": 46.25,
            "inventory_turnover_ratio": 1.18,
            "account_receivable_turnover_ratio": null,
            "reinvestment_rate": 39.47,
            "research_to_sale_ratio": null,
            "price_fair": 16.33,
            "eps_avg_yearly": 0.47,
            "eps_latest_yearly": 0.28,
            "eps_growth_yearly": 1600
        },
        "20033": {
            "year_quarter": 20033,
            "year": 2003,
            "quarter": 3,
            "eps": 0.09,
            "eps_growth_year": null,
            "eps_4q": 0.24,
            "eps_4q_growth_year": 43.84,
            "roe": 0.73,
            "roe_4q": 1.9300000000000002,
            "gross_profit": 223862,
            "gross_margin": 12.14,
            "gross_margin_4q_avg": 10.27,
            "net_income": 27970,
            "revenue": 1844277,
            "common_shares": 2973318,
            "book_valuer_per_share": 12.89,
            "book_valuer_per_share_4q_avg": 13.28,
            "equity": 3831984,
            "current_ratio": 172.52,
            "debt_ratio": 44.91,
            "inventory_turnover_ratio": 1.13,
            "account_receivable_turnover_ratio": null,
            "reinvestment_rate": 30.9,
            "research_to_sale_ratio": null,
            "price_fair": 15.4,
            "eps_avg_yearly": 0.44,
            "eps_latest_yearly": 0.36,
            "eps_growth_yearly": 1228.57
        },
        "20034": {
            "year_quarter": 20034,
            "year": 2003,
            "quarter": 4,
            "eps": 0.14,
            "eps_growth_year": 600,
            "eps_4q": 0.37,
            "eps_4q_growth_year": 48.55,
            "roe": 1.1,
            "roe_4q": 2.91,
            "gross_profit": 260810,
            "gross_margin": 15.84,
            "gross_margin_4q_avg": 12.17,
            "net_income": 42510,
            "revenue": 1646951,
            "common_shares": 2973318,
            "book_valuer_per_share": 13.03,
            "book_valuer_per_share_4q_avg": 13.15,
            "equity": 3874494,
            "current_ratio": 206.69,
            "debt_ratio": 43.99,
            "inventory_turnover_ratio": 0.85,
            "account_receivable_turnover_ratio": null,
            "reinvestment_rate": -32.9,
            "research_to_sale_ratio": null,
            "price_fair": 16.24,
            "eps_avg_yearly": 0.46,
            "eps_latest_yearly": 0.56,
            "eps_growth_yearly": 1027.3
        },
        "20041": {
            "year_quarter": 20041,
            "year": 2004,
            "quarter": 1,
            "eps": 0.25,
            "eps_growth_year": 257.14,
            "eps_4q": 0.56,
            "eps_4q_growth_year": 114.69,
            "roe": 1.93,
            "roe_4q": 4.32,
            "gross_profit": 316867,
            "gross_margin": 13.23,
            "gross_margin_4q_avg": 12.86,
            "net_income": 75402,
            "revenue": 2394206,
            "common_shares": 2973318,
            "book_valuer_per_share": 13.28,
            "book_valuer_per_share_4q_avg": 13.07,
            "equity": 3949895,
            "current_ratio": 180.95,
            "debt_ratio": 47.62,
            "inventory_turnover_ratio": 1.13,
            "account_receivable_turnover_ratio": null,
            "reinvestment_rate": -6.9,
            "research_to_sale_ratio": null,
            "price_fair": 19.37,
            "eps_avg_yearly": 0.55,
            "eps_latest_yearly": 1,
            "eps_growth_yearly": 908.47
        },
        "20042": {
            "year_quarter": 20042,
            "year": 2004,
            "quarter": 2,
            "eps": 0.29,
            "eps_growth_year": 314.29,
            "eps_4q": 0.78,
            "eps_4q_growth_year": 559.36,
            "roe": 2.2,
            "roe_4q": 5.960000000000001,
            "gross_profit": 290722,
            "gross_margin": 11.67,
            "gross_margin_4q_avg": 13.22,
            "net_income": 86277,
            "revenue": 2491031,
            "common_shares": 2973318,
            "book_valuer_per_share": 13.12,
            "book_valuer_per_share_4q_avg": 13.08,
            "equity": 3902187,
            "current_ratio": 194.62,
            "debt_ratio": 47.65,
            "inventory_turnover_ratio": 1.28,
            "account_receivable_turnover_ratio": null,
            "reinvestment_rate": -7.69,
            "research_to_sale_ratio": null,
            "price_fair": 22.4,
            "eps_avg_yearly": 0.64,
            "eps_latest_yearly": 1.16,
            "eps_growth_yearly": 787.83
        },
        "20043": {
            "year_quarter": 20043,
            "year": 2004,
            "quarter": 3,
            "eps": 0.47,
            "eps_growth_year": 422.22,
            "eps_4q": 1.15,
            "eps_4q_growth_year": 377.96,
            "roe": 3.53,
            "roe_4q": 8.76,
            "gross_profit": 288634,
            "gross_margin": 11.21,
            "gross_margin_4q_avg": 12.99,
            "net_income": 140153,
            "revenue": 2574884,
            "common_shares": 2973318,
            "book_valuer_per_share": 13.6,
            "book_valuer_per_share_4q_avg": 13.26,
            "equity": 4042340,
            "current_ratio": 196.8,
            "debt_ratio": 49.1,
            "inventory_turnover_ratio": 1.3,
            "account_receivable_turnover_ratio": null,
            "reinvestment_rate": -9.82,
            "research_to_sale_ratio": null,
            "price_fair": 27.83,
            "eps_avg_yearly": 0.8,
            "eps_latest_yearly": 1.88,
            "eps_growth_yearly": 720.38
        },
        "20044": {
            "year_quarter": 20044,
            "year": 2004,
            "quarter": 4,
            "eps": 0.26,
            "eps_growth_year": 85.71,
            "eps_4q": 1.26,
            "eps_4q_growth_year": 239.24,
            "roe": 1.93,
            "roe_4q": 9.59,
            "gross_profit": 277612,
            "gross_margin": 9.19,
            "gross_margin_4q_avg": 11.33,
            "net_income": 78525,
            "revenue": 3022008,
            "common_shares": 2973318,
            "book_valuer_per_share": 13.82,
            "book_valuer_per_share_4q_avg": 13.46,
            "equity": 4108144,
            "current_ratio": 179.1,
            "debt_ratio": 50.18,
            "inventory_turnover_ratio": 1.44,
            "account_receivable_turnover_ratio": null,
            "reinvestment_rate": -22.43,
            "research_to_sale_ratio": null,
            "price_fair": 28.78,
            "eps_avg_yearly": 0.82,
            "eps_latest_yearly": 1.04,
            "eps_growth_yearly": 620.48
        },
        "20051": {
            "year_quarter": 20051,
            "year": 2005,
            "quarter": 1,
            "eps": 0.34,
            "eps_growth_year": 36,
            "eps_4q": 1.37,
            "eps_4q_growth_year": 146.29,
            "roe": 2.42,
            "roe_4q": 10.079999999999998,
            "gross_profit": 369729,
            "gross_margin": 14.24,
            "gross_margin_4q_avg": 11.58,
            "net_income": 100818,
            "revenue": 2596605,
            "common_shares": 2973318,
            "book_valuer_per_share": 14.16,
            "book_valuer_per_share_4q_avg": 13.68,
            "equity": 4208987,
            "current_ratio": 207.58,
            "debt_ratio": 44.24,
            "inventory_turnover_ratio": 1.21,
            "account_receivable_turnover_ratio": null,
            "reinvestment_rate": -12.9,
            "research_to_sale_ratio": null,
            "price_fair": 30.66,
            "eps_avg_yearly": 0.88,
            "eps_latest_yearly": 1.36,
            "eps_growth_yearly": 570.74
        },
        "20052": {
            "year_quarter": 20052,
            "year": 2005,
            "quarter": 2,
            "eps": 0.25,
            "eps_growth_year": -13.79,
            "eps_4q": 1.33,
            "eps_4q_growth_year": 69.9,
            "roe": 1.81,
            "roe_4q": 9.69,
            "gross_profit": 328457,
            "gross_margin": 13.19,
            "gross_margin_4q_avg": 11.96,
            "net_income": 74243,
            "revenue": 2489592,
            "common_shares": 2973318,
            "book_valuer_per_share": 13.44,
            "book_valuer_per_share_4q_avg": 13.76,
            "equity": 3995847,
            "current_ratio": 180.19,
            "debt_ratio": 45.7,
            "inventory_turnover_ratio": 1.33,
            "account_receivable_turnover_ratio": null,
            "reinvestment_rate": -18.13,
            "research_to_sale_ratio": null,
            "price_fair": 31.05,
            "eps_avg_yearly": 0.89,
            "eps_latest_yearly": 1,
            "eps_growth_yearly": 509.23
        },
        "20053": {
            "year_quarter": 20053,
            "year": 2005,
            "quarter": 3,
            "eps": 0.26,
            "eps_growth_year": -44.68,
            "eps_4q": 1.1,
            "eps_4q_growth_year": -4.42,
            "roe": 1.93,
            "roe_4q": 8.09,
            "gross_profit": 335322,
            "gross_margin": 13.07,
            "gross_margin_4q_avg": 12.42,
            "net_income": 78143,
            "revenue": 2566498,
            "common_shares": 2973318,
            "book_valuer_per_share": 13.74,
            "book_valuer_per_share_4q_avg": 13.79,
            "equity": 4086202,
            "current_ratio": 192.14,
            "debt_ratio": 43.18,
            "inventory_turnover_ratio": 1.41,
            "account_receivable_turnover_ratio": null,
            "reinvestment_rate": -19.55,
            "research_to_sale_ratio": null,
            "price_fair": 31.5,
            "eps_avg_yearly": 0.9,
            "eps_latest_yearly": 1.04,
            "eps_growth_yearly": 468.13
        },
        "20054": {
            "year_quarter": 20054,
            "year": 2005,
            "quarter": 4,
            "eps": 0.4,
            "eps_growth_year": 53.85,
            "eps_4q": 1.26,
            "eps_4q_growth_year": -0.02,
            "roe": 2.64,
            "roe_4q": 8.8,
            "gross_profit": 408779,
            "gross_margin": 12.38,
            "gross_margin_4q_avg": 13.22,
            "net_income": 117894,
            "revenue": 3301655,
            "common_shares": 2973318,
            "book_valuer_per_share": 14.13,
            "book_valuer_per_share_4q_avg": 13.87,
            "equity": 4844518,
            "current_ratio": 178.12,
            "debt_ratio": 47.58,
            "inventory_turnover_ratio": 1.27,
            "account_receivable_turnover_ratio": null,
            "reinvestment_rate": 31.52,
            "research_to_sale_ratio": null,
            "price_fair": 33.38,
            "eps_avg_yearly": 0.95,
            "eps_latest_yearly": 1.6,
            "eps_growth_yearly": 448.69
        },
        "20061": {
            "year_quarter": 20061,
            "year": 2006,
            "quarter": 1,
            "eps": 0.35,
            "eps_growth_year": 2.94,
            "eps_4q": 1.26,
            "eps_4q_growth_year": -8.01,
            "roe": 2.27,
            "roe_4q": 8.65,
            "gross_profit": 377066,
            "gross_margin": 11.96,
            "gross_margin_4q_avg": 12.65,
            "net_income": 104081,
            "revenue": 3153694,
            "common_shares": 2973318,
            "book_valuer_per_share": 14.49,
            "book_valuer_per_share_4q_avg": 13.95,
            "equity": 4309075,
            "current_ratio": 135.7,
            "debt_ratio": 50.14,
            "inventory_turnover_ratio": 1.04,
            "account_receivable_turnover_ratio": null,
            "reinvestment_rate": -9.26,
            "research_to_sale_ratio": null,
            "price_fair": 34.5,
            "eps_avg_yearly": 0.99,
            "eps_latest_yearly": 1.4,
            "eps_growth_yearly": 413.07
        },
        "20062": {
            "year_quarter": 20062,
            "year": 2006,
            "quarter": 2,
            "eps": 0.45,
            "eps_growth_year": 80,
            "eps_4q": 1.45,
            "eps_4q_growth_year": 9.72,
            "roe": 3.18,
            "roe_4q": 10.02,
            "gross_profit": 456815,
            "gross_margin": 13.22,
            "gross_margin_4q_avg": 12.66,
            "net_income": 134415,
            "revenue": 3456672,
            "common_shares": 2973318,
            "book_valuer_per_share": 13.96,
            "book_valuer_per_share_4q_avg": 14.08,
            "equity": 4151774,
            "current_ratio": 150.48,
            "debt_ratio": 40.44,
            "inventory_turnover_ratio": 1.41,
            "account_receivable_turnover_ratio": null,
            "reinvestment_rate": -7.82,
            "research_to_sale_ratio": null,
            "price_fair": 36.9,
            "eps_avg_yearly": 1.05,
            "eps_latest_yearly": 1.8,
            "eps_growth_yearly": 149.8
        },
        "20063": {
            "year_quarter": 20063,
            "year": 2006,
            "quarter": 3,
            "eps": 0.29,
            "eps_growth_year": 11.54,
            "eps_4q": 1.47,
            "eps_4q_growth_year": 33.04,
            "roe": 2.09,
            "roe_4q": 10.18,
            "gross_profit": 368932,
            "gross_margin": 13.69,
            "gross_margin_4q_avg": 12.81,
            "net_income": 87708,
            "revenue": 2695098,
            "common_shares": 2973318,
            "book_valuer_per_share": 14.29,
            "book_valuer_per_share_4q_avg": 14.22,
            "equity": 4248075,
            "current_ratio": 162.25,
            "debt_ratio": 37.29,
            "inventory_turnover_ratio": 1.3,
            "account_receivable_turnover_ratio": null,
            "reinvestment_rate": -6.9,
            "research_to_sale_ratio": null,
            "price_fair": 37.15,
            "eps_avg_yearly": 1.06,
            "eps_latest_yearly": 1.16,
            "eps_growth_yearly": 130.33
        },
        "20064": {
            "year_quarter": 20064,
            "year": 2006,
            "quarter": 4,
            "eps": 0.18,
            "eps_growth_year": -55,
            "eps_4q": 1.27,
            "eps_4q_growth_year": 0.9,
            "roe": 1.17,
            "roe_4q": 8.709999999999999,
            "gross_profit": 331252,
            "gross_margin": 13.34,
            "gross_margin_4q_avg": 13.05,
            "net_income": 53849,
            "revenue": 2483564,
            "common_shares": 2973318,
            "book_valuer_per_share": 14.45,
            "book_valuer_per_share_4q_avg": 14.3,
            "equity": 4978376,
            "current_ratio": 189.73,
            "debt_ratio": 34.54,
            "inventory_turnover_ratio": 1.15,
            "account_receivable_turnover_ratio": null,
            "reinvestment_rate": 28.33,
            "research_to_sale_ratio": null,
            "price_fair": 36.4,
            "eps_avg_yearly": 1.04,
            "eps_latest_yearly": 0.72,
            "eps_growth_yearly": 112.7
        },
        "20071": {
            "year_quarter": 20071,
            "year": 2007,
            "quarter": 1,
            "eps": 0.05,
            "eps_growth_year": -85.71,
            "eps_4q": 1.02,
            "eps_4q_growth_year": -18.91,
            "roe": 0.31,
            "roe_4q": 6.75,
            "gross_profit": 248927,
            "gross_margin": 13.2,
            "gross_margin_4q_avg": 13.36,
            "net_income": 14214,
            "revenue": 1885581,
            "common_shares": 2973318,
            "book_valuer_per_share": 14.5,
            "book_valuer_per_share_4q_avg": 14.3,
            "equity": 4311723,
            "current_ratio": 240.85,
            "debt_ratio": 32.18,
            "inventory_turnover_ratio": 0.96,
            "account_receivable_turnover_ratio": null,
            "reinvestment_rate": -3.64,
            "research_to_sale_ratio": null,
            "price_fair": 36.23,
            "eps_avg_yearly": 1.04,
            "eps_latest_yearly": 0.2,
            "eps_growth_yearly": 32.15
        },
        "20072": {
            "year_quarter": 20072,
            "year": 2007,
            "quarter": 2,
            "eps": -0.81,
            "eps_growth_year": -280,
            "eps_4q": -0.28,
            "eps_4q_growth_year": -119.49,
            "roe": -5.93,
            "roe_4q": -2.3600000000000003,
            "gross_profit": 197138,
            "gross_margin": 11.33,
            "gross_margin_4q_avg": 12.89,
            "net_income": -240088,
            "revenue": 1740093,
            "common_shares": 2973318,
            "book_valuer_per_share": 12.74,
            "book_valuer_per_share_4q_avg": 14,
            "equity": 3786538,
            "current_ratio": 205.9,
            "debt_ratio": 37.17,
            "inventory_turnover_ratio": 0.99,
            "account_receivable_turnover_ratio": null,
            "reinvestment_rate": -4.38,
            "research_to_sale_ratio": null,
            "price_fair": 37.99,
            "eps_avg_yearly": 1.09,
            "eps_latest_yearly": 0.2,
            "eps_growth_yearly": 34.29
        },
        "20073": {
            "year_quarter": 20073,
            "year": 2007,
            "quarter": 3,
            "eps": -0.4,
            "eps_growth_year": -237.93,
            "eps_4q": -0.98,
            "eps_4q_growth_year": -166.72,
            "roe": -3.2,
            "roe_4q": -7.649999999999999,
            "gross_profit": 177574,
            "gross_margin": 9.02,
            "gross_margin_4q_avg": 11.72,
            "net_income": -119289,
            "revenue": 1969228,
            "common_shares": 2973318,
            "book_valuer_per_share": 12.37,
            "book_valuer_per_share_4q_avg": 13.52,
            "equity": 3676830,
            "current_ratio": 257,
            "debt_ratio": 33.55,
            "inventory_turnover_ratio": 1.16,
            "account_receivable_turnover_ratio": null,
            "reinvestment_rate": -3.9,
            "research_to_sale_ratio": null,
            "price_fair": 39.8,
            "eps_avg_yearly": 1.14,
            "eps_latest_yearly": 0.2,
            "eps_growth_yearly": 28.58
        },
        "20074": {
            "year_quarter": 20074,
            "year": 2007,
            "quarter": 4,
            "eps": -1.35,
            "eps_growth_year": -850,
            "eps_4q": -2.14,
            "eps_4q_growth_year": -268.46,
            "roe": -9.93,
            "roe_4q": -18.75,
            "gross_profit": 136179,
            "gross_margin": 7.28,
            "gross_margin_4q_avg": 10.21,
            "net_income": -402232,
            "revenue": 1871408,
            "common_shares": 2973318,
            "book_valuer_per_share": 11.02,
            "book_valuer_per_share_4q_avg": 12.66,
            "equity": 4426847,
            "current_ratio": 208.6,
            "debt_ratio": 42.09,
            "inventory_turnover_ratio": 0.93,
            "account_receivable_turnover_ratio": null,
            "reinvestment_rate": 89.69,
            "research_to_sale_ratio": null,
            "price_fair": 27.98,
            "eps_avg_yearly": 1.18,
            "eps_latest_yearly": 0.2,
            "eps_growth_yearly": 13.68
        },
        "20081": {
            "year_quarter": 20081,
            "year": 2008,
            "quarter": 1,
            "eps": -0.37,
            "eps_growth_year": -840,
            "eps_4q": -2.3,
            "eps_4q_growth_year": -325.64,
            "roe": -3.24,
            "roe_4q": -22.3,
            "gross_profit": 189962,
            "gross_margin": 8.7,
            "gross_margin_4q_avg": 9.08,
            "net_income": -139878,
            "revenue": 2184218,
            "common_shares": 2973318,
            "book_valuer_per_share": 10.64,
            "book_valuer_per_share_4q_avg": 11.69,
            "equity": 4220795,
            "current_ratio": 233.01,
            "debt_ratio": 41.38,
            "inventory_turnover_ratio": 0.89,
            "account_receivable_turnover_ratio": null,
            "reinvestment_rate": 198.21,
            "research_to_sale_ratio": null,
            "price_fair": 3.59,
            "eps_avg_yearly": 1.2,
            "eps_latest_yearly": 0.2,
            "eps_growth_yearly": -11.37
        },
        "20082": {
            "year_quarter": 20082,
            "year": 2008,
            "quarter": 2,
            "eps": -0.63,
            "eps_growth_year": null,
            "eps_4q": -2.75,
            "eps_4q_growth_year": null,
            "roe": -5.3,
            "roe_4q": -21.669999999999998,
            "gross_profit": 92668,
            "gross_margin": 3.19,
            "gross_margin_4q_avg": 7.05,
            "net_income": -217917,
            "revenue": 2904720,
            "common_shares": 2973318,
            "book_valuer_per_share": 10.02,
            "book_valuer_per_share_4q_avg": 11.01,
            "equity": 4005812,
            "current_ratio": 216.61,
            "debt_ratio": 44.13,
            "inventory_turnover_ratio": 1.34,
            "account_receivable_turnover_ratio": null,
            "reinvestment_rate": null,
            "research_to_sale_ratio": null,
            "price_fair": 3.6,
            "eps_avg_yearly": 1.2,
            "eps_latest_yearly": 0.2,
            "eps_growth_yearly": -18.22
        },
        "20083": {
            "year_quarter": 20083,
            "year": 2008,
            "quarter": 3,
            "eps": -0.06,
            "eps_growth_year": null,
            "eps_4q": -2.41,
            "eps_4q_growth_year": null,
            "roe": -0.98,
            "roe_4q": -19.45,
            "gross_profit": 277813,
            "gross_margin": 7.28,
            "gross_margin_4q_avg": 6.61,
            "net_income": -39135,
            "revenue": 3816934,
            "common_shares": 2973318,
            "book_valuer_per_share": 9.94,
            "book_valuer_per_share_4q_avg": 10.41,
            "equity": 3961671,
            "current_ratio": 198.78,
            "debt_ratio": 47.43,
            "inventory_turnover_ratio": 1.72,
            "account_receivable_turnover_ratio": null,
            "reinvestment_rate": null,
            "research_to_sale_ratio": null,
            "price_fair": 3.4,
            "eps_avg_yearly": 1.13,
            "eps_latest_yearly": 0.2,
            "eps_growth_yearly": -44.87
        },
        "20084": {
            "year_quarter": 20084,
            "year": 2008,
            "quarter": 4,
            "eps": -1.43,
            "eps_growth_year": null,
            "eps_4q": -2.13,
            "eps_4q_growth_year": null,
            "roe": -11.47,
            "roe_4q": -20.990000000000002,
            "gross_profit": -74560,
            "gross_margin": -3.34,
            "gross_margin_4q_avg": 3.96,
            "net_income": -466227,
            "revenue": 2230203,
            "common_shares": 2973318,
            "book_valuer_per_share": 8.54,
            "book_valuer_per_share_4q_avg": 9.79,
            "equity": 4165173,
            "current_ratio": 219.41,
            "debt_ratio": 45.63,
            "inventory_turnover_ratio": 1.27,
            "account_receivable_turnover_ratio": 2.92,
            "reinvestment_rate": null,
            "research_to_sale_ratio": null,
            "price_fair": 3.43,
            "eps_avg_yearly": 1.14,
            "eps_latest_yearly": 0.2,
            "eps_growth_yearly": -30
        },
        "20091": {
            "year_quarter": 20091,
            "year": 2009,
            "quarter": 1,
            "eps": -0.55,
            "eps_growth_year": null,
            "eps_4q": -2.67,
            "eps_4q_growth_year": null,
            "roe": -4.72,
            "roe_4q": -22.470000000000002,
            "gross_profit": 98499,
            "gross_margin": 4.4,
            "gross_margin_4q_avg": 2.88,
            "net_income": -192175,
            "revenue": 2240968,
            "common_shares": 2973318,
            "book_valuer_per_share": 7.98,
            "book_valuer_per_share_4q_avg": 9.12,
            "equity": 3969939,
            "current_ratio": 207.26,
            "debt_ratio": 47.36,
            "inventory_turnover_ratio": 1.61,
            "account_receivable_turnover_ratio": 2.94,
            "reinvestment_rate": null,
            "research_to_sale_ratio": null,
            "price_fair": 3.35,
            "eps_avg_yearly": 1.12,
            "eps_latest_yearly": 0.2,
            "eps_growth_yearly": -49.13
        },
        "20092": {
            "year_quarter": 20092,
            "year": 2009,
            "quarter": 2,
            "eps": -0.32,
            "eps_growth_year": null,
            "eps_4q": -2.36,
            "eps_4q_growth_year": null,
            "roe": -3.52,
            "roe_4q": -20.69,
            "gross_profit": 146833,
            "gross_margin": 6.82,
            "gross_margin_4q_avg": 3.79,
            "net_income": -137353,
            "revenue": 2152295,
            "common_shares": 2973318,
            "book_valuer_per_share": 7.66,
            "book_valuer_per_share_4q_avg": 8.53,
            "equity": 3834010,
            "current_ratio": 198.57,
            "debt_ratio": 48.73,
            "inventory_turnover_ratio": 1.96,
            "account_receivable_turnover_ratio": 2.32,
            "reinvestment_rate": null,
            "research_to_sale_ratio": null,
            "price_fair": 3.39,
            "eps_avg_yearly": 1.13,
            "eps_latest_yearly": 0.2,
            "eps_growth_yearly": -41.02
        },
        "20093": {
            "year_quarter": 20093,
            "year": 2009,
            "quarter": 3,
            "eps": -0.34,
            "eps_growth_year": null,
            "eps_4q": -2.64,
            "eps_4q_growth_year": null,
            "roe": -3.57,
            "roe_4q": -23.28,
            "gross_profit": 188013,
            "gross_margin": 7.29,
            "gross_margin_4q_avg": 3.79,
            "net_income": -134333,
            "revenue": 2577412,
            "common_shares": 2973318,
            "book_valuer_per_share": 7.33,
            "book_valuer_per_share_4q_avg": 7.88,
            "equity": 3701166,
            "current_ratio": 198,
            "debt_ratio": 48.91,
            "inventory_turnover_ratio": 2.55,
            "account_receivable_turnover_ratio": 1.42,
            "reinvestment_rate": null,
            "research_to_sale_ratio": null,
            "price_fair": 3.44,
            "eps_avg_yearly": 1.15,
            "eps_latest_yearly": 0.2,
            "eps_growth_yearly": -50.53
        },
        "20094": {
            "year_quarter": 20094,
            "year": 2009,
            "quarter": 4,
            "eps": -0.78,
            "eps_growth_year": null,
            "eps_4q": -2,
            "eps_4q_growth_year": null,
            "roe": -7.86,
            "roe_4q": -19.669999999999998,
            "gross_profit": 70816,
            "gross_margin": 3.15,
            "gross_margin_4q_avg": 5.42,
            "net_income": -280035,
            "revenue": 2246182,
            "common_shares": 2973318,
            "book_valuer_per_share": 6.55,
            "book_valuer_per_share_4q_avg": 7.38,
            "equity": 3421701,
            "current_ratio": 182.77,
            "debt_ratio": 51.66,
            "inventory_turnover_ratio": 2.34,
            "account_receivable_turnover_ratio": 2.58,
            "reinvestment_rate": null,
            "research_to_sale_ratio": null,
            "price_fair": 3.17,
            "eps_avg_yearly": 1.06,
            "eps_latest_yearly": 0.2,
            "eps_growth_yearly": -103.71
        },
        "20101": {
            "year_quarter": 20101,
            "year": 2010,
            "quarter": 1,
            "eps": -0.62,
            "eps_growth_year": null,
            "eps_4q": -2.07,
            "eps_4q_growth_year": null,
            "roe": -5.63,
            "roe_4q": -20.58,
            "gross_profit": 90244,
            "gross_margin": 5.71,
            "gross_margin_4q_avg": 5.74,
            "net_income": -185820,
            "revenue": 1579748,
            "common_shares": 2973318,
            "book_valuer_per_share": 5.92,
            "book_valuer_per_share_4q_avg": 6.87,
            "equity": 3181446,
            "current_ratio": 174.14,
            "debt_ratio": 51.53,
            "inventory_turnover_ratio": 1.55,
            "account_receivable_turnover_ratio": 1.13,
            "reinvestment_rate": null,
            "research_to_sale_ratio": 5.56,
            "price_fair": 2.91,
            "eps_avg_yearly": 0.97,
            "eps_latest_yearly": 0.2,
            "eps_growth_yearly": -117.14
        },
        "20102": {
            "year_quarter": 20102,
            "year": 2010,
            "quarter": 2,
            "eps": -0.5,
            "eps_growth_year": null,
            "eps_4q": -2.25,
            "eps_4q_growth_year": null,
            "roe": -4.74,
            "roe_4q": -21.8,
            "gross_profit": 48496,
            "gross_margin": 2.21,
            "gross_margin_4q_avg": 4.59,
            "net_income": -147811,
            "revenue": 2194079,
            "common_shares": 2973318,
            "book_valuer_per_share": 5.45,
            "book_valuer_per_share_4q_avg": 6.31,
            "equity": 3058161,
            "current_ratio": 157.8,
            "debt_ratio": 53.68,
            "inventory_turnover_ratio": 2.03,
            "account_receivable_turnover_ratio": 1.95,
            "reinvestment_rate": null,
            "research_to_sale_ratio": 4.97,
            "price_fair": 2.08,
            "eps_avg_yearly": 0.69,
            "eps_latest_yearly": 0.2,
            "eps_growth_yearly": -194.28
        },
        "20103": {
            "year_quarter": 20103,
            "year": 2010,
            "quarter": 3,
            "eps": -0.45,
            "eps_growth_year": null,
            "eps_4q": -2.35,
            "eps_4q_growth_year": null,
            "roe": -5.05,
            "roe_4q": -23.279999999999998,
            "gross_profit": 86899,
            "gross_margin": 4.9,
            "gross_margin_4q_avg": 3.99,
            "net_income": -151337,
            "revenue": 1772150,
            "common_shares": 2973318,
            "book_valuer_per_share": 5.09,
            "book_valuer_per_share_4q_avg": 5.75,
            "equity": 2933752,
            "current_ratio": 134.12,
            "debt_ratio": 56.85,
            "inventory_turnover_ratio": 1.43,
            "account_receivable_turnover_ratio": 1.48,
            "reinvestment_rate": null,
            "research_to_sale_ratio": 4.6,
            "price_fair": 1.38,
            "eps_avg_yearly": 0.46,
            "eps_latest_yearly": 0.2,
            "eps_growth_yearly": -220.31
        },
        "20104": {
            "year_quarter": 20104,
            "year": 2010,
            "quarter": 4,
            "eps": -0.39,
            "eps_growth_year": null,
            "eps_4q": -1.97,
            "eps_4q_growth_year": null,
            "roe": -7.51,
            "roe_4q": -22.929999999999996,
            "gross_profit": -3410,
            "gross_margin": -0.14,
            "gross_margin_4q_avg": 3.17,
            "net_income": -212019,
            "revenue": 2451387,
            "common_shares": 2973318,
            "book_valuer_per_share": 4.66,
            "book_valuer_per_share_4q_avg": 5.28,
            "equity": 2710615,
            "current_ratio": 110.34,
            "debt_ratio": 58.79,
            "inventory_turnover_ratio": 1.96,
            "account_receivable_turnover_ratio": 1.95,
            "reinvestment_rate": null,
            "research_to_sale_ratio": 3.59,
            "price_fair": 0.6,
            "eps_avg_yearly": 0.2,
            "eps_latest_yearly": 0.2,
            "eps_growth_yearly": -288.89
        },
        "20111": {
            "year_quarter": 20111,
            "year": 2011,
            "quarter": 1,
            "eps": -0.15,
            "eps_growth_year": null,
            "eps_4q": -1.49,
            "eps_4q_growth_year": null,
            "roe": -4.29,
            "roe_4q": -21.590000000000003,
            "gross_profit": 21270,
            "gross_margin": 1.14,
            "gross_margin_4q_avg": 2.03,
            "net_income": -113212,
            "revenue": 1871740,
            "common_shares": 2973318,
            "book_valuer_per_share": 4.41,
            "book_valuer_per_share_4q_avg": 4.9,
            "equity": 2569825,
            "current_ratio": 112.52,
            "debt_ratio": 60.43,
            "inventory_turnover_ratio": 1.44,
            "account_receivable_turnover_ratio": 1.47,
            "reinvestment_rate": null,
            "research_to_sale_ratio": 3.71,
            "price_fair": 0,
            "eps_avg_yearly": 0,
            "eps_latest_yearly": 0,
            "eps_growth_yearly": 0
        },
        "20112": {
            "year_quarter": 20112,
            "year": 2011,
            "quarter": 2,
            "eps": -0.46,
            "eps_growth_year": null,
            "eps_4q": -1.46,
            "eps_4q_growth_year": null,
            "roe": -8.63,
            "roe_4q": -25.48,
            "gross_profit": 30870,
            "gross_margin": 1.34,
            "gross_margin_4q_avg": 1.81,
            "net_income": -209515,
            "revenue": 2305812,
            "common_shares": 2973318,
            "book_valuer_per_share": 3.86,
            "book_valuer_per_share_4q_avg": 4.51,
            "equity": 2283732,
            "current_ratio": 97.83,
            "debt_ratio": 65.24,
            "inventory_turnover_ratio": 1.57,
            "account_receivable_turnover_ratio": 1.74,
            "reinvestment_rate": null,
            "research_to_sale_ratio": 3.1,
            "price_fair": 0,
            "eps_avg_yearly": 0,
            "eps_latest_yearly": 0,
            "eps_growth_yearly": 0
        },
        "20113": {
            "year_quarter": 20113,
            "year": 2011,
            "quarter": 3,
            "eps": -0.26,
            "eps_growth_year": null,
            "eps_4q": -1.26,
            "eps_4q_growth_year": null,
            "roe": -7.32,
            "roe_4q": -27.75,
            "gross_profit": 32388,
            "gross_margin": 1.12,
            "gross_margin_4q_avg": 0.87,
            "net_income": -156262,
            "revenue": 2901649,
            "common_shares": 2973318,
            "book_valuer_per_share": 3.49,
            "book_valuer_per_share_4q_avg": 4.11,
            "equity": 1987075,
            "current_ratio": 91.13,
            "debt_ratio": 68.56,
            "inventory_turnover_ratio": 1.83,
            "account_receivable_turnover_ratio": 2.09,
            "reinvestment_rate": null,
            "research_to_sale_ratio": 1.18,
            "price_fair": 0,
            "eps_avg_yearly": 0,
            "eps_latest_yearly": 0,
            "eps_growth_yearly": 0
        },
        "20114": {
            "year_quarter": 20114,
            "year": 2011,
            "quarter": 4,
            "eps": -1.08,
            "eps_growth_year": null,
            "eps_4q": -1.94,
            "eps_4q_growth_year": null,
            "roe": -23.05,
            "roe_4q": -43.29,
            "gross_profit": -35217,
            "gross_margin": -2.17,
            "gross_margin_4q_avg": 0.36,
            "net_income": -409413,
            "revenue": 1620884,
            "common_shares": 2973318,
            "book_valuer_per_share": 2.38,
            "book_valuer_per_share_4q_avg": 3.54,
            "equity": 1564964,
            "current_ratio": 137.61,
            "debt_ratio": 72.33,
            "inventory_turnover_ratio": 1.17,
            "account_receivable_turnover_ratio": 1.21,
            "reinvestment_rate": null,
            "research_to_sale_ratio": 1.55,
            "price_fair": 0,
            "eps_avg_yearly": 0,
            "eps_latest_yearly": 0,
            "eps_growth_yearly": 0
        },
        "20121": {
            "year_quarter": 20121,
            "year": 2012,
            "quarter": 1,
            "eps": -0.33,
            "eps_growth_year": null,
            "eps_4q": -2.12,
            "eps_4q_growth_year": null,
            "roe": -7.82,
            "roe_4q": -46.82,
            "gross_profit": 84645,
            "gross_margin": 4.78,
            "gross_margin_4q_avg": 1.27,
            "net_income": -96899,
            "revenue": 1769042,
            "common_shares": 2973318,
            "book_valuer_per_share": 2.05,
            "book_valuer_per_share_4q_avg": 2.95,
            "equity": 912151,
            "current_ratio": 122.99,
            "debt_ratio": 79.01,
            "inventory_turnover_ratio": 1.27,
            "account_receivable_turnover_ratio": 1.38,
            "reinvestment_rate": null,
            "research_to_sale_ratio": 2.09,
            "price_fair": 0,
            "eps_avg_yearly": 0,
            "eps_latest_yearly": 0,
            "eps_growth_yearly": 0
        },
        "20122": {
            "year_quarter": 20122,
            "year": 2012,
            "quarter": 2,
            "eps": -0.6,
            "eps_growth_year": null,
            "eps_4q": -2.26,
            "eps_4q_growth_year": null,
            "roe": -20.39,
            "roe_4q": -58.580000000000005,
            "gross_profit": 32816,
            "gross_margin": 1.71,
            "gross_margin_4q_avg": 1.36,
            "net_income": -167780,
            "revenue": 1913696,
            "common_shares": 2973318,
            "book_valuer_per_share": 1.42,
            "book_valuer_per_share_4q_avg": 2.34,
            "equity": 733738,
            "current_ratio": 117.36,
            "debt_ratio": 82.38,
            "inventory_turnover_ratio": 1.45,
            "account_receivable_turnover_ratio": 1.53,
            "reinvestment_rate": null,
            "research_to_sale_ratio": 3.13,
            "price_fair": 0,
            "eps_avg_yearly": 0,
            "eps_latest_yearly": 0,
            "eps_growth_yearly": 0
        },
        "20123": {
            "year_quarter": 20123,
            "year": 2012,
            "quarter": 3,
            "eps": -0.81,
            "eps_growth_year": null,
            "eps_4q": -2.82,
            "eps_4q_growth_year": null,
            "roe": -37.41,
            "roe_4q": -88.67,
            "gross_profit": 26218,
            "gross_margin": 1.59,
            "gross_margin_4q_avg": 1.48,
            "net_income": -231418,
            "revenue": 1649085,
            "common_shares": 2973318,
            "book_valuer_per_share": 0.62,
            "book_valuer_per_share_4q_avg": 1.62,
            "equity": 503311,
            "current_ratio": 112.95,
            "debt_ratio": 87.06,
            "inventory_turnover_ratio": 1.41,
            "account_receivable_turnover_ratio": 1.36,
            "reinvestment_rate": null,
            "research_to_sale_ratio": 3.62,
            "price_fair": 0,
            "eps_avg_yearly": 0,
            "eps_latest_yearly": 0,
            "eps_growth_yearly": 0
        },
        "20124": {
            "year_quarter": 20124,
            "year": 2012,
            "quarter": 4,
            "eps": -0.52,
            "eps_growth_year": null,
            "eps_4q": -2.26,
            "eps_4q_growth_year": null,
            "roe": -22.14,
            "roe_4q": -87.75999999999999,
            "gross_profit": 78205,
            "gross_margin": 4.07,
            "gross_margin_4q_avg": 3.04,
            "net_income": -148547,
            "revenue": 1922354,
            "common_shares": 2973318,
            "book_valuer_per_share": 0.85,
            "book_valuer_per_share_4q_avg": 1.24,
            "equity": 838662,
            "current_ratio": 129.71,
            "debt_ratio": 79.41,
            "inventory_turnover_ratio": 1.82,
            "account_receivable_turnover_ratio": 1.72,
            "reinvestment_rate": null,
            "research_to_sale_ratio": 2.39,
            "price_fair": 0,
            "eps_avg_yearly": 0,
            "eps_latest_yearly": 0,
            "eps_growth_yearly": 0
        },
        "20131": {
            "year_quarter": 20131,
            "year": 2013,
            "quarter": 1,
            "eps": -0.16,
            "eps_growth_year": null,
            "eps_4q": -2.08,
            "eps_4q_growth_year": null,
            "roe": -6.27,
            "roe_4q": -86.21,
            "gross_profit": 147201,
            "gross_margin": 8.39,
            "gross_margin_4q_avg": 3.94,
            "net_income": -46377,
            "revenue": 1754262,
            "common_shares": 2973318,
            "book_valuer_per_share": 0.53,
            "book_valuer_per_share_4q_avg": 0.86,
            "equity": 639864,
            "current_ratio": 101.3,
            "debt_ratio": 83.33,
            "inventory_turnover_ratio": 1.72,
            "account_receivable_turnover_ratio": 1.6,
            "reinvestment_rate": null,
            "research_to_sale_ratio": 2.52,
            "price_fair": 0,
            "eps_avg_yearly": 0,
            "eps_latest_yearly": 0,
            "eps_growth_yearly": 0
        },
        "20132": {
            "year_quarter": 20132,
            "year": 2013,
            "quarter": 2,
            "eps": 0.22,
            "eps_growth_year": null,
            "eps_4q": -1.27,
            "eps_4q_growth_year": null,
            "roe": 11.32,
            "roe_4q": -54.5,
            "gross_profit": 171780,
            "gross_margin": 9.08,
            "gross_margin_4q_avg": 5.78,
            "net_income": 70384,
            "revenue": 1891488,
            "common_shares": 2973318,
            "book_valuer_per_share": 0.48,
            "book_valuer_per_share_4q_avg": 0.62,
            "equity": 603542,
            "current_ratio": 101.41,
            "debt_ratio": 85.06,
            "inventory_turnover_ratio": 1.75,
            "account_receivable_turnover_ratio": 1.71,
            "reinvestment_rate": null,
            "research_to_sale_ratio": 2.65,
            "price_fair": 0,
            "eps_avg_yearly": 0,
            "eps_latest_yearly": 0,
            "eps_growth_yearly": 0
        },
        "20133": {
            "year_quarter": 20133,
            "year": 2013,
            "quarter": 3,
            "eps": -0.01,
            "eps_growth_year": null,
            "eps_4q": -0.47,
            "eps_4q_growth_year": null,
            "roe": 1.84,
            "roe_4q": -15.25,
            "gross_profit": 176727,
            "gross_margin": 9.54,
            "gross_margin_4q_avg": 7.77,
            "net_income": 11369,
            "revenue": 1853107,
            "common_shares": 2973318,
            "book_valuer_per_share": 0.51,
            "book_valuer_per_share_4q_avg": 0.59,
            "equity": 633501,
            "current_ratio": 125.72,
            "debt_ratio": 81.72,
            "inventory_turnover_ratio": 1.88,
            "account_receivable_turnover_ratio": 1.92,
            "reinvestment_rate": null,
            "research_to_sale_ratio": 2.64,
            "price_fair": 0,
            "eps_avg_yearly": 0,
            "eps_latest_yearly": 0,
            "eps_growth_yearly": 0
        },
        "20134": {
            "year_quarter": 20134,
            "year": 2013,
            "quarter": 4,
            "eps": -0.03,
            "eps_growth_year": null,
            "eps_4q": 0.02,
            "eps_4q_growth_year": null,
            "roe": 0.76,
            "roe_4q": 7.65,
            "gross_profit": 182760,
            "gross_margin": 11.59,
            "gross_margin_4q_avg": 9.65,
            "net_income": 4838,
            "revenue": 1577043,
            "common_shares": 2973318,
            "book_valuer_per_share": 0.49,
            "book_valuer_per_share_4q_avg": 0.5,
            "equity": 633106,
            "current_ratio": 103.13,
            "debt_ratio": 81.86,
            "inventory_turnover_ratio": 1.98,
            "account_receivable_turnover_ratio": 1.75,
            "reinvestment_rate": null,
            "research_to_sale_ratio": 3.08,
            "price_fair": 0,
            "eps_avg_yearly": 0,
            "eps_latest_yearly": 0,
            "eps_growth_yearly": 0
        },
        "20141": {
            "year_quarter": 20141,
            "year": 2014,
            "quarter": 1,
            "eps": -0.01,
            "eps_growth_year": null,
            "eps_4q": 0.18,
            "eps_4q_growth_year": null,
            "roe": 1.3,
            "roe_4q": 15.22,
            "gross_profit": 113479,
            "gross_margin": 7.49,
            "gross_margin_4q_avg": 9.43,
            "net_income": 8105,
            "revenue": 1514317,
            "common_shares": 2973318,
            "book_valuer_per_share": 0.44,
            "book_valuer_per_share_4q_avg": 0.48,
            "equity": 615955,
            "current_ratio": 104.54,
            "debt_ratio": 80.44,
            "inventory_turnover_ratio": 2.12,
            "account_receivable_turnover_ratio": 1.8,
            "reinvestment_rate": null,
            "research_to_sale_ratio": 2.8,
            "price_fair": 0,
            "eps_avg_yearly": 0,
            "eps_latest_yearly": 0,
            "eps_growth_yearly": 0
        },
        "20142": {
            "year_quarter": 20142,
            "year": 2014,
            "quarter": 2,
            "eps": 0.04,
            "eps_growth_year": -81.82,
            "eps_4q": -0,
            "eps_4q_growth_year": null,
            "roe": 5.42,
            "roe_4q": 9.32,
            "gross_profit": 188400,
            "gross_margin": 9.63,
            "gross_margin_4q_avg": 9.56,
            "net_income": 33756,
            "revenue": 1956246,
            "common_shares": 2973318,
            "book_valuer_per_share": 0.46,
            "book_valuer_per_share_4q_avg": 0.48,
            "equity": 629037,
            "current_ratio": 105.13,
            "debt_ratio": 82.99,
            "inventory_turnover_ratio": 2.42,
            "account_receivable_turnover_ratio": 2.17,
            "reinvestment_rate": null,
            "research_to_sale_ratio": 1.97,
            "price_fair": 0,
            "eps_avg_yearly": 0,
            "eps_latest_yearly": 0,
            "eps_growth_yearly": 0
        },
        "20143": {
            "year_quarter": 20143,
            "year": 2014,
            "quarter": 3,
            "eps": -0.17,
            "eps_growth_year": null,
            "eps_4q": -0.17,
            "eps_4q_growth_year": null,
            "roe": -6.34,
            "roe_4q": 1.1400000000000001,
            "gross_profit": 125103,
            "gross_margin": 8.51,
            "gross_margin_4q_avg": 9.31,
            "net_income": -38191,
            "revenue": 1470818,
            "common_shares": 2973318,
            "book_valuer_per_share": 0.36,
            "book_valuer_per_share_4q_avg": 0.44,
            "equity": 576664,
            "current_ratio": 104.34,
            "debt_ratio": 82.92,
            "inventory_turnover_ratio": 1.73,
            "account_receivable_turnover_ratio": 1.54,
            "reinvestment_rate": null,
            "research_to_sale_ratio": 2.74,
            "price_fair": 0,
            "eps_avg_yearly": 0,
            "eps_latest_yearly": 0,
            "eps_growth_yearly": 0
        },
        "20144": {
            "year_quarter": 20144,
            "year": 2014,
            "quarter": 4,
            "eps": -0.16,
            "eps_growth_year": null,
            "eps_4q": -0.29,
            "eps_4q_growth_year": -1485.84,
            "roe": -7.18,
            "roe_4q": -6.8,
            "gross_profit": 126400,
            "gross_margin": 10.33,
            "gross_margin_4q_avg": 8.99,
            "net_income": -39749,
            "revenue": 1223346,
            "common_shares": 2973318,
            "book_valuer_per_share": 0.27,
            "book_valuer_per_share_4q_avg": 0.38,
            "equity": 530154,
            "current_ratio": 104.01,
            "debt_ratio": 80.01,
            "inventory_turnover_ratio": 1.58,
            "account_receivable_turnover_ratio": 1.7,
            "reinvestment_rate": null,
            "research_to_sale_ratio": 3.56,
            "price_fair": 0,
            "eps_avg_yearly": 0,
            "eps_latest_yearly": 0,
            "eps_growth_yearly": 0
        },
        "20151": {
            "year_quarter": 20151,
            "year": 2015,
            "quarter": 1,
            "eps": 0,
            "eps_growth_year": null,
            "eps_4q": -0.28,
            "eps_4q_growth_year": -261.56,
            "roe": 0.44,
            "roe_4q": -7.659999999999998,
            "gross_profit": 106462,
            "gross_margin": 10.98,
            "gross_margin_4q_avg": 9.86,
            "net_income": 2437,
            "revenue": 969708,
            "common_shares": 2973318,
            "book_valuer_per_share": 0.33,
            "book_valuer_per_share_4q_avg": 0.36,
            "equity": 565524,
            "current_ratio": 118.14,
            "debt_ratio": 77.88,
            "inventory_turnover_ratio": 1.45,
            "account_receivable_turnover_ratio": 1.6,
            "reinvestment_rate": null,
            "research_to_sale_ratio": 3.69,
            "price_fair": 0,
            "eps_avg_yearly": 0,
            "eps_latest_yearly": 0,
            "eps_growth_yearly": 0
        },
        "20152": {
            "year_quarter": 20152,
            "year": 2015,
            "quarter": 2,
            "eps": -0.15,
            "eps_growth_year": -475,
            "eps_4q": -0.47,
            "eps_4q_growth_year": null,
            "roe": -9.14,
            "roe_4q": -22.22,
            "gross_profit": 62421,
            "gross_margin": 7.74,
            "gross_margin_4q_avg": 9.39,
            "net_income": -47546,
            "revenue": 806228,
            "common_shares": 2973318,
            "book_valuer_per_share": 0.25,
            "book_valuer_per_share_4q_avg": 0.3,
            "equity": 474458,
            "current_ratio": 112.08,
            "debt_ratio": 81.87,
            "inventory_turnover_ratio": 1.14,
            "account_receivable_turnover_ratio": 1.58,
            "reinvestment_rate": null,
            "research_to_sale_ratio": 4.42,
            "price_fair": 0,
            "eps_avg_yearly": 0,
            "eps_latest_yearly": 0,
            "eps_growth_yearly": 0
        },
        "20153": {
            "year_quarter": 20153,
            "year": 2015,
            "quarter": 3,
            "eps": -0.06,
            "eps_growth_year": null,
            "eps_4q": -0.35,
            "eps_4q_growth_year": null,
            "roe": -3.31,
            "roe_4q": -19.19,
            "gross_profit": 113610,
            "gross_margin": 8.78,
            "gross_margin_4q_avg": 9.46,
            "net_income": -14758,
            "revenue": 1293920,
            "common_shares": 2973318,
            "book_valuer_per_share": 0.15,
            "book_valuer_per_share_4q_avg": 0.25,
            "equity": 416460,
            "current_ratio": 108.89,
            "debt_ratio": 85.19,
            "inventory_turnover_ratio": 1.61,
            "account_receivable_turnover_ratio": 2.16,
            "reinvestment_rate": null,
            "research_to_sale_ratio": 2.51,
            "price_fair": 0,
            "eps_avg_yearly": 0,
            "eps_latest_yearly": 0,
            "eps_growth_yearly": 0
        },
        "20154": {
            "year_quarter": 20154,
            "year": 2015,
            "quarter": 4,
            "eps": -0.07,
            "eps_growth_year": null,
            "eps_4q": -0.27,
            "eps_4q_growth_year": null,
            "roe": -4.08,
            "roe_4q": -16.09,
            "gross_profit": 114711,
            "gross_margin": 11.35,
            "gross_margin_4q_avg": 9.71,
            "net_income": -16832,
            "revenue": 1011011,
            "common_shares": 2973318,
            "book_valuer_per_share": 0.14,
            "book_valuer_per_share_4q_avg": 0.22,
            "equity": 409373,
            "current_ratio": 109.83,
            "debt_ratio": 83.61,
            "inventory_turnover_ratio": 1.32,
            "account_receivable_turnover_ratio": 1.58,
            "reinvestment_rate": null,
            "research_to_sale_ratio": 3.46,
            "price_fair": 0,
            "eps_avg_yearly": 0,
            "eps_latest_yearly": 0,
            "eps_growth_yearly": 0
        },
        "20161": {
            "year_quarter": 20161,
            "year": 2016,
            "quarter": 1,
            "eps": 0.03,
            "eps_growth_year": null,
            "eps_4q": -0.24,
            "eps_4q_growth_year": null,
            "roe": 1.75,
            "roe_4q": -14.780000000000001,
            "gross_profit": 114013,
            "gross_margin": 11.38,
            "gross_margin_4q_avg": 9.81,
            "net_income": 8050,
            "revenue": 1002010,
            "common_shares": 2973318,
            "book_valuer_per_share": 0.3,
            "book_valuer_per_share_4q_avg": 0.21,
            "equity": 511636,
            "current_ratio": 107.78,
            "debt_ratio": 81.41,
            "inventory_turnover_ratio": 1.35,
            "account_receivable_turnover_ratio": 1.78,
            "reinvestment_rate": null,
            "research_to_sale_ratio": 3.22,
            "price_fair": 0,
            "eps_avg_yearly": 0,
            "eps_latest_yearly": 0,
            "eps_growth_yearly": 0
        },
        "20162": {
            "year_quarter": 20162,
            "year": 2016,
            "quarter": 2,
            "eps": 0.08,
            "eps_growth_year": null,
            "eps_4q": -0.02,
            "eps_4q_growth_year": null,
            "roe": 5.68,
            "roe_4q": 0.03999999999999959,
            "gross_profit": 128819,
            "gross_margin": 12.35,
            "gross_margin_4q_avg": 10.97,
            "net_income": 29439,
            "revenue": 1043160,
            "common_shares": 2973318,
            "book_valuer_per_share": 0.31,
            "book_valuer_per_share_4q_avg": 0.23,
            "equity": 525246,
            "current_ratio": 108.8,
            "debt_ratio": 81.29,
            "inventory_turnover_ratio": 1.49,
            "account_receivable_turnover_ratio": 1.56,
            "reinvestment_rate": null,
            "research_to_sale_ratio": 3.32,
            "price_fair": 11.2,
            "eps_avg_yearly": 0.32,
            "eps_latest_yearly": 0.32,
            "eps_growth_yearly": 666.67
        },
        "20163": {
            "year_quarter": 20163,
            "year": 2016,
            "quarter": 3,
            "eps": 0.05,
            "eps_growth_year": null,
            "eps_4q": 0.09,
            "eps_4q_growth_year": null,
            "roe": 3.25,
            "roe_4q": 6.6,
            "gross_profit": 125942,
            "gross_margin": 14.33,
            "gross_margin_4q_avg": 12.35,
            "net_income": 17762,
            "revenue": 878764,
            "common_shares": 2973318,
            "book_valuer_per_share": 0.46,
            "book_valuer_per_share_4q_avg": 0.3,
            "equity": 566430,
            "current_ratio": 108.03,
            "debt_ratio": 79.52,
            "inventory_turnover_ratio": 1.2,
            "account_receivable_turnover_ratio": 1.41,
            "reinvestment_rate": null,
            "research_to_sale_ratio": 3.99,
            "price_fair": 9.1,
            "eps_avg_yearly": 0.26,
            "eps_latest_yearly": 0.2,
            "eps_growth_yearly": 258.33
        },
        "20164": {
            "year_quarter": 20164,
            "year": 2016,
            "quarter": 4,
            "eps": 0,
            "eps_growth_year": null,
            "eps_4q": 0.16,
            "eps_4q_growth_year": null,
            "roe": 1.46,
            "roe_4q": 12.14,
            "gross_profit": 139303,
            "gross_margin": 11.83,
            "gross_margin_4q_avg": 12.47,
            "net_income": 8112,
            "revenue": 1177112,
            "common_shares": 2973318,
            "book_valuer_per_share": 0.42,
            "book_valuer_per_share_4q_avg": 0.37,
            "equity": 547516,
            "current_ratio": 109.23,
            "debt_ratio": 81.12,
            "inventory_turnover_ratio": 1.8,
            "account_receivable_turnover_ratio": 1.56,
            "reinvestment_rate": null,
            "research_to_sale_ratio": 3.41,
            "price_fair": 9.1,
            "eps_avg_yearly": 0.26,
            "eps_latest_yearly": 0.2,
            "eps_growth_yearly": 258.33
        },
        "20171": {
            "year_quarter": 20171,
            "year": 2017,
            "quarter": 1,
            "eps": -0.13,
            "eps_growth_year": -533.33,
            "eps_4q": 0.01,
            "eps_4q_growth_year": null,
            "roe": -6.72,
            "roe_4q": 3.67,
            "gross_profit": 85666,
            "gross_margin": 11.26,
            "gross_margin_4q_avg": 12.44,
            "net_income": -37322,
            "revenue": 760605,
            "common_shares": 2973318,
            "book_valuer_per_share": 0.45,
            "book_valuer_per_share_4q_avg": 0.41,
            "equity": 562631,
            "current_ratio": 100.71,
            "debt_ratio": 74.98,
            "inventory_turnover_ratio": 1.6,
            "account_receivable_turnover_ratio": 1.08,
            "reinvestment_rate": null,
            "research_to_sale_ratio": 4.67,
            "price_fair": 9.1,
            "eps_avg_yearly": 0.26,
            "eps_latest_yearly": 0.2,
            "eps_growth_yearly": 258.33
        },
        "20172": {
            "year_quarter": 20172,
            "year": 2017,
            "quarter": 2,
            "eps": 0.02,
            "eps_growth_year": -75,
            "eps_4q": -0.05,
            "eps_4q_growth_year": null,
            "roe": 1.43,
            "roe_4q": -0.5800000000000001,
            "gross_profit": 91935,
            "gross_margin": 11.65,
            "gross_margin_4q_avg": 12.27,
            "net_income": 8553,
            "revenue": 789109,
            "common_shares": 2973318,
            "book_valuer_per_share": 0.57,
            "book_valuer_per_share_4q_avg": 0.48,
            "equity": 631156,
            "current_ratio": 100.57,
            "debt_ratio": 73.56,
            "inventory_turnover_ratio": 1.61,
            "account_receivable_turnover_ratio": 2.02,
            "reinvestment_rate": null,
            "research_to_sale_ratio": 4.46,
            "price_fair": 9.1,
            "eps_avg_yearly": 0.26,
            "eps_latest_yearly": 0.2,
            "eps_growth_yearly": 258.33
        },
        "20173": {
            "year_quarter": 20173,
            "year": 2017,
            "quarter": 3,
            "eps": -0.03,
            "eps_growth_year": -160,
            "eps_4q": -0.13,
            "eps_4q_growth_year": -244.49,
            "roe": -1.9,
            "roe_4q": -5.7299999999999995,
            "gross_profit": 77980,
            "gross_margin": 8.52,
            "gross_margin_4q_avg": 10.82,
            "net_income": -11606,
            "revenue": 915035,
            "common_shares": 2973318,
            "book_valuer_per_share": 0.52,
            "book_valuer_per_share_4q_avg": 0.49,
            "equity": 591664,
            "current_ratio": 107.03,
            "debt_ratio": 73.81,
            "inventory_turnover_ratio": 2.12,
            "account_receivable_turnover_ratio": 2.24,
            "reinvestment_rate": null,
            "research_to_sale_ratio": 3.56,
            "price_fair": 9.1,
            "eps_avg_yearly": 0.26,
            "eps_latest_yearly": 0.2,
            "eps_growth_yearly": 258.33
        },
        "20174": {
            "year_quarter": 20174,
            "year": 2017,
            "quarter": 4,
            "eps": -0.08,
            "eps_growth_year": -1999.9,
            "eps_4q": -0.21,
            "eps_4q_growth_year": -229.04,
            "roe": -4.69,
            "roe_4q": -11.879999999999999,
            "gross_profit": 75488,
            "gross_margin": 12.17,
            "gross_margin_4q_avg": 10.9,
            "net_income": -26748,
            "revenue": 620506,
            "common_shares": 2973318,
            "book_valuer_per_share": 0.46,
            "book_valuer_per_share_4q_avg": 0.5,
            "equity": 549960,
            "current_ratio": 121.53,
            "debt_ratio": 75.43,
            "inventory_turnover_ratio": 1.87,
            "account_receivable_turnover_ratio": 1.38,
            "reinvestment_rate": null,
            "research_to_sale_ratio": 4.91,
            "price_fair": 9.1,
            "eps_avg_yearly": 0.26,
            "eps_latest_yearly": 0.2,
            "eps_growth_yearly": 258.33
        },
        "20181": {
            "year_quarter": 20181,
            "year": 2018,
            "quarter": 1,
            "eps": -0.11,
            "eps_growth_year": null,
            "eps_4q": -0.2,
            "eps_4q_growth_year": -3861.51,
            "roe": -7.86,
            "roe_4q": -13.020000000000001,
            "gross_profit": 52531,
            "gross_margin": 8.87,
            "gross_margin_4q_avg": 10.3,
            "net_income": -40865,
            "revenue": 592120,
            "common_shares": 2973318,
            "book_valuer_per_share": 0.37,
            "book_valuer_per_share_4q_avg": 0.48,
            "equity": 489721,
            "current_ratio": 118.21,
            "debt_ratio": 77.7,
            "inventory_turnover_ratio": 1.93,
            "account_receivable_turnover_ratio": 1.58,
            "reinvestment_rate": null,
            "research_to_sale_ratio": 4.43,
            "price_fair": 9.1,
            "eps_avg_yearly": 0.26,
            "eps_latest_yearly": 0.2,
            "eps_growth_yearly": 258.33
        },
        "20182": {
            "year_quarter": 20182,
            "year": 2018,
            "quarter": 2,
            "eps": 0.03,
            "eps_growth_year": 50,
            "eps_4q": -0.19,
            "eps_4q_growth_year": null,
            "roe": 1.26,
            "roe_4q": -13.190000000000001,
            "gross_profit": 63908,
            "gross_margin": 10.76,
            "gross_margin_4q_avg": 10.08,
            "net_income": 6339,
            "revenue": 594150,
            "common_shares": 2973318,
            "book_valuer_per_share": 0.43,
            "book_valuer_per_share_4q_avg": 0.45,
            "equity": 516918,
            "current_ratio": 120.16,
            "debt_ratio": 76.77,
            "inventory_turnover_ratio": 1.84,
            "account_receivable_turnover_ratio": 1.89,
            "reinvestment_rate": null,
            "research_to_sale_ratio": 4.29,
            "price_fair": 9.1,
            "eps_avg_yearly": 0.26,
            "eps_latest_yearly": 0.2,
            "eps_growth_yearly": 258.33
        },
        "20183": {
            "year_quarter": 20183,
            "year": 2018,
            "quarter": 3,
            "eps": -0.05,
            "eps_growth_year": null,
            "eps_4q": -0.38,
            "eps_4q_growth_year": null,
            "roe": -1.49,
            "roe_4q": -12.780000000000001,
            "gross_profit": 56254,
            "gross_margin": 8.5,
            "gross_margin_4q_avg": 10.08,
            "net_income": -8337,
            "revenue": 661795,
            "common_shares": 1486659,
            "book_valuer_per_share": 1.13,
            "book_valuer_per_share_4q_avg": 0.6,
            "equity": 600591,
            "current_ratio": 114.1,
            "debt_ratio": 73.56,
            "inventory_turnover_ratio": 2.07,
            "account_receivable_turnover_ratio": 1.91,
            "reinvestment_rate": null,
            "research_to_sale_ratio": 3.53,
            "price_fair": 9.1,
            "eps_avg_yearly": 0.26,
            "eps_latest_yearly": 0.2,
            "eps_growth_yearly": 258.33
        },
        "20184": {
            "year_quarter": 20184,
            "year": 2018,
            "quarter": 4,
            "eps": -0.09,
            "eps_growth_year": null,
            "eps_4q": -0.32,
            "eps_4q_growth_year": null,
            "roe": -2.11,
            "roe_4q": -10.2,
            "gross_profit": 71392,
            "gross_margin": 12.3,
            "gross_margin_4q_avg": 10.11,
            "net_income": -12643,
            "revenue": 580597,
            "common_shares": 1486659,
            "book_valuer_per_share": 1.12,
            "book_valuer_per_share_4q_avg": 0.76,
            "equity": 599009,
            "current_ratio": 114.33,
            "debt_ratio": 71.54,
            "inventory_turnover_ratio": 1.78,
            "account_receivable_turnover_ratio": 1.76,
            "reinvestment_rate": null,
            "research_to_sale_ratio": 3,
            "price_fair": 9.1,
            "eps_avg_yearly": 0.26,
            "eps_latest_yearly": 0.2,
            "eps_growth_yearly": 258.33
        },
        "20191": {
            "year_quarter": 20191,
            "year": 2019,
            "quarter": 1,
            "eps": -0.22,
            "eps_growth_year": null,
            "eps_4q": -0.31,
            "eps_4q_growth_year": null,
            "roe": -5.58,
            "roe_4q": -7.92,
            "gross_profit": 35919,
            "gross_margin": 8.05,
            "gross_margin_4q_avg": 9.9,
            "net_income": -35042,
            "revenue": 446327,
            "common_shares": 1486659,
            "book_valuer_per_share": 1.31,
            "book_valuer_per_share_4q_avg": 1,
            "equity": 655901,
            "current_ratio": 106.33,
            "debt_ratio": 72.69,
            "inventory_turnover_ratio": 1.47,
            "account_receivable_turnover_ratio": 1.55,
            "reinvestment_rate": null,
            "research_to_sale_ratio": 5.04,
            "price_fair": 9.1,
            "eps_avg_yearly": 0.26,
            "eps_latest_yearly": 0.2,
            "eps_growth_yearly": 258.33
        },
        "20192": {
            "year_quarter": 20192,
            "year": 2019,
            "quarter": 2,
            "eps": -0.06,
            "eps_growth_year": -300,
            "eps_4q": -0.42,
            "eps_4q_growth_year": null,
            "roe": -1.11,
            "roe_4q": -10.290000000000001,
            "gross_profit": 41473,
            "gross_margin": 9.16,
            "gross_margin_4q_avg": 9.5,
            "net_income": -8033,
            "revenue": 452681,
            "common_shares": 1486659,
            "book_valuer_per_share": 1.75,
            "book_valuer_per_share_4q_avg": 1.33,
            "equity": 796396,
            "current_ratio": 115.25,
            "debt_ratio": 68.93,
            "inventory_turnover_ratio": 1.48,
            "account_receivable_turnover_ratio": 1.67,
            "reinvestment_rate": null,
            "research_to_sale_ratio": 4.88,
            "price_fair": 9.1,
            "eps_avg_yearly": 0.26,
            "eps_latest_yearly": 0.2,
            "eps_growth_yearly": 258.33
        },
        "20193": {
            "year_quarter": 20193,
            "year": 2019,
            "quarter": 3,
            "eps": -0.31,
            "eps_growth_year": null,
            "eps_4q": -0.68,
            "eps_4q_growth_year": null,
            "roe": -6.25,
            "roe_4q": -15.05,
            "gross_profit": 35423,
            "gross_margin": 12.12,
            "gross_margin_4q_avg": 10.41,
            "net_income": -43113,
            "revenue": 292215,
            "common_shares": 1486659,
            "book_valuer_per_share": 1.07,
            "book_valuer_per_share_4q_avg": 1.31,
            "equity": 583321,
            "current_ratio": 112.59,
            "debt_ratio": 74.12,
            "inventory_turnover_ratio": 0.96,
            "account_receivable_turnover_ratio": 1.18,
            "reinvestment_rate": null,
            "research_to_sale_ratio": 6.55,
            "price_fair": 9.1,
            "eps_avg_yearly": 0.26,
            "eps_latest_yearly": 0.2,
            "eps_growth_yearly": 258.33
        },
        "20194": {
            "year_quarter": 20194,
            "year": 2019,
            "quarter": 4,
            "eps": -0.2,
            "eps_growth_year": null,
            "eps_4q": -0.78,
            "eps_4q_growth_year": null,
            "roe": -4.97,
            "roe_4q": -17.909999999999997,
            "gross_profit": 82999,
            "gross_margin": 22.27,
            "gross_margin_4q_avg": 12.9,
            "net_income": -29725,
            "revenue": 372771,
            "common_shares": 1486659,
            "book_valuer_per_share": 1.15,
            "book_valuer_per_share_4q_avg": 1.32,
            "equity": 613465,
            "current_ratio": 110.7,
            "debt_ratio": 72.5,
            "inventory_turnover_ratio": 1.26,
            "account_receivable_turnover_ratio": 1.63,
            "reinvestment_rate": null,
            "research_to_sale_ratio": 18.96,
            "price_fair": 9.1,
            "eps_avg_yearly": 0.26,
            "eps_latest_yearly": 0.2,
            "eps_growth_yearly": 258.33
        },
        "20201": {
            "year_quarter": 20201,
            "year": 2020,
            "quarter": 1,
            "eps": -0.19,
            "eps_growth_year": null,
            "eps_4q": -0.75,
            "eps_4q_growth_year": null,
            "roe": -5.4,
            "roe_4q": -17.73,
            "gross_profit": 33238,
            "gross_margin": 13.24,
            "gross_margin_4q_avg": 14.2,
            "net_income": -27580,
            "revenue": 251103,
            "common_shares": 1486659,
            "book_valuer_per_share": 0.5,
            "book_valuer_per_share_4q_avg": 1.12,
            "equity": 408847,
            "current_ratio": 107.51,
            "debt_ratio": 78.92,
            "inventory_turnover_ratio": 1.17,
            "account_receivable_turnover_ratio": 1.25,
            "reinvestment_rate": null,
            "research_to_sale_ratio": 8.8,
            "price_fair": 9.1,
            "eps_avg_yearly": 0.26,
            "eps_latest_yearly": 0.2,
            "eps_growth_yearly": 258.33
        },
        "20202": {
            "year_quarter": 20202,
            "year": 2020,
            "quarter": 2,
            "eps": 0.01,
            "eps_growth_year": null,
            "eps_4q": -0.68,
            "eps_4q_growth_year": null,
            "roe": 0.17,
            "roe_4q": -16.45,
            "gross_profit": 41763,
            "gross_margin": 13.97,
            "gross_margin_4q_avg": 15.4,
            "net_income": 822,
            "revenue": 298886,
            "common_shares": 1486659,
            "book_valuer_per_share": 0.95,
            "book_valuer_per_share_4q_avg": 0.92,
            "equity": 538372,
            "current_ratio": 106.01,
            "debt_ratio": 74.21,
            "inventory_turnover_ratio": 1.62,
            "account_receivable_turnover_ratio": 1.6,
            "reinvestment_rate": null,
            "research_to_sale_ratio": 7.76,
            "price_fair": 0.6,
            "eps_avg_yearly": 0.2,
            "eps_latest_yearly": 0.2,
            "eps_growth_yearly": -150
        },
        "20203": {
            "year_quarter": 20203,
            "year": 2020,
            "quarter": 3,
            "eps": -0.21,
            "eps_growth_year": null,
            "eps_4q": -1.47,
            "eps_4q_growth_year": null,
            "roe": -1.73,
            "roe_4q": -11.93,
            "gross_profit": 50163,
            "gross_margin": 17.83,
            "gross_margin_4q_avg": 16.83,
            "net_income": -8732,
            "revenue": 281343,
            "common_shares": 445997,
            "book_valuer_per_share": 2.43,
            "book_valuer_per_share_4q_avg": 1.26,
            "equity": 468799,
            "current_ratio": 107.09,
            "debt_ratio": 75.93,
            "inventory_turnover_ratio": 1.63,
            "account_receivable_turnover_ratio": 1.41,
            "reinvestment_rate": null,
            "research_to_sale_ratio": 7.92,
            "price_fair": 0,
            "eps_avg_yearly": 0,
            "eps_latest_yearly": 0,
            "eps_growth_yearly": 0
        },
        "20204": {
            "year_quarter": 20204,
            "year": 2020,
            "quarter": 4,
            "eps": -0.09,
            "eps_growth_year": null,
            "eps_4q": -0.9,
            "eps_4q_growth_year": null,
            "roe": 0.17,
            "roe_4q": -6.790000000000001,
            "gross_profit": 57925,
            "gross_margin": 23.72,
            "gross_margin_4q_avg": 17.19,
            "net_income": 789,
            "revenue": 244215,
            "common_shares": 445997,
            "book_valuer_per_share": 2.48,
            "book_valuer_per_share_4q_avg": 1.59,
            "equity": 478995,
            "current_ratio": 106.13,
            "debt_ratio": 74.83,
            "inventory_turnover_ratio": 1.38,
            "account_receivable_turnover_ratio": 1.29,
            "reinvestment_rate": null,
            "research_to_sale_ratio": 6.6,
            "price_fair": 0,
            "eps_avg_yearly": 0,
            "eps_latest_yearly": 0,
            "eps_growth_yearly": 0
        },
        "20211": {
            "year_quarter": 20211,
            "year": 2021,
            "quarter": 1,
            "eps": 0.03,
            "eps_growth_year": null,
            "eps_4q": -0.24,
            "eps_4q_growth_year": null,
            "roe": 1,
            "roe_4q": -0.39,
            "gross_profit": 62274,
            "gross_margin": 25.2,
            "gross_margin_4q_avg": 20.18,
            "net_income": 4886,
            "revenue": 247163,
            "common_shares": 445997,
            "book_valuer_per_share": 2.61,
            "book_valuer_per_share_4q_avg": 2.12,
            "equity": 494717,
            "current_ratio": 106.53,
            "debt_ratio": 74.21,
            "inventory_turnover_ratio": 1.42,
            "account_receivable_turnover_ratio": 1.33,
            "reinvestment_rate": null,
            "research_to_sale_ratio": 6.05,
            "price_fair": 0,
            "eps_avg_yearly": 0,
            "eps_latest_yearly": 0,
            "eps_growth_yearly": 0
        },
        "20212": {
            "year_quarter": 20212,
            "year": 2021,
            "quarter": 2,
            "eps": -0.03,
            "eps_growth_year": -400,
            "eps_4q": -0.3,
            "eps_4q_growth_year": null,
            "roe": 0.26,
            "roe_4q": -0.30000000000000004,
            "gross_profit": 55368,
            "gross_margin": 20.27,
            "gross_margin_4q_avg": 21.76,
            "net_income": 1236,
            "revenue": 273164,
            "common_shares": 445997,
            "book_valuer_per_share": 2.24,
            "book_valuer_per_share_4q_avg": 2.44,
            "equity": 462166,
            "current_ratio": 80.57,
            "debt_ratio": 76.04,
            "inventory_turnover_ratio": 1.55,
            "account_receivable_turnover_ratio": 1.37,
            "reinvestment_rate": null,
            "research_to_sale_ratio": 4.95,
            "price_fair": 0,
            "eps_avg_yearly": 0,
            "eps_latest_yearly": 0,
            "eps_growth_yearly": 0
        },
        "20213": {
            "year_quarter": 20213,
            "year": 2021,
            "quarter": 3,
            "eps": 0.1,
            "eps_growth_year": null,
            "eps_4q": 0.01,
            "eps_4q_growth_year": null,
            "roe": 1.86,
            "roe_4q": 3.29,
            "gross_profit": 57437,
            "gross_margin": 20.19,
            "gross_margin_4q_avg": 22.35,
            "net_income": 8487,
            "revenue": 284473,
            "common_shares": 445997,
            "book_valuer_per_share": 2.14,
            "book_valuer_per_share_4q_avg": 2.37,
            "equity": 450670,
            "current_ratio": 82.19,
            "debt_ratio": 77.63,
            "inventory_turnover_ratio": 1.46,
            "account_receivable_turnover_ratio": 1.37,
            "reinvestment_rate": null,
            "research_to_sale_ratio": 6.96,
            "price_fair": 0,
            "eps_avg_yearly": 0,
            "eps_latest_yearly": 0,
            "eps_growth_yearly": 0
        },
        "20214": {
            "year_quarter": 20214,
            "year": 2021,
            "quarter": 4,
            "eps": 0.01,
            "eps_growth_year": null,
            "eps_4q": 0.12,
            "eps_4q_growth_year": null,
            "roe": 0.73,
            "roe_4q": 3.8499999999999996,
            "gross_profit": 67027,
            "gross_margin": 25.24,
            "gross_margin_4q_avg": 22.73,
            "net_income": 3377,
            "revenue": 265539,
            "common_shares": 445997,
            "book_valuer_per_share": 2.4,
            "book_valuer_per_share_4q_avg": 2.35,
            "equity": 478530,
            "current_ratio": 98.47,
            "debt_ratio": 76.57,
            "inventory_turnover_ratio": 1.08,
            "account_receivable_turnover_ratio": 1.26,
            "reinvestment_rate": null,
            "research_to_sale_ratio": 6.82,
            "price_fair": 0.12,
            "eps_avg_yearly": 0.04,
            "eps_latest_yearly": 0.04,
            "eps_growth_yearly": -360
        },
        "20221": {
            "year_quarter": 20221,
            "year": 2022,
            "quarter": 1,
            "eps": 0.05,
            "eps_growth_year": 66.67,
            "eps_4q": 0.14,
            "eps_4q_growth_year": null,
            "roe": 1.62,
            "roe_4q": 4.47,
            "gross_profit": 63878,
            "gross_margin": 23.39,
            "gross_margin_4q_avg": 22.27,
            "net_income": 7598,
            "revenue": 273124,
            "common_shares": 445997,
            "book_valuer_per_share": 2.17,
            "book_valuer_per_share_4q_avg": 2.24,
            "equity": 461331,
            "current_ratio": 98.16,
            "debt_ratio": 76.09,
            "inventory_turnover_ratio": 1.04,
            "account_receivable_turnover_ratio": 1.29,
            "reinvestment_rate": null,
            "research_to_sale_ratio": 7.08,
            "price_fair": 4.2,
            "eps_avg_yearly": 0.12,
            "eps_latest_yearly": 0.2,
            "eps_growth_yearly": 620
        },
        "20222": {
            "year_quarter": 20222,
            "year": 2022,
            "quarter": 2,
            "eps": 0.11,
            "eps_growth_year": null,
            "eps_4q": 0.28,
            "eps_4q_growth_year": null,
            "roe": 2.44,
            "roe_4q": 6.650000000000001,
            "gross_profit": 59291,
            "gross_margin": 22.62,
            "gross_margin_4q_avg": 22.86,
            "net_income": 10942,
            "revenue": 262089,
            "common_shares": 445997,
            "book_valuer_per_share": 1.97,
            "book_valuer_per_share_4q_avg": 2.17,
            "equity": 437402,
            "current_ratio": 98.34,
            "debt_ratio": 77.55,
            "inventory_turnover_ratio": 1.02,
            "account_receivable_turnover_ratio": 1.29,
            "reinvestment_rate": null,
            "research_to_sale_ratio": 8.2,
            "price_fair": 7.93,
            "eps_avg_yearly": 0.23,
            "eps_latest_yearly": 0.44,
            "eps_growth_yearly": 573.33
        },
        "20223": {
            "year_quarter": 20223,
            "year": 2022,
            "quarter": 3,
            "eps": 0.08,
            "eps_growth_year": -20,
            "eps_4q": 0.26,
            "eps_4q_growth_year": 1715.09,
            "roe": 2.38,
            "roe_4q": 7.17,
            "gross_profit": 64559,
            "gross_margin": 26.2,
            "gross_margin_4q_avg": 24.36,
            "net_income": 10777,
            "revenue": 246431,
            "common_shares": 445997,
            "book_valuer_per_share": 2.2,
            "book_valuer_per_share_4q_avg": 2.19,
            "equity": 466729,
            "current_ratio": 102.66,
            "debt_ratio": 75.34,
            "inventory_turnover_ratio": 0.92,
            "account_receivable_turnover_ratio": 1.26,
            "reinvestment_rate": null,
            "research_to_sale_ratio": 8.41,
            "price_fair": 8.75,
            "eps_avg_yearly": 0.25,
            "eps_latest_yearly": 0.32,
            "eps_growth_yearly": 402.73
        },
        "20224": {
            "year_quarter": 20224,
            "year": 2022,
            "quarter": 4,
            "eps": -0.09,
            "eps_growth_year": -803.67,
            "eps_4q": 0.66,
            "eps_4q_growth_year": 455.78,
            "roe": 0.7,
            "roe_4q": 7.14,
            "gross_profit": 72403,
            "gross_margin": 31.58,
            "gross_margin_4q_avg": 25.95,
            "net_income": 3275,
            "revenue": 229246,
            "common_shares": 142719,
            "book_valuer_per_share": 7,
            "book_valuer_per_share_4q_avg": 3.34,
            "equity": 475019,
            "current_ratio": 102.47,
            "debt_ratio": 74.91,
            "inventory_turnover_ratio": 0.81,
            "account_receivable_turnover_ratio": 1.2,
            "reinvestment_rate": null,
            "research_to_sale_ratio": 7.74,
            "price_fair": 8.75,
            "eps_avg_yearly": 0.25,
            "eps_latest_yearly": 0.32,
            "eps_growth_yearly": 402.73
        },
        "20231": {
            "year_quarter": 20231,
            "year": 2023,
            "quarter": 1,
            "eps": -1.32,
            "eps_growth_year": -2740,
            "eps_4q": -0.81,
            "eps_4q_growth_year": -670.54,
            "roe": -3.01,
            "roe_4q": 2.5100000000000002,
            "gross_profit": 50666,
            "gross_margin": 27.95,
            "gross_margin_4q_avg": 27.09,
            "net_income": -14432,
            "revenue": 181254,
            "common_shares": 142719,
            "book_valuer_per_share": 7.2,
            "book_valuer_per_share_4q_avg": 4.59,
            "equity": 484822,
            "current_ratio": 122.76,
            "debt_ratio": 71.85,
            "inventory_turnover_ratio": 0.68,
            "account_receivable_turnover_ratio": 1.02,
            "reinvestment_rate": null,
            "research_to_sale_ratio": 10.76,
            "price_fair": 8.75,
            "eps_avg_yearly": 0.25,
            "eps_latest_yearly": 0.32,
            "eps_growth_yearly": 402.73
        }
    },
    "months": {
        "2001-06": {
            "month": "2001-06",
            "price": "27.78",
            "revenue": 648433
        },
        "2001-07": {
            "month": "2001-07",
            "price": "23.35",
            "revenue": 636133
        },
        "2001-08": {
            "month": "2001-08",
            "price": "23.51",
            "revenue": 695848
        },
        "2001-09": {
            "month": "2001-09",
            "price": "18.23",
            "revenue": 750735
        },
        "2001-10": {
            "month": "2001-10",
            "price": "16.99",
            "revenue": 701166
        },
        "2001-11": {
            "month": "2001-11",
            "price": "18.42",
            "revenue": 611359
        },
        "2001-12": {
            "month": "2001-12",
            "price": "22.92",
            "revenue": 766792
        },
        "2002-01": {
            "month": "2002-01",
            "price": "30.70",
            "revenue": 601938
        },
        "2002-02": {
            "month": "2002-02",
            "price": "30.96",
            "revenue": 500766
        },
        "2002-03": {
            "month": "2002-03",
            "price": "30.60",
            "revenue": 652376
        },
        "2002-04": {
            "month": "2002-04",
            "price": "30.47",
            "revenue": 605152
        },
        "2002-05": {
            "month": "2002-05",
            "price": "23.36",
            "revenue": 732126
        },
        "2002-06": {
            "month": "2002-06",
            "price": "21.68",
            "revenue": 752440
        },
        "2002-07": {
            "month": "2002-07",
            "price": "18.97",
            "revenue": 768631
        },
        "2002-08": {
            "month": "2002-08",
            "price": "18.43",
            "revenue": 770670
        },
        "2002-09": {
            "month": "2002-09",
            "price": "16.98",
            "revenue": 791223
        },
        "2002-10": {
            "month": "2002-10",
            "price": "15.13",
            "revenue": 724319
        },
        "2002-11": {
            "month": "2002-11",
            "price": "15.78",
            "revenue": 799236
        },
        "2002-12": {
            "month": "2002-12",
            "price": "14.89",
            "revenue": 838559
        },
        "2003-01": {
            "month": "2003-01",
            "price": "15.56",
            "revenue": 647164
        },
        "2003-02": {
            "month": "2003-02",
            "price": "14.99",
            "revenue": 558760
        },
        "2003-03": {
            "month": "2003-03",
            "price": "13.31",
            "revenue": 724773
        },
        "2003-04": {
            "month": "2003-04",
            "price": "12.52",
            "revenue": 637521
        },
        "2003-05": {
            "month": "2003-05",
            "price": "11.40",
            "revenue": 706481
        },
        "2003-06": {
            "month": "2003-06",
            "price": "13.08",
            "revenue": 663345
        },
        "2003-07": {
            "month": "2003-07",
            "price": "13.80",
            "revenue": 600411
        },
        "2003-08": {
            "month": "2003-08",
            "price": "12.40",
            "revenue": 602927
        },
        "2003-09": {
            "month": "2003-09",
            "price": "11.87",
            "revenue": 634660
        },
        "2003-10": {
            "month": "2003-10",
            "price": "12.13",
            "revenue": 601291
        },
        "2003-11": {
            "month": "2003-11",
            "price": "12.45",
            "revenue": 601784
        },
        "2003-12": {
            "month": "2003-12",
            "price": "13.69",
            "revenue": 697128
        },
        "2004-01": {
            "month": "2004-01",
            "price": "13.63",
            "revenue": 736054
        },
        "2004-02": {
            "month": "2004-02",
            "price": "15.46",
            "revenue": 806212
        },
        "2004-03": {
            "month": "2004-03",
            "price": "17.69",
            "revenue": 913431
        },
        "2004-04": {
            "month": "2004-04",
            "price": "18.16",
            "revenue": 703020
        },
        "2004-05": {
            "month": "2004-05",
            "price": "13.67",
            "revenue": 724162
        },
        "2004-06": {
            "month": "2004-06",
            "price": "12.81",
            "revenue": 1020739
        },
        "2004-07": {
            "month": "2004-07",
            "price": "13.16",
            "revenue": 724821
        },
        "2004-08": {
            "month": "2004-08",
            "price": "14.38",
            "revenue": 861743
        },
        "2004-09": {
            "month": "2004-09",
            "price": "15.64",
            "revenue": 952784
        },
        "2004-10": {
            "month": "2004-10",
            "price": "15.62",
            "revenue": 900916
        },
        "2004-11": {
            "month": "2004-11",
            "price": "15.31",
            "revenue": 915313
        },
        "2004-12": {
            "month": "2004-12",
            "price": "15.48",
            "revenue": 1239458
        },
        "2005-01": {
            "month": "2005-01",
            "price": "15.09",
            "revenue": 906625
        },
        "2005-02": {
            "month": "2005-02",
            "price": "15.00",
            "revenue": 813528
        },
        "2005-03": {
            "month": "2005-03",
            "price": "15.72",
            "revenue": 920736
        },
        "2005-04": {
            "month": "2005-04",
            "price": "15.23",
            "revenue": 780299
        },
        "2005-05": {
            "month": "2005-05",
            "price": "14.57",
            "revenue": 841795
        },
        "2005-06": {
            "month": "2005-06",
            "price": "15.37",
            "revenue": 856779
        },
        "2005-07": {
            "month": "2005-07",
            "price": "15.27",
            "revenue": 818744
        },
        "2005-08": {
            "month": "2005-08",
            "price": "13.96",
            "revenue": 809877
        },
        "2005-09": {
            "month": "2005-09",
            "price": "13.17",
            "revenue": 904294
        },
        "2005-10": {
            "month": "2005-10",
            "price": "12.46",
            "revenue": 932652
        },
        "2005-11": {
            "month": "2005-11",
            "price": "12.69",
            "revenue": 1136249
        },
        "2005-12": {
            "month": "2005-12",
            "price": "14.08",
            "revenue": 1232583
        },
        "2006-01": {
            "month": "2006-01",
            "price": "14.15",
            "revenue": 1013415
        },
        "2006-02": {
            "month": "2006-02",
            "price": "13.50",
            "revenue": 1033352
        },
        "2006-03": {
            "month": "2006-03",
            "price": "13.68",
            "revenue": 1106927
        },
        "2006-04": {
            "month": "2006-04",
            "price": "14.50",
            "revenue": 1015513
        },
        "2006-05": {
            "month": "2006-05",
            "price": "14.85",
            "revenue": 1074577
        },
        "2006-06": {
            "month": "2006-06",
            "price": "12.90",
            "revenue": 1131415
        },
        "2006-07": {
            "month": "2006-07",
            "price": "12.59",
            "revenue": 979199
        },
        "2006-08": {
            "month": "2006-08",
            "price": "12.64",
            "revenue": 1017244
        },
        "2006-09": {
            "month": "2006-09",
            "price": "12.55",
            "revenue": 933822
        },
        "2006-10": {
            "month": "2006-10",
            "price": "13.14",
            "revenue": 839052
        },
        "2006-11": {
            "month": "2006-11",
            "price": "13.66",
            "revenue": 900122
        },
        "2006-12": {
            "month": "2006-12",
            "price": "14.08",
            "revenue": 744390
        },
        "2007-01": {
            "month": "2007-01",
            "price": "14.42",
            "revenue": 653332
        },
        "2007-02": {
            "month": "2007-02",
            "price": "14.27",
            "revenue": 602848
        },
        "2007-03": {
            "month": "2007-03",
            "price": "13.88",
            "revenue": 629404
        },
        "2007-04": {
            "month": "2007-04",
            "price": "15.13",
            "revenue": 606187
        },
        "2007-05": {
            "month": "2007-05",
            "price": "15.88",
            "revenue": 523724
        },
        "2007-06": {
            "month": "2007-06",
            "price": "19.01",
            "revenue": 610179
        },
        "2007-07": {
            "month": "2007-07",
            "price": "22.59",
            "revenue": 606038
        },
        "2007-08": {
            "month": "2007-08",
            "price": "28.80",
            "revenue": 693113
        },
        "2007-09": {
            "month": "2007-09",
            "price": "27.77",
            "revenue": 670280
        },
        "2007-10": {
            "month": "2007-10",
            "price": "28.82",
            "revenue": 629391
        },
        "2007-11": {
            "month": "2007-11",
            "price": "23.63",
            "revenue": 626833
        },
        "2007-12": {
            "month": "2007-12",
            "price": "20.25",
            "revenue": 628610
        },
        "2008-01": {
            "month": "2008-01",
            "price": "17.37",
            "revenue": 704627
        },
        "2008-02": {
            "month": "2008-02",
            "price": "15.68",
            "revenue": 600608
        },
        "2008-03": {
            "month": "2008-03",
            "price": "18.09",
            "revenue": 782708
        },
        "2008-04": {
            "month": "2008-04",
            "price": "21.91",
            "revenue": 820236
        },
        "2008-05": {
            "month": "2008-05",
            "price": "22.05",
            "revenue": 816111
        },
        "2008-06": {
            "month": "2008-06",
            "price": "19.68",
            "revenue": 914256
        },
        "2008-07": {
            "month": "2008-07",
            "price": "16.91",
            "revenue": 845051
        },
        "2008-08": {
            "month": "2008-08",
            "price": "16.17",
            "revenue": 905033
        },
        "2008-09": {
            "month": "2008-09",
            "price": "11.08",
            "revenue": 1038745
        },
        "2008-10": {
            "month": "2008-10",
            "price": "11.81",
            "revenue": 1028332
        },
        "2008-11": {
            "month": "2008-11",
            "price": "10.74",
            "revenue": 904930
        },
        "2008-12": {
            "month": "2008-12",
            "price": "10.79",
            "revenue": 920210
        },
        "2009-01": {
            "month": "2009-01",
            "price": "11.17",
            "revenue": 695445
        },
        "2009-02": {
            "month": "2009-02",
            "price": "10.16",
            "revenue": 752636
        },
        "2009-03": {
            "month": "2009-03",
            "price": "11.46",
            "revenue": 652952
        },
        "2009-04": {
            "month": "2009-04",
            "price": "13.60",
            "revenue": 669087
        },
        "2009-05": {
            "month": "2009-05",
            "price": "13.95",
            "revenue": 677208
        },
        "2009-06": {
            "month": "2009-06",
            "price": "14.89",
            "revenue": 625927
        },
        "2009-07": {
            "month": "2009-07",
            "price": "13.67",
            "revenue": 600154
        },
        "2009-08": {
            "month": "2009-08",
            "price": "12.55",
            "revenue": 843875
        },
        "2009-09": {
            "month": "2009-09",
            "price": "12.37",
            "revenue": 757387
        },
        "2009-10": {
            "month": "2009-10",
            "price": "12.86",
            "revenue": 661694
        },
        "2009-11": {
            "month": "2009-11",
            "price": "12.67",
            "revenue": 683633
        },
        "2009-12": {
            "month": "2009-12",
            "price": "13.27",
            "revenue": 669153
        },
        "2010-01": {
            "month": "2010-01",
            "price": "13.68",
            "revenue": 594779
        },
        "2010-02": {
            "month": "2010-02",
            "price": "11.24",
            "revenue": 518313
        },
        "2010-03": {
            "month": "2010-03",
            "price": "11.89",
            "revenue": 462813
        },
        "2010-04": {
            "month": "2010-04",
            "price": "11.66",
            "revenue": 516974
        },
        "2010-05": {
            "month": "2010-05",
            "price": "9.38",
            "revenue": 795422
        },
        "2010-06": {
            "month": "2010-06",
            "price": "10.01",
            "revenue": 593598
        },
        "2010-07": {
            "month": "2010-07",
            "price": "10.06",
            "revenue": 500492
        },
        "2010-08": {
            "month": "2010-08",
            "price": "9.95",
            "revenue": 508599
        },
        "2010-09": {
            "month": "2010-09",
            "price": "9.39",
            "revenue": 608032
        },
        "2010-10": {
            "month": "2010-10",
            "price": "9.76",
            "revenue": 590304
        },
        "2010-11": {
            "month": "2010-11",
            "price": "8.94",
            "revenue": 580061
        },
        "2010-12": {
            "month": "2010-12",
            "price": "8.95",
            "revenue": 713137
        },
        "2011-01": {
            "month": "2011-01",
            "price": "9.26",
            "revenue": 576240
        },
        "2011-02": {
            "month": "2011-02",
            "price": "8.94",
            "revenue": 500718
        },
        "2011-03": {
            "month": "2011-03",
            "price": "8.18",
            "revenue": 675017
        },
        "2011-04": {
            "month": "2011-04",
            "price": "7.80",
            "revenue": 568721
        },
        "2011-05": {
            "month": "2011-05",
            "price": "5.05",
            "revenue": 645180
        },
        "2011-06": {
            "month": "2011-06",
            "price": "3.95",
            "revenue": 760104
        },
        "2011-07": {
            "month": "2011-07",
            "price": "3.58",
            "revenue": 740689
        },
        "2011-08": {
            "month": "2011-08",
            "price": "2.98",
            "revenue": 779282
        },
        "2011-09": {
            "month": "2011-09",
            "price": "3.00",
            "revenue": 647963
        },
        "2011-10": {
            "month": "2011-10",
            "price": "2.79",
            "revenue": 632677
        },
        "2011-11": {
            "month": "2011-11",
            "price": "2.18",
            "revenue": 674011
        },
        "2011-12": {
            "month": "2011-12",
            "price": "1.95",
            "revenue": 760334
        },
        "2012-01": {
            "month": "2012-01",
            "price": "2.94",
            "revenue": 510524
        },
        "2012-02": {
            "month": "2012-02",
            "price": "3.50",
            "revenue": 549761
        },
        "2012-03": {
            "month": "2012-03",
            "price": "3.13",
            "revenue": 567874
        },
        "2012-04": {
            "month": "2012-04",
            "price": "2.81",
            "revenue": 509904
        },
        "2012-05": {
            "month": "2012-05",
            "price": "2.37",
            "revenue": 533284
        },
        "2012-06": {
            "month": "2012-06",
            "price": "2.10",
            "revenue": 598436
        },
        "2012-07": {
            "month": "2012-07",
            "price": "1.82",
            "revenue": 507161
        },
        "2012-08": {
            "month": "2012-08",
            "price": "1.64",
            "revenue": 450062
        },
        "2012-09": {
            "month": "2012-09",
            "price": "2.27",
            "revenue": 576239
        },
        "2012-10": {
            "month": "2012-10",
            "price": "2.10",
            "revenue": 510980
        },
        "2012-11": {
            "month": "2012-11",
            "price": "1.81",
            "revenue": 590400
        },
        "2012-12": {
            "month": "2012-12",
            "price": "1.73",
            "revenue": 583901
        },
        "2013-01": {
            "month": "2013-01",
            "price": "2.05",
            "revenue": 646823
        },
        "2013-02": {
            "month": "2013-02",
            "price": "2.08",
            "revenue": 570761
        },
        "2013-03": {
            "month": "2013-03",
            "price": "1.88",
            "revenue": 535454
        },
        "2013-04": {
            "month": "2013-04",
            "price": "1.92",
            "revenue": 494019
        },
        "2013-05": {
            "month": "2013-05",
            "price": "2.13",
            "revenue": 629620
        },
        "2013-06": {
            "month": "2013-06",
            "price": "2.90",
            "revenue": 768749
        },
        "2013-07": {
            "month": "2013-07",
            "price": "3.14",
            "revenue": 659955
        },
        "2013-08": {
            "month": "2013-08",
            "price": "3.35",
            "revenue": 717410
        },
        "2013-09": {
            "month": "2013-09",
            "price": "3.42",
            "revenue": 476066
        },
        "2013-10": {
            "month": "2013-10",
            "price": "3.13",
            "revenue": 458986
        },
        "2013-11": {
            "month": "2013-11",
            "price": "3.04",
            "revenue": 514671
        },
        "2013-12": {
            "month": "2013-12",
            "price": "3.24",
            "revenue": 603436
        },
        "2014-01": {
            "month": "2014-01",
            "price": "3.23",
            "revenue": 462859
        },
        "2014-02": {
            "month": "2014-02",
            "price": "3.09",
            "revenue": 470936
        },
        "2014-03": {
            "month": "2014-03",
            "price": "3.07",
            "revenue": 580498
        },
        "2014-04": {
            "month": "2014-04",
            "price": "3.07",
            "revenue": 615097
        },
        "2014-05": {
            "month": "2014-05",
            "price": "3.57",
            "revenue": 484865
        },
        "2014-06": {
            "month": "2014-06",
            "price": "3.72",
            "revenue": 855986
        },
        "2014-07": {
            "month": "2014-07",
            "price": "4.03",
            "revenue": 607705
        },
        "2014-08": {
            "month": "2014-08",
            "price": "3.79",
            "revenue": 474974
        },
        "2014-09": {
            "month": "2014-09",
            "price": "3.25",
            "revenue": 388646
        },
        "2014-10": {
            "month": "2014-10",
            "price": "2.97",
            "revenue": 535395
        },
        "2014-11": {
            "month": "2014-11",
            "price": "2.35",
            "revenue": 255825
        },
        "2014-12": {
            "month": "2014-12",
            "price": "2.38",
            "revenue": 432124
        },
        "2015-01": {
            "month": "2015-01",
            "price": "2.76",
            "revenue": 310061
        },
        "2015-02": {
            "month": "2015-02",
            "price": "2.64",
            "revenue": 318862
        },
        "2015-03": {
            "month": "2015-03",
            "price": "2.41",
            "revenue": 340785
        },
        "2015-04": {
            "month": "2015-04",
            "price": "2.29",
            "revenue": 259480
        },
        "2015-05": {
            "month": "2015-05",
            "price": "1.99",
            "revenue": 266526
        },
        "2015-06": {
            "month": "2015-06",
            "price": "2.00",
            "revenue": 280546
        },
        "2015-07": {
            "month": "2015-07",
            "price": "1.91",
            "revenue": 419843
        },
        "2015-08": {
            "month": "2015-08",
            "price": "1.47",
            "revenue": 405935
        },
        "2015-09": {
            "month": "2015-09",
            "price": "1.52",
            "revenue": 467789
        },
        "2015-10": {
            "month": "2015-10",
            "price": "1.65",
            "revenue": 397869
        },
        "2015-11": {
            "month": "2015-11",
            "price": "2.44",
            "revenue": 238171
        },
        "2015-12": {
            "month": "2015-12",
            "price": "1.77",
            "revenue": 375038
        },
        "2016-01": {
            "month": "2016-01",
            "price": "1.74",
            "revenue": 308939
        },
        "2016-02": {
            "month": "2016-02",
            "price": "1.98",
            "revenue": 316365
        },
        "2016-03": {
            "month": "2016-03",
            "price": "1.79",
            "revenue": 376705
        },
        "2016-04": {
            "month": "2016-04",
            "price": "1.63",
            "revenue": 248992
        },
        "2016-05": {
            "month": "2016-05",
            "price": "1.47",
            "revenue": 388024
        },
        "2016-06": {
            "month": "2016-06",
            "price": "1.59",
            "revenue": 406145
        },
        "2016-07": {
            "month": "2016-07",
            "price": "1.97",
            "revenue": 339349
        },
        "2016-08": {
            "month": "2016-08",
            "price": "2.69",
            "revenue": 281526
        },
        "2016-09": {
            "month": "2016-09",
            "price": "2.47",
            "revenue": 257853
        },
        "2016-10": {
            "month": "2016-10",
            "price": "2.11",
            "revenue": 369055
        },
        "2016-11": {
            "month": "2016-11",
            "price": "2.06",
            "revenue": 390843
        },
        "2016-12": {
            "month": "2016-12",
            "price": "2.60",
            "revenue": 412304
        },
        "2017-01": {
            "month": "2017-01",
            "price": "3.13",
            "revenue": 325282
        },
        "2017-02": {
            "month": "2017-02",
            "price": "3.92",
            "revenue": 176700
        },
        "2017-03": {
            "month": "2017-03",
            "price": "3.16",
            "revenue": 258468
        },
        "2017-04": {
            "month": "2017-04",
            "price": "3.04",
            "revenue": 235219
        },
        "2017-05": {
            "month": "2017-05",
            "price": "2.72",
            "revenue": 267787
        },
        "2017-06": {
            "month": "2017-06",
            "price": "2.34",
            "revenue": 285878
        },
        "2017-07": {
            "month": "2017-07",
            "price": "2.50",
            "revenue": 317165
        },
        "2017-08": {
            "month": "2017-08",
            "price": "2.31",
            "revenue": 277501
        },
        "2017-09": {
            "month": "2017-09",
            "price": "2.76",
            "revenue": 320369
        },
        "2017-10": {
            "month": "2017-10",
            "price": "2.78",
            "revenue": 180936
        },
        "2017-11": {
            "month": "2017-11",
            "price": "2.72",
            "revenue": 182463
        },
        "2017-12": {
            "month": "2017-12",
            "price": "2.86",
            "revenue": 257126
        },
        "2018-01": {
            "month": "2018-01",
            "price": "3.20",
            "revenue": 204243
        },
        "2018-02": {
            "month": "2018-02",
            "price": "2.91",
            "revenue": 156087
        },
        "2018-03": {
            "month": "2018-03",
            "price": "2.93",
            "revenue": 231791
        },
        "2018-04": {
            "month": "2018-04",
            "price": "2.65",
            "revenue": 187791
        },
        "2018-05": {
            "month": "2018-05",
            "price": "2.40",
            "revenue": 204729
        },
        "2018-06": {
            "month": "2018-06",
            "price": "3.24",
            "revenue": 201630
        },
        "2018-07": {
            "month": "2018-07",
            "price": "3.03",
            "revenue": 205359
        },
        "2018-08": {
            "month": "2018-08",
            "price": "2.87",
            "revenue": 211700
        },
        "2018-09": {
            "month": "2018-09",
            "price": "2.79",
            "revenue": 241717
        },
        "2018-10": {
            "month": "2018-10",
            "price": "2.30",
            "revenue": 208779
        },
        "2018-11": {
            "month": "2018-11",
            "price": "3.45",
            "revenue": 175190
        },
        "2018-12": {
            "month": "2018-12",
            "price": "3.12",
            "revenue": 196628
        },
        "2019-01": {
            "month": "2019-01",
            "price": "3.18",
            "revenue": 162360
        },
        "2019-02": {
            "month": "2019-02",
            "price": "3.04",
            "revenue": 121932
        },
        "2019-03": {
            "month": "2019-03",
            "price": "2.42",
            "revenue": 162036
        },
        "2019-04": {
            "month": "2019-04",
            "price": "2.14",
            "revenue": 158920
        },
        "2019-05": {
            "month": "2019-05",
            "price": "2.00",
            "revenue": 149232
        },
        "2019-06": {
            "month": "2019-06",
            "price": "2.02",
            "revenue": 144528
        },
        "2019-07": {
            "month": "2019-07",
            "price": "1.95",
            "revenue": 97902
        },
        "2019-08": {
            "month": "2019-08",
            "price": "1.89",
            "revenue": 93108
        },
        "2019-09": {
            "month": "2019-09",
            "price": "1.77",
            "revenue": 101295
        },
        "2019-10": {
            "month": "2019-10",
            "price": "1.67",
            "revenue": 135781
        },
        "2019-11": {
            "month": "2019-11",
            "price": "1.64",
            "revenue": 116635
        },
        "2019-12": {
            "month": "2019-12",
            "price": "1.22",
            "revenue": 121684
        },
        "2020-01": {
            "month": "2020-01",
            "price": "1.63",
            "revenue": 85799
        },
        "2020-02": {
            "month": "2020-02",
            "price": "1.67",
            "revenue": 75078
        },
        "2020-03": {
            "month": "2020-03",
            "price": "1.38",
            "revenue": 89984
        },
        "2020-04": {
            "month": "2020-04",
            "price": "1.44",
            "revenue": 98470
        },
        "2020-05": {
            "month": "2020-05",
            "price": "1.39",
            "revenue": 94929
        },
        "2020-06": {
            "month": "2020-06",
            "price": "1.47",
            "revenue": 105488
        },
        "2020-07": {
            "month": "2020-07",
            "price": "1.87",
            "revenue": 84314
        },
        "2020-08": {
            "month": "2020-08",
            "price": "2.37",
            "revenue": 104162
        },
        "2020-09": {
            "month": "2020-09",
            "price": "3.98",
            "revenue": 92866
        },
        "2020-10": {
            "month": "2020-10",
            "price": "8.58",
            "revenue": 80872
        },
        "2020-11": {
            "month": "2020-11",
            "price": "8.93",
            "revenue": 82517
        },
        "2020-12": {
            "month": "2020-12",
            "price": "7.82",
            "revenue": 80826
        },
        "2021-01": {
            "month": "2021-01",
            "price": "7.15",
            "revenue": 82276
        },
        "2021-02": {
            "month": "2021-02",
            "price": "6.82",
            "revenue": 72795
        },
        "2021-03": {
            "month": "2021-03",
            "price": "6.59",
            "revenue": 92092
        },
        "2021-04": {
            "month": "2021-04",
            "price": "7.31",
            "revenue": 81357
        },
        "2021-05": {
            "month": "2021-05",
            "price": "7.89",
            "revenue": 96017
        },
        "2021-06": {
            "month": "2021-06",
            "price": "7.08",
            "revenue": 95791
        },
        "2021-07": {
            "month": "2021-07",
            "price": "7.04",
            "revenue": 106362
        },
        "2021-08": {
            "month": "2021-08",
            "price": "6.79",
            "revenue": 94105
        },
        "2021-09": {
            "month": "2021-09",
            "price": "6.34",
            "revenue": 84006
        },
        "2021-10": {
            "month": "2021-10",
            "price": "6.34",
            "revenue": 81661
        },
        "2021-11": {
            "month": "2021-11",
            "price": "6.49",
            "revenue": 87912
        },
        "2021-12": {
            "month": "2021-12",
            "price": "6.47",
            "revenue": 95966
        },
        "2022-01": {
            "month": "2022-01",
            "price": "7.17",
            "revenue": 101616
        },
        "2022-02": {
            "month": "2022-02",
            "price": "7.49",
            "revenue": 78969
        },
        "2022-03": {
            "month": "2022-03",
            "price": "6.68",
            "revenue": 92540
        },
        "2022-04": {
            "month": "2022-04",
            "price": "6.24",
            "revenue": 85007
        },
        "2022-05": {
            "month": "2022-05",
            "price": "5.81",
            "revenue": 86836
        },
        "2022-06": {
            "month": "2022-06",
            "price": "5.96",
            "revenue": 90248
        },
        "2022-07": {
            "month": "2022-07",
            "price": "5.52",
            "revenue": 76205
        },
        "2022-08": {
            "month": "2022-08",
            "price": "5.95",
            "revenue": 90190
        },
        "2022-09": {
            "month": "2022-09",
            "price": "6.13",
            "revenue": 80035
        },
        "2022-10": {
            "month": "2022-10",
            "price": "5.28",
            "revenue": 65974
        },
        "2022-11": {
            "month": "2022-11",
            "price": "4.99",
            "revenue": 81973
        },
        "2022-12": {
            "month": "2022-12",
            "price": "5.79",
            "revenue": 81299
        },
        "2023-01": {
            "month": "2023-01",
            "price": "6.14",
            "revenue": 57612
        },
        "2023-02": {
            "month": "2023-02",
            "price": "12.40",
            "revenue": 59207
        },
        "2023-03": {
            "month": "2023-03",
            "price": "18.78",
            "revenue": 64435
        },
        "2023-04": {
            "month": "2023-04",
            "price": "23.22",
            "revenue": 62508
        },
        "2023-05": {
            "month": "2023-05",
            "price": "19.50",
            "revenue": 65019
        }
    }
}
