{
    "summary": {
        "stock_name": "中環",
        "stock_id": "2323",
        "category": "光電",
        "main_business": "光碟片及有關塑膠殼子製造加工與買賣",
        "website_url": "http://www.cmcnet.com.tw",
        "ceo": "翁明顯",
        "pe_ratio": 8,
        "report_year_from": 2001,
        "report_year_to": 2023,
        "age": 22,
        "eps_negative_percentage": 65,
        "eps_growth_avg": {
            "last_all": -62.54,
            "last_2y": -31.11,
            "last_4y": -34.44,
            "last_8y": -34.44,
            "last_12y": -34.44,
            "last_16y": -47.56,
            "last_20y": -62.54,
            "at_2006_last_3y": -100,
            "at_2007_last_3y": -100,
            "at_2008_last_3y": -100,
            "at_2009_last_3y": -100,
            "at_2010_last_3y": -100,
            "at_2011_last_3y": null,
            "at_2012_last_3y": null,
            "at_2013_last_3y": null,
            "at_2014_last_3y": null,
            "at_2015_last_3y": null,
            "at_2016_last_3y": null,
            "at_2017_last_3y": null,
            "at_2018_last_3y": null,
            "at_2019_last_3y": -44.44,
            "at_2020_last_3y": -38.89,
            "at_2021_last_3y": -12.59,
            "at_2022_last_3y": -34.44,
            "at_2023_last_3y": -34.44,
            "at_2006_last_all": -100,
            "at_2007_last_all": -100,
            "at_2008_last_all": -100,
            "at_2009_last_all": -100,
            "at_2010_last_all": -100,
            "at_2011_last_all": -100,
            "at_2012_last_all": -100,
            "at_2013_last_all": -100,
            "at_2014_last_all": -100,
            "at_2015_last_all": -100,
            "at_2016_last_all": -100,
            "at_2017_last_all": -100,
            "at_2018_last_all": -100,
            "at_2019_last_all": -86.11,
            "at_2020_last_all": -75.56,
            "at_2021_last_all": -56.3,
            "at_2022_last_all": -62.54,
            "at_2023_last_all": -62.54
        },
        "latest_eps": 1.54,
        "latest_price": 11.55,
        "latest_roe": 9.22,
        "latest_gross_margin": 22.94,
        "latest_equity": 19015349,
        "latest_revenue": 1772843,
        "latest_gross_profit": 406670,
        "latest_net_income": 1406702,
        "latest_debt_ratio": 23.8,
        "latest_current_ratio": 336.04,
        "latest_account_receivable_turnover_ratio": 1.34,
        "latest_inventory_turnover_ratio": 0.47,
        "latest_reinvestment_rate": -188.52,
        "latest_research_to_sale_ratio": 5.49
    },
    "eps_dividends": {
        "1990": {
            "cash": 0,
            "stock": 1.1,
            "eps": 0
        },
        "1991": {
            "cash": 0,
            "stock": 0.6,
            "eps": 0
        },
        "1992": {
            "cash": 0,
            "stock": 1.2,
            "eps": 0
        },
        "1993": {
            "cash": 0,
            "stock": 4,
            "eps": 0
        },
        "1996": {
            "cash": 0,
            "stock": 1.5,
            "eps": 0
        },
        "1997": {
            "cash": 0,
            "stock": 2.5,
            "eps": 0
        },
        "1998": {
            "cash": 0,
            "stock": 4.3,
            "eps": 0
        },
        "1999": {
            "cash": 0,
            "stock": 4,
            "eps": 0
        },
        "2000": {
            "cash": 0,
            "stock": 6,
            "eps": 0
        },
        "2001": {
            "cash": 0.3,
            "stock": 2.5,
            "eps": 1.6
        },
        "2002": {
            "cash": 0.4,
            "stock": 2,
            "eps": -0.05
        },
        "2003": {
            "cash": 0,
            "stock": 0,
            "eps": 2.65
        },
        "2004": {
            "cash": 1,
            "stock": 0,
            "eps": -0.19
        },
        "2005": {
            "cash": 0,
            "stock": 0,
            "eps": -0.13
        },
        "2006": {
            "cash": 0,
            "stock": 0,
            "eps": 0.1
        },
        "2007": {
            "cash": 0,
            "stock": 0,
            "eps": -0.69
        },
        "2008": {
            "cash": 0,
            "stock": 0,
            "eps": -2.17
        },
        "2009": {
            "cash": 0,
            "stock": 0,
            "eps": -1.09
        },
        "2010": {
            "cash": 0,
            "stock": 0,
            "eps": -1.77
        },
        "2011": {
            "cash": 0,
            "stock": 0,
            "eps": -0.61
        },
        "2012": {
            "cash": 0,
            "stock": 0,
            "eps": -0.24
        },
        "2013": {
            "cash": 0,
            "stock": 0,
            "eps": -1.31
        },
        "2014": {
            "cash": 0,
            "stock": 0,
            "eps": -0.64
        },
        "2015": {
            "cash": 0,
            "stock": 0,
            "eps": -1.28
        },
        "2016": {
            "cash": 0,
            "stock": 0,
            "eps": -1.23
        },
        "2017": {
            "cash": 0,
            "stock": 0,
            "eps": -0.61
        },
        "2018": {
            "cash": 0,
            "stock": 0,
            "eps": 0.27
        },
        "2019": {
            "cash": 0,
            "stock": 0,
            "eps": 0.15
        },
        "2020": {
            "cash": 0.2,
            "stock": 0,
            "eps": 0.1
        },
        "2021": {
            "cash": 0.7,
            "stock": 0,
            "eps": 0.14
        },
        "2022": {
            "cash": 0.1,
            "stock": 0,
            "eps": -0.95
        },
        "2023": {
            "cash": 0,
            "stock": 0,
            "eps": 1.89
        }
    },
    "dividends": {
        "1990-04-07": {
            "cash": 0,
            "stock": 1.1
        },
        "1991-05-11": {
            "cash": 0,
            "stock": 0.6
        },
        "1992-04-11": {
            "cash": 0,
            "stock": 1.2
        },
        "1993-04-22": {
            "cash": 0,
            "stock": 4
        },
        "1996-04-27": {
            "cash": 0,
            "stock": 1.5
        },
        "1997-05-13": {
            "cash": 0,
            "stock": 2.5
        },
        "1998-04-18": {
            "cash": 0,
            "stock": 4.3
        },
        "1999-04-30": {
            "cash": 0,
            "stock": 4
        },
        "2000-04-29": {
            "cash": 0,
            "stock": 6
        },
        "2001-05-04": {
            "cash": 0.3,
            "stock": 2.5
        },
        "2002-05-17": {
            "cash": 0.4,
            "stock": 2
        },
        "2004-03-26": {
            "cash": 1,
            "stock": 0
        },
        "2020-08-20": {
            "cash": 0.2,
            "stock": 0
        },
        "2021-10-05": {
            "cash": 0.7,
            "stock": 0
        },
        "2022-10-28": {
            "cash": 0.1,
            "stock": 0
        }
    },
    "prices": {
        "200101": "32.32",
        "200102": "41.15",
        "200103": "42.35",
        "200104": "42.39",
        "200105": "38.75",
        "200106": "40.20",
        "200107": "31.14",
        "200108": "27.40",
        "200109": "22.04",
        "200110": "21.90",
        "200111": "24.28",
        "200112": "25.70",
        "200201": "27.40",
        "200202": "25.97",
        "200203": "27.89",
        "200204": "30.02",
        "200205": "25.23",
        "200206": "23.86",
        "200207": "19.16",
        "200208": "15.31",
        "200209": "13.48",
        "200210": "15.70",
        "200211": "16.40",
        "200212": "14.50",
        "200301": "16.32",
        "200302": "17.61",
        "200303": "17.06",
        "200304": "16.80",
        "200305": "17.47",
        "200306": "23.13",
        "200307": "27.01",
        "200308": "25.88",
        "200309": "25.24",
        "200310": "25.44",
        "200311": "26.25",
        "200312": "26.05",
        "200401": "26.32",
        "200402": "26.66",
        "200403": "28.68",
        "200404": "29.36",
        "200405": "22.55",
        "200406": "18.71",
        "200407": "15.95",
        "200408": "16.06",
        "200409": "17.21",
        "200410": "16.58",
        "200411": "14.97",
        "200412": "16.00",
        "200501": "15.00",
        "200502": "14.65",
        "200503": "14.10",
        "200504": "12.64",
        "200505": "13.35",
        "200506": "15.15",
        "200507": "14.92",
        "200508": "13.20",
        "200509": "12.90",
        "200510": "12.11",
        "200511": "11.03",
        "200512": "11.59",
        "200601": "11.40",
        "200602": "10.84",
        "200603": "9.90",
        "200604": "10.35",
        "200605": "10.50",
        "200606": "9.23",
        "200607": "8.73",
        "200608": "8.29",
        "200609": "9.02",
        "200610": "9.63",
        "200611": "10.21",
        "200612": "11.31",
        "200701": "10.79",
        "200702": "10.46",
        "200703": "9.52",
        "200704": "10.02",
        "200705": "9.66",
        "200706": "10.59",
        "200707": "14.68",
        "200708": "15.42",
        "200709": "14.29",
        "200710": "14.51",
        "200711": "12.25",
        "200712": "11.39",
        "200801": "10.03",
        "200802": "9.51",
        "200803": "10.12",
        "200804": "10.78",
        "200805": "10.94",
        "200806": "9.85",
        "200807": "8.26",
        "200808": "8.37",
        "200809": "6.81",
        "200810": "5.52",
        "200811": "4.26",
        "200812": "4.86",
        "200901": "5.03",
        "200902": "4.97",
        "200903": "5.82",
        "200904": "7.51",
        "200905": "7.49",
        "200906": "7.40",
        "200907": "7.64",
        "200908": "7.69",
        "200909": "7.87",
        "200910": "7.95",
        "200911": "7.52",
        "200912": "7.71",
        "201001": "8.53",
        "201002": "8.19",
        "201003": "8.63",
        "201004": "8.91",
        "201005": "8.20",
        "201006": "8.11",
        "201007": "8.44",
        "201008": "8.51",
        "201009": "8.10",
        "201010": "8.07",
        "201011": "7.70",
        "201012": "7.92",
        "201101": "8.02",
        "201102": "7.08",
        "201103": "6.90",
        "201104": "7.15",
        "201105": "6.60",
        "201106": "6.53",
        "201107": "6.09",
        "201108": "4.91",
        "201109": "5.67",
        "201110": "6.03",
        "201111": "5.61",
        "201112": "4.66",
        "201201": "5.06",
        "201202": "5.69",
        "201203": "5.52",
        "201204": "5.01",
        "201205": "4.80",
        "201206": "4.89",
        "201207": "4.90",
        "201208": "4.83",
        "201209": "4.94",
        "201210": "4.58",
        "201211": "4.28",
        "201212": "4.68",
        "201301": "4.76",
        "201302": "4.79",
        "201303": "5.19",
        "201304": "5.16",
        "201305": "5.45",
        "201306": "5.62",
        "201307": "5.43",
        "201308": "5.00",
        "201309": "4.93",
        "201310": "5.05",
        "201311": "4.71",
        "201312": "4.83",
        "201401": "5.03",
        "201402": "4.85",
        "201403": "4.89",
        "201404": "4.75",
        "201405": "4.52",
        "201406": "4.73",
        "201407": "4.85",
        "201408": "4.71",
        "201409": "4.75",
        "201410": "4.54",
        "201411": "4.32",
        "201412": "4.28",
        "201501": "4.45",
        "201502": "4.35",
        "201503": "4.28",
        "201504": "3.98",
        "201505": "3.74",
        "201506": "3.72",
        "201507": "3.35",
        "201508": "2.81",
        "201509": "3.60",
        "201510": "3.88",
        "201511": "3.62",
        "201512": "3.34",
        "201601": "3.23",
        "201602": "3.46",
        "201603": "3.59",
        "201604": "3.47",
        "201605": "3.29",
        "201606": "3.77",
        "201607": "3.83",
        "201608": "3.82",
        "201609": "3.87",
        "201610": "3.78",
        "201611": "3.56",
        "201612": "3.51",
        "201701": "3.50",
        "201702": "4.08",
        "201703": "4.02",
        "201704": "3.80",
        "201705": "3.74",
        "201706": "4.00",
        "201707": "3.96",
        "201708": "3.91",
        "201709": "4.34",
        "201710": "4.48",
        "201711": "4.28",
        "201712": "4.21",
        "201801": "4.54",
        "201802": "4.45",
        "201803": "4.58",
        "201804": "5.75",
        "201805": "7.88",
        "201806": "10.93",
        "201807": "8.21",
        "201808": "7.38",
        "201809": "6.74",
        "201810": "5.86",
        "201811": "6.38",
        "201812": "6.78",
        "201901": "6.95",
        "201902": "6.76",
        "201903": "6.80",
        "201904": "7.30",
        "201905": "6.64",
        "201906": "6.97",
        "201907": "6.99",
        "201908": "7.18",
        "201909": "9.02",
        "201910": "11.44",
        "201911": "10.36",
        "201912": "9.82",
        "202001": "9.06",
        "202002": "8.77",
        "202003": "6.94",
        "202004": "7.46",
        "202005": "7.62",
        "202006": "7.42",
        "202007": "7.61",
        "202008": "7.83",
        "202009": "8.13",
        "202010": "8.08",
        "202011": "8.20",
        "202012": "9.14",
        "202101": "8.92",
        "202102": "8.27",
        "202103": "8.45",
        "202104": "11.38",
        "202105": "10.44",
        "202106": "10.11",
        "202107": "10.02",
        "202108": "9.74",
        "202109": "9.08",
        "202110": "8.64",
        "202111": "8.97",
        "202112": "9.25",
        "202201": "12.14",
        "202202": "10.97",
        "202203": "10.77",
        "202204": "9.46",
        "202205": "8.96",
        "202206": "8.48",
        "202207": "7.44",
        "202208": "7.79",
        "202209": "7.64",
        "202210": "6.77",
        "202211": "6.95",
        "202212": "7.60",
        "202301": "7.50",
        "202302": "7.89",
        "202303": "7.95",
        "202304": "8.12",
        "202305": "9.01",
        "202306": "13.39",
        "202307": "14.12",
        "202308": "12.86",
        "202309": "11.93"
    },
    "quarters": {
        "20011": {
            "year_quarter": 20011,
            "year": 2001,
            "quarter": 1,
            "eps": 0.23,
            "eps_growth_year": -93.43,
            "eps_4q": 0.68,
            "eps_4q_growth_year": -93.39,
            "roe": 1.03,
            "roe_4q": 1.03,
            "gross_profit": 531851,
            "gross_margin": 16.52,
            "gross_margin_4q_avg": 16.52,
            "net_income": 393082,
            "revenue": 3220184,
            "common_shares": 17392587,
            "book_valuer_per_share": 22.41,
            "book_valuer_per_share_4q_avg": 22.41,
            "equity": 38983196,
            "current_ratio": 139.15,
            "debt_ratio": 31.45,
            "inventory_turnover_ratio": 1.63,
            "account_receivable_turnover_ratio": null,
            "reinvestment_rate": null,
            "research_to_sale_ratio": null,
            "price_fair": 0,
            "eps_avg_yearly": 0,
            "eps_latest_yearly": 0,
            "eps_growth_yearly": 0
        },
        "20012": {
            "year_quarter": 20012,
            "year": 2001,
            "quarter": 2,
            "eps": 0.47,
            "eps_growth_year": -52.53,
            "eps_4q": 0.23,
            "eps_4q_growth_year": -96.09,
            "roe": 2.59,
            "roe_4q": 3.62,
            "gross_profit": 1254530,
            "gross_margin": 27.24,
            "gross_margin_4q_avg": 21.88,
            "net_income": 1017910,
            "revenue": 4604886,
            "common_shares": 17392587,
            "book_valuer_per_share": 22.71,
            "book_valuer_per_share_4q_avg": 22.56,
            "equity": 39492343,
            "current_ratio": 191.56,
            "debt_ratio": 32.03,
            "inventory_turnover_ratio": 4.14,
            "account_receivable_turnover_ratio": null,
            "reinvestment_rate": null,
            "research_to_sale_ratio": null,
            "price_fair": 0,
            "eps_avg_yearly": 0,
            "eps_latest_yearly": 0,
            "eps_growth_yearly": 0
        },
        "20013": {
            "year_quarter": 20013,
            "year": 2001,
            "quarter": 3,
            "eps": 0.57,
            "eps_growth_year": 338.46,
            "eps_4q": 0.7,
            "eps_4q_growth_year": -84.45,
            "roe": 3.09,
            "roe_4q": 6.71,
            "gross_profit": 2106684,
            "gross_margin": 37.69,
            "gross_margin_4q_avg": 27.15,
            "net_income": 1211945,
            "revenue": 5589172,
            "common_shares": 21732464,
            "book_valuer_per_share": 17.95,
            "book_valuer_per_share_4q_avg": 21.02,
            "equity": 39003269,
            "current_ratio": 200.81,
            "debt_ratio": 39.42,
            "inventory_turnover_ratio": 4.45,
            "account_receivable_turnover_ratio": null,
            "reinvestment_rate": null,
            "research_to_sale_ratio": null,
            "price_fair": 0,
            "eps_avg_yearly": 0,
            "eps_latest_yearly": 0,
            "eps_growth_yearly": 0
        },
        "20014": {
            "year_quarter": 20014,
            "year": 2001,
            "quarter": 4,
            "eps": 0.33,
            "eps_growth_year": null,
            "eps_4q": 1.56,
            "eps_4q_growth_year": -34.12,
            "roe": 1.79,
            "roe_4q": 8.5,
            "gross_profit": 1447913,
            "gross_margin": 27.84,
            "gross_margin_4q_avg": 27.32,
            "net_income": 704238,
            "revenue": 5200164,
            "common_shares": 21732464,
            "book_valuer_per_share": 18.24,
            "book_valuer_per_share_4q_avg": 20.33,
            "equity": 39805700,
            "current_ratio": 145.15,
            "debt_ratio": 40.68,
            "inventory_turnover_ratio": 1.85,
            "account_receivable_turnover_ratio": null,
            "reinvestment_rate": null,
            "research_to_sale_ratio": null,
            "price_fair": 0,
            "eps_avg_yearly": 0,
            "eps_latest_yearly": 0,
            "eps_growth_yearly": 0
        },
        "20021": {
            "year_quarter": 20021,
            "year": 2002,
            "quarter": 1,
            "eps": 0.14,
            "eps_growth_year": -39.13,
            "eps_4q": 1.55,
            "eps_4q_growth_year": 128.65,
            "roe": 0.73,
            "roe_4q": 8.2,
            "gross_profit": 1059595,
            "gross_margin": 23.05,
            "gross_margin_4q_avg": 28.96,
            "net_income": 290655,
            "revenue": 4597562,
            "common_shares": 21732464,
            "book_valuer_per_share": 18.43,
            "book_valuer_per_share_4q_avg": 19.33,
            "equity": 40057057,
            "current_ratio": 169.31,
            "debt_ratio": 43.15,
            "inventory_turnover_ratio": 1.64,
            "account_receivable_turnover_ratio": null,
            "reinvestment_rate": null,
            "research_to_sale_ratio": null,
            "price_fair": 1.68,
            "eps_avg_yearly": 0.56,
            "eps_latest_yearly": 0.56,
            "eps_growth_yearly": -230.3
        },
        "20022": {
            "year_quarter": 20022,
            "year": 2002,
            "quarter": 2,
            "eps": 0,
            "eps_growth_year": -100,
            "eps_4q": 1.02,
            "eps_4q_growth_year": 342.34,
            "roe": 0.02,
            "roe_4q": 5.63,
            "gross_profit": 973747,
            "gross_margin": 18.34,
            "gross_margin_4q_avg": 26.73,
            "net_income": 9597,
            "revenue": 5309293,
            "common_shares": 21732464,
            "book_valuer_per_share": 18.03,
            "book_valuer_per_share_4q_avg": 18.16,
            "equity": 39185665,
            "current_ratio": 148.56,
            "debt_ratio": 44.35,
            "inventory_turnover_ratio": 3.92,
            "account_receivable_turnover_ratio": null,
            "reinvestment_rate": null,
            "research_to_sale_ratio": null,
            "price_fair": 1.68,
            "eps_avg_yearly": 0.56,
            "eps_latest_yearly": 0.56,
            "eps_growth_yearly": -230.3
        },
        "20023": {
            "year_quarter": 20023,
            "year": 2002,
            "quarter": 3,
            "eps": -0.11,
            "eps_growth_year": -119.3,
            "eps_4q": 0.28,
            "eps_4q_growth_year": -60.72,
            "roe": -0.73,
            "roe_4q": 1.81,
            "gross_profit": 949068,
            "gross_margin": 22.35,
            "gross_margin_4q_avg": 22.9,
            "net_income": -285174,
            "revenue": 4245616,
            "common_shares": 26002658,
            "book_valuer_per_share": 14.9,
            "book_valuer_per_share_4q_avg": 17.4,
            "equity": 38731985,
            "current_ratio": 118.25,
            "debt_ratio": 43.38,
            "inventory_turnover_ratio": 3.06,
            "account_receivable_turnover_ratio": null,
            "reinvestment_rate": null,
            "research_to_sale_ratio": null,
            "price_fair": 1.68,
            "eps_avg_yearly": 0.56,
            "eps_latest_yearly": 0.56,
            "eps_growth_yearly": -230.3
        },
        "20024": {
            "year_quarter": 20024,
            "year": 2002,
            "quarter": 4,
            "eps": -0.08,
            "eps_growth_year": -124.24,
            "eps_4q": -0.08,
            "eps_4q_growth_year": -104.83,
            "roe": -0.52,
            "roe_4q": -0.5,
            "gross_profit": 952040,
            "gross_margin": 18.16,
            "gross_margin_4q_avg": 20.48,
            "net_income": -199596,
            "revenue": 5241749,
            "common_shares": 26002658,
            "book_valuer_per_share": 14.76,
            "book_valuer_per_share_4q_avg": 16.53,
            "equity": 38595553,
            "current_ratio": 133.53,
            "debt_ratio": 47.41,
            "inventory_turnover_ratio": 2.16,
            "account_receivable_turnover_ratio": null,
            "reinvestment_rate": 206.82,
            "research_to_sale_ratio": null,
            "price_fair": 1.68,
            "eps_avg_yearly": 0.56,
            "eps_latest_yearly": 0.56,
            "eps_growth_yearly": -230.3
        },
        "20031": {
            "year_quarter": 20031,
            "year": 2003,
            "quarter": 1,
            "eps": 0.16,
            "eps_growth_year": 14.29,
            "eps_4q": -0.03,
            "eps_4q_growth_year": -101.74,
            "roe": 1.07,
            "roe_4q": -0.15999999999999995,
            "gross_profit": 1311826,
            "gross_margin": 25.45,
            "gross_margin_4q_avg": 21.08,
            "net_income": 406558,
            "revenue": 5154916,
            "common_shares": 26002658,
            "book_valuer_per_share": 14.43,
            "book_valuer_per_share_4q_avg": 15.53,
            "equity": 37521222,
            "current_ratio": 100.29,
            "debt_ratio": 50.13,
            "inventory_turnover_ratio": 1.85,
            "account_receivable_turnover_ratio": null,
            "reinvestment_rate": 140.13,
            "research_to_sale_ratio": null,
            "price_fair": 1.68,
            "eps_avg_yearly": 0.56,
            "eps_latest_yearly": 0.56,
            "eps_growth_yearly": -230.3
        },
        "20032": {
            "year_quarter": 20032,
            "year": 2003,
            "quarter": 2,
            "eps": 0.66,
            "eps_growth_year": null,
            "eps_4q": 0.63,
            "eps_4q_growth_year": -38.46,
            "roe": 4.15,
            "roe_4q": 3.970000000000001,
            "gross_profit": 1937880,
            "gross_margin": 31.86,
            "gross_margin_4q_avg": 24.46,
            "net_income": 1596957,
            "revenue": 6081756,
            "common_shares": 26089311,
            "book_valuer_per_share": 15.14,
            "book_valuer_per_share_4q_avg": 14.81,
            "equity": 39493777,
            "current_ratio": 145.8,
            "debt_ratio": 48.28,
            "inventory_turnover_ratio": 3.64,
            "account_receivable_turnover_ratio": null,
            "reinvestment_rate": 137.44,
            "research_to_sale_ratio": null,
            "price_fair": 56,
            "eps_avg_yearly": 1.6,
            "eps_latest_yearly": 2.64,
            "eps_growth_yearly": 509.85
        },
        "20033": {
            "year_quarter": 20033,
            "year": 2003,
            "quarter": 3,
            "eps": 0.86,
            "eps_growth_year": null,
            "eps_4q": 1.58,
            "eps_4q_growth_year": 469.96,
            "roe": 4.86,
            "roe_4q": 9.560000000000002,
            "gross_profit": 2683341,
            "gross_margin": 35.92,
            "gross_margin_4q_avg": 27.85,
            "net_income": 2164644,
            "revenue": 7469485,
            "common_shares": 29910850,
            "book_valuer_per_share": 16.55,
            "book_valuer_per_share_4q_avg": 15.22,
            "equity": 49496347,
            "current_ratio": 157.99,
            "debt_ratio": 35.01,
            "inventory_turnover_ratio": 4.18,
            "account_receivable_turnover_ratio": null,
            "reinvestment_rate": 129.75,
            "research_to_sale_ratio": null,
            "price_fair": 77.47,
            "eps_avg_yearly": 2.21,
            "eps_latest_yearly": 3.44,
            "eps_growth_yearly": 380.3
        },
        "20034": {
            "year_quarter": 20034,
            "year": 2003,
            "quarter": 4,
            "eps": 0.97,
            "eps_growth_year": null,
            "eps_4q": 2.55,
            "eps_4q_growth_year": null,
            "roe": 4.8,
            "roe_4q": 14.88,
            "gross_profit": 2854204,
            "gross_margin": 33.04,
            "gross_margin_4q_avg": 31.57,
            "net_income": 2553521,
            "revenue": 8637553,
            "common_shares": 32259443,
            "book_valuer_per_share": 17.55,
            "book_valuer_per_share_4q_avg": 15.92,
            "equity": 56937067,
            "current_ratio": 188.9,
            "debt_ratio": 39.14,
            "inventory_turnover_ratio": 2.86,
            "account_receivable_turnover_ratio": null,
            "reinvestment_rate": 183.2,
            "research_to_sale_ratio": null,
            "price_fair": 92.05,
            "eps_avg_yearly": 2.63,
            "eps_latest_yearly": 3.88,
            "eps_growth_yearly": 298.02
        },
        "20041": {
            "year_quarter": 20041,
            "year": 2004,
            "quarter": 1,
            "eps": 1.11,
            "eps_growth_year": 593.75,
            "eps_4q": 3.19,
            "eps_4q_growth_year": null,
            "roe": 5.62,
            "roe_4q": 19.43,
            "gross_profit": 3176761,
            "gross_margin": 35.88,
            "gross_margin_4q_avg": 34.18,
            "net_income": 3368256,
            "revenue": 8852977,
            "common_shares": 33984902,
            "book_valuer_per_share": 18.5,
            "book_valuer_per_share_4q_avg": 16.94,
            "equity": 62879730,
            "current_ratio": 264.85,
            "debt_ratio": 31.19,
            "inventory_turnover_ratio": 2.42,
            "account_receivable_turnover_ratio": null,
            "reinvestment_rate": 122.73,
            "research_to_sale_ratio": null,
            "price_fair": 104.72,
            "eps_avg_yearly": 2.99,
            "eps_latest_yearly": 4.44,
            "eps_growth_yearly": 249.96
        },
        "20042": {
            "year_quarter": 20042,
            "year": 2004,
            "quarter": 2,
            "eps": -0.11,
            "eps_growth_year": -116.67,
            "eps_4q": 2.35,
            "eps_4q_growth_year": 274.41,
            "roe": -0.6,
            "roe_4q": 14.68,
            "gross_profit": 2085056,
            "gross_margin": 28.25,
            "gross_margin_4q_avg": 33.27,
            "net_income": -363084,
            "revenue": 7380723,
            "common_shares": 32863971,
            "book_valuer_per_share": 17.58,
            "book_valuer_per_share_4q_avg": 17.55,
            "equity": 57775493,
            "current_ratio": 169.14,
            "debt_ratio": 37.01,
            "inventory_turnover_ratio": 2.47,
            "account_receivable_turnover_ratio": null,
            "reinvestment_rate": 153.02,
            "research_to_sale_ratio": null,
            "price_fair": 104.72,
            "eps_avg_yearly": 2.99,
            "eps_latest_yearly": 4.44,
            "eps_growth_yearly": 249.96
        },
        "20043": {
            "year_quarter": 20043,
            "year": 2004,
            "quarter": 3,
            "eps": -0.04,
            "eps_growth_year": -104.65,
            "eps_4q": 1.67,
            "eps_4q_growth_year": 6.02,
            "roe": -0.22,
            "roe_4q": 9.6,
            "gross_profit": 768206,
            "gross_margin": 13.87,
            "gross_margin_4q_avg": 27.76,
            "net_income": -127683,
            "revenue": 5538145,
            "common_shares": 32490481,
            "book_valuer_per_share": 17.78,
            "book_valuer_per_share_4q_avg": 17.85,
            "equity": 57780617,
            "current_ratio": 180.12,
            "debt_ratio": 35.1,
            "inventory_turnover_ratio": 1.9,
            "account_receivable_turnover_ratio": null,
            "reinvestment_rate": 177.43,
            "research_to_sale_ratio": null,
            "price_fair": 104.72,
            "eps_avg_yearly": 2.99,
            "eps_latest_yearly": 4.44,
            "eps_growth_yearly": 249.96
        },
        "20044": {
            "year_quarter": 20044,
            "year": 2004,
            "quarter": 4,
            "eps": -1.15,
            "eps_growth_year": -218.56,
            "eps_4q": -0.26,
            "eps_4q_growth_year": -110.2,
            "roe": -6.58,
            "roe_4q": -1.7799999999999994,
            "gross_profit": 533689,
            "gross_margin": 8.34,
            "gross_margin_4q_avg": 21.59,
            "net_income": -3668974,
            "revenue": 6399570,
            "common_shares": 32490481,
            "book_valuer_per_share": 16.48,
            "book_valuer_per_share_4q_avg": 17.59,
            "equity": 53744948,
            "current_ratio": 149.42,
            "debt_ratio": 43.93,
            "inventory_turnover_ratio": 1.77,
            "account_receivable_turnover_ratio": null,
            "reinvestment_rate": 322.92,
            "research_to_sale_ratio": null,
            "price_fair": 104.72,
            "eps_avg_yearly": 2.99,
            "eps_latest_yearly": 4.44,
            "eps_growth_yearly": 249.96
        },
        "20051": {
            "year_quarter": 20051,
            "year": 2005,
            "quarter": 1,
            "eps": -0.06,
            "eps_growth_year": -105.41,
            "eps_4q": -1.38,
            "eps_4q_growth_year": -143.22,
            "roe": -0.35,
            "roe_4q": -7.749999999999999,
            "gross_profit": 524221,
            "gross_margin": 9.04,
            "gross_margin_4q_avg": 14.88,
            "net_income": -189188,
            "revenue": 5797832,
            "common_shares": 32490481,
            "book_valuer_per_share": 16.41,
            "book_valuer_per_share_4q_avg": 17.06,
            "equity": 53306019,
            "current_ratio": 113.45,
            "debt_ratio": 41.48,
            "inventory_turnover_ratio": 1.68,
            "account_receivable_turnover_ratio": null,
            "reinvestment_rate": 278.5,
            "research_to_sale_ratio": null,
            "price_fair": 104.72,
            "eps_avg_yearly": 2.99,
            "eps_latest_yearly": 4.44,
            "eps_growth_yearly": 249.96
        },
        "20052": {
            "year_quarter": 20052,
            "year": 2005,
            "quarter": 2,
            "eps": -0.03,
            "eps_growth_year": null,
            "eps_4q": -1.26,
            "eps_4q_growth_year": -153.41,
            "roe": -0.18,
            "roe_4q": -7.33,
            "gross_profit": 977958,
            "gross_margin": 12.16,
            "gross_margin_4q_avg": 10.85,
            "net_income": -93094,
            "revenue": 8041709,
            "common_shares": 32495651,
            "book_valuer_per_share": 16.29,
            "book_valuer_per_share_4q_avg": 16.74,
            "equity": 52945783,
            "current_ratio": 98.31,
            "debt_ratio": 43.36,
            "inventory_turnover_ratio": 3.4,
            "account_receivable_turnover_ratio": null,
            "reinvestment_rate": 329.96,
            "research_to_sale_ratio": null,
            "price_fair": 104.72,
            "eps_avg_yearly": 2.99,
            "eps_latest_yearly": 4.44,
            "eps_growth_yearly": 249.96
        },
        "20053": {
            "year_quarter": 20053,
            "year": 2005,
            "quarter": 3,
            "eps": 0.12,
            "eps_growth_year": null,
            "eps_4q": -1.12,
            "eps_4q_growth_year": -166.97,
            "roe": 0.72,
            "roe_4q": -6.39,
            "gross_profit": 1295759,
            "gross_margin": 16.02,
            "gross_margin_4q_avg": 11.39,
            "net_income": 382546,
            "revenue": 8090455,
            "common_shares": 32006771,
            "book_valuer_per_share": 16.82,
            "book_valuer_per_share_4q_avg": 16.5,
            "equity": 53834912,
            "current_ratio": 103.82,
            "debt_ratio": 40.3,
            "inventory_turnover_ratio": 3.62,
            "account_receivable_turnover_ratio": null,
            "reinvestment_rate": 339.45,
            "research_to_sale_ratio": null,
            "price_fair": 104.72,
            "eps_avg_yearly": 2.99,
            "eps_latest_yearly": 4.44,
            "eps_growth_yearly": 249.96
        },
        "20054": {
            "year_quarter": 20054,
            "year": 2005,
            "quarter": 4,
            "eps": -0.16,
            "eps_growth_year": null,
            "eps_4q": -0.12,
            "eps_4q_growth_year": null,
            "roe": -0.91,
            "roe_4q": -0.72,
            "gross_profit": 1003942,
            "gross_margin": 14.4,
            "gross_margin_4q_avg": 12.91,
            "net_income": -489163,
            "revenue": 6970252,
            "common_shares": 32006771,
            "book_valuer_per_share": 16.61,
            "book_valuer_per_share_4q_avg": 16.53,
            "equity": 53945177,
            "current_ratio": 114.38,
            "debt_ratio": 44.56,
            "inventory_turnover_ratio": 1.67,
            "account_receivable_turnover_ratio": null,
            "reinvestment_rate": 524.66,
            "research_to_sale_ratio": null,
            "price_fair": 104.72,
            "eps_avg_yearly": 2.99,
            "eps_latest_yearly": 4.44,
            "eps_growth_yearly": 249.96
        },
        "20061": {
            "year_quarter": 20061,
            "year": 2006,
            "quarter": 1,
            "eps": 0.06,
            "eps_growth_year": null,
            "eps_4q": -0.01,
            "eps_4q_growth_year": null,
            "roe": 0.33,
            "roe_4q": -0.04000000000000009,
            "gross_profit": 574989,
            "gross_margin": 9,
            "gross_margin_4q_avg": 12.9,
            "net_income": 179182,
            "revenue": 6390928,
            "common_shares": 31282581,
            "book_valuer_per_share": 17,
            "book_valuer_per_share_4q_avg": 16.68,
            "equity": 53176846,
            "current_ratio": 104.74,
            "debt_ratio": 41.04,
            "inventory_turnover_ratio": 1.41,
            "account_receivable_turnover_ratio": null,
            "reinvestment_rate": 307.6,
            "research_to_sale_ratio": null,
            "price_fair": 126,
            "eps_avg_yearly": 3.6,
            "eps_latest_yearly": 4.44,
            "eps_growth_yearly": 370.03
        },
        "20062": {
            "year_quarter": 20062,
            "year": 2006,
            "quarter": 2,
            "eps": -0.01,
            "eps_growth_year": null,
            "eps_4q": 0.02,
            "eps_4q_growth_year": null,
            "roe": -0.04,
            "roe_4q": 0.09999999999999998,
            "gross_profit": 683997,
            "gross_margin": 9.51,
            "gross_margin_4q_avg": 12.23,
            "net_income": -19006,
            "revenue": 7192770,
            "common_shares": 31282581,
            "book_valuer_per_share": 16.88,
            "book_valuer_per_share_4q_avg": 16.83,
            "equity": 52802346,
            "current_ratio": 101.64,
            "debt_ratio": 40.28,
            "inventory_turnover_ratio": 2.36,
            "account_receivable_turnover_ratio": null,
            "reinvestment_rate": 258.08,
            "research_to_sale_ratio": null,
            "price_fair": 126,
            "eps_avg_yearly": 3.6,
            "eps_latest_yearly": 4.44,
            "eps_growth_yearly": 370.03
        },
        "20063": {
            "year_quarter": 20063,
            "year": 2006,
            "quarter": 3,
            "eps": 0.1,
            "eps_growth_year": -16.67,
            "eps_4q": -0.01,
            "eps_4q_growth_year": null,
            "roe": 0.54,
            "roe_4q": -0.07999999999999996,
            "gross_profit": 1105567,
            "gross_margin": 14.77,
            "gross_margin_4q_avg": 11.92,
            "net_income": 287209,
            "revenue": 7483095,
            "common_shares": 31282581,
            "book_valuer_per_share": 16.89,
            "book_valuer_per_share_4q_avg": 16.85,
            "equity": 52829936,
            "current_ratio": 113.11,
            "debt_ratio": 36.21,
            "inventory_turnover_ratio": 2.87,
            "account_receivable_turnover_ratio": null,
            "reinvestment_rate": 241.39,
            "research_to_sale_ratio": null,
            "price_fair": 126,
            "eps_avg_yearly": 3.6,
            "eps_latest_yearly": 4.44,
            "eps_growth_yearly": 370.03
        },
        "20064": {
            "year_quarter": 20064,
            "year": 2006,
            "quarter": 4,
            "eps": -0.05,
            "eps_growth_year": null,
            "eps_4q": 0.13,
            "eps_4q_growth_year": null,
            "roe": -0.27,
            "roe_4q": 0.56,
            "gross_profit": 1130077,
            "gross_margin": 15.93,
            "gross_margin_4q_avg": 12.3,
            "net_income": -145958,
            "revenue": 7092950,
            "common_shares": 30382131,
            "book_valuer_per_share": 17.44,
            "book_valuer_per_share_4q_avg": 17.05,
            "equity": 53705270,
            "current_ratio": 134.76,
            "debt_ratio": 39.05,
            "inventory_turnover_ratio": 1.89,
            "account_receivable_turnover_ratio": null,
            "reinvestment_rate": 301.93,
            "research_to_sale_ratio": null,
            "price_fair": 126,
            "eps_avg_yearly": 3.6,
            "eps_latest_yearly": 4.44,
            "eps_growth_yearly": 370.03
        },
        "20071": {
            "year_quarter": 20071,
            "year": 2007,
            "quarter": 1,
            "eps": 0.07,
            "eps_growth_year": 16.67,
            "eps_4q": 0.11,
            "eps_4q_growth_year": null,
            "roe": 0.39,
            "roe_4q": 0.62,
            "gross_profit": 982803,
            "gross_margin": 15.23,
            "gross_margin_4q_avg": 13.86,
            "net_income": 210615,
            "revenue": 6452516,
            "common_shares": 29951611,
            "book_valuer_per_share": 17.82,
            "book_valuer_per_share_4q_avg": 17.26,
            "equity": 53376274,
            "current_ratio": 118.7,
            "debt_ratio": 32.66,
            "inventory_turnover_ratio": 1.66,
            "account_receivable_turnover_ratio": null,
            "reinvestment_rate": 195.24,
            "research_to_sale_ratio": null,
            "price_fair": 126,
            "eps_avg_yearly": 3.6,
            "eps_latest_yearly": 4.44,
            "eps_growth_yearly": 370.03
        },
        "20072": {
            "year_quarter": 20072,
            "year": 2007,
            "quarter": 2,
            "eps": -0.02,
            "eps_growth_year": null,
            "eps_4q": 0.1,
            "eps_4q_growth_year": 468.27,
            "roe": -0.12,
            "roe_4q": 0.54,
            "gross_profit": 877625,
            "gross_margin": 15.04,
            "gross_margin_4q_avg": 15.24,
            "net_income": -63727,
            "revenue": 5836277,
            "common_shares": 29615671,
            "book_valuer_per_share": 18.07,
            "book_valuer_per_share_4q_avg": 17.56,
            "equity": 53507335,
            "current_ratio": 141.91,
            "debt_ratio": 33.5,
            "inventory_turnover_ratio": 2.17,
            "account_receivable_turnover_ratio": null,
            "reinvestment_rate": 169.79,
            "research_to_sale_ratio": null,
            "price_fair": 137.2,
            "eps_avg_yearly": 3.92,
            "eps_latest_yearly": 4.44,
            "eps_growth_yearly": 76.7
        },
        "20073": {
            "year_quarter": 20073,
            "year": 2007,
            "quarter": 3,
            "eps": -0.1,
            "eps_growth_year": -200,
            "eps_4q": -0.1,
            "eps_4q_growth_year": null,
            "roe": -0.54,
            "roe_4q": -0.54,
            "gross_profit": 595210,
            "gross_margin": 9.71,
            "gross_margin_4q_avg": 13.98,
            "net_income": -286878,
            "revenue": 6130179,
            "common_shares": 29450671,
            "book_valuer_per_share": 18.23,
            "book_valuer_per_share_4q_avg": 17.89,
            "equity": 53674608,
            "current_ratio": 127.96,
            "debt_ratio": 32.4,
            "inventory_turnover_ratio": 2.38,
            "account_receivable_turnover_ratio": null,
            "reinvestment_rate": 302.4,
            "research_to_sale_ratio": null,
            "price_fair": 145.6,
            "eps_avg_yearly": 4.16,
            "eps_latest_yearly": 4.44,
            "eps_growth_yearly": 54.45
        },
        "20074": {
            "year_quarter": 20074,
            "year": 2007,
            "quarter": 4,
            "eps": -0.64,
            "eps_growth_year": null,
            "eps_4q": -0.68,
            "eps_4q_growth_year": -605.5,
            "roe": -3.44,
            "roe_4q": -3.7099999999999995,
            "gross_profit": 467597,
            "gross_margin": 9.04,
            "gross_margin_4q_avg": 12.26,
            "net_income": -1821012,
            "revenue": 5172993,
            "common_shares": 29450671,
            "book_valuer_per_share": 17.41,
            "book_valuer_per_share_4q_avg": 17.88,
            "equity": 52223158,
            "current_ratio": 126.02,
            "debt_ratio": 39.24,
            "inventory_turnover_ratio": 1.26,
            "account_receivable_turnover_ratio": null,
            "reinvestment_rate": null,
            "research_to_sale_ratio": null,
            "price_fair": 155.4,
            "eps_avg_yearly": 4.44,
            "eps_latest_yearly": 4.44,
            "eps_growth_yearly": 57.73
        },
        "20081": {
            "year_quarter": 20081,
            "year": 2008,
            "quarter": 1,
            "eps": -0.35,
            "eps_growth_year": -600,
            "eps_4q": -1.13,
            "eps_4q_growth_year": -1121.77,
            "roe": -1.91,
            "roe_4q": -6.01,
            "gross_profit": -12417,
            "gross_margin": -0.21,
            "gross_margin_4q_avg": 8.4,
            "net_income": -978101,
            "revenue": 5788577,
            "common_shares": 29450671,
            "book_valuer_per_share": 16.78,
            "book_valuer_per_share_4q_avg": 17.62,
            "equity": 50372193,
            "current_ratio": 120.17,
            "debt_ratio": 38.71,
            "inventory_turnover_ratio": 1.11,
            "account_receivable_turnover_ratio": null,
            "reinvestment_rate": null,
            "research_to_sale_ratio": null,
            "price_fair": 0,
            "eps_avg_yearly": 0,
            "eps_latest_yearly": 0,
            "eps_growth_yearly": 0
        },
        "20082": {
            "year_quarter": 20082,
            "year": 2008,
            "quarter": 2,
            "eps": -0.79,
            "eps_growth_year": null,
            "eps_4q": -1.82,
            "eps_4q_growth_year": -1967.44,
            "roe": -4.69,
            "roe_4q": -10.580000000000002,
            "gross_profit": -585007,
            "gross_margin": -11.11,
            "gross_margin_4q_avg": 1.86,
            "net_income": -2298400,
            "revenue": 5264608,
            "common_shares": 29450671,
            "book_valuer_per_share": 15.84,
            "book_valuer_per_share_4q_avg": 17.07,
            "equity": 47616085,
            "current_ratio": 111.16,
            "debt_ratio": 41.78,
            "inventory_turnover_ratio": 1.05,
            "account_receivable_turnover_ratio": null,
            "reinvestment_rate": null,
            "research_to_sale_ratio": null,
            "price_fair": 0,
            "eps_avg_yearly": 0,
            "eps_latest_yearly": 0,
            "eps_growth_yearly": 0
        },
        "20083": {
            "year_quarter": 20083,
            "year": 2008,
            "quarter": 3,
            "eps": -0.62,
            "eps_growth_year": null,
            "eps_4q": -2.35,
            "eps_4q_growth_year": null,
            "roe": -3.84,
            "roe_4q": -13.88,
            "gross_profit": -220169,
            "gross_margin": -3.44,
            "gross_margin_4q_avg": -1.43,
            "net_income": -1801611,
            "revenue": 6405485,
            "common_shares": 29070121,
            "book_valuer_per_share": 15.48,
            "book_valuer_per_share_4q_avg": 16.38,
            "equity": 46334515,
            "current_ratio": 85.82,
            "debt_ratio": 41.61,
            "inventory_turnover_ratio": 1.09,
            "account_receivable_turnover_ratio": null,
            "reinvestment_rate": null,
            "research_to_sale_ratio": null,
            "price_fair": 0,
            "eps_avg_yearly": 0,
            "eps_latest_yearly": 0,
            "eps_growth_yearly": 0
        },
        "20084": {
            "year_quarter": 20084,
            "year": 2008,
            "quarter": 4,
            "eps": -0.41,
            "eps_growth_year": null,
            "eps_4q": -2.16,
            "eps_4q_growth_year": null,
            "roe": -2.53,
            "roe_4q": -12.969999999999999,
            "gross_profit": 101265,
            "gross_margin": 1.29,
            "gross_margin_4q_avg": -3.37,
            "net_income": -1158336,
            "revenue": 7868581,
            "common_shares": 29070121,
            "book_valuer_per_share": 15.05,
            "book_valuer_per_share_4q_avg": 15.79,
            "equity": 45174154,
            "current_ratio": 100.34,
            "debt_ratio": 42.47,
            "inventory_turnover_ratio": 1.25,
            "account_receivable_turnover_ratio": null,
            "reinvestment_rate": null,
            "research_to_sale_ratio": null,
            "price_fair": 0,
            "eps_avg_yearly": 0,
            "eps_latest_yearly": 0,
            "eps_growth_yearly": 0
        },
        "20091": {
            "year_quarter": 20091,
            "year": 2009,
            "quarter": 1,
            "eps": -0.32,
            "eps_growth_year": null,
            "eps_4q": -2.07,
            "eps_4q_growth_year": null,
            "roe": -1.96,
            "roe_4q": -13.02,
            "gross_profit": 220387,
            "gross_margin": 3.76,
            "gross_margin_4q_avg": -2.38,
            "net_income": -883299,
            "revenue": 5863087,
            "common_shares": 29070121,
            "book_valuer_per_share": 14.97,
            "book_valuer_per_share_4q_avg": 15.34,
            "equity": 44942125,
            "current_ratio": 93.19,
            "debt_ratio": 40.23,
            "inventory_turnover_ratio": 0.93,
            "account_receivable_turnover_ratio": null,
            "reinvestment_rate": null,
            "research_to_sale_ratio": null,
            "price_fair": 0,
            "eps_avg_yearly": 0,
            "eps_latest_yearly": 0,
            "eps_growth_yearly": 0
        },
        "20092": {
            "year_quarter": 20092,
            "year": 2009,
            "quarter": 2,
            "eps": -0.14,
            "eps_growth_year": null,
            "eps_4q": -1.45,
            "eps_4q_growth_year": null,
            "roe": -1.06,
            "roe_4q": -9.39,
            "gross_profit": 195163,
            "gross_margin": 3.09,
            "gross_margin_4q_avg": 1.18,
            "net_income": -474790,
            "revenue": 6324132,
            "common_shares": 28594979,
            "book_valuer_per_share": 15.02,
            "book_valuer_per_share_4q_avg": 15.13,
            "equity": 44250217,
            "current_ratio": 103.58,
            "debt_ratio": 39.15,
            "inventory_turnover_ratio": 1.05,
            "account_receivable_turnover_ratio": 3.36,
            "reinvestment_rate": null,
            "research_to_sale_ratio": null,
            "price_fair": 0,
            "eps_avg_yearly": 0,
            "eps_latest_yearly": 0,
            "eps_growth_yearly": 0
        },
        "20093": {
            "year_quarter": 20093,
            "year": 2009,
            "quarter": 3,
            "eps": -0.16,
            "eps_growth_year": null,
            "eps_4q": -0.99,
            "eps_4q_growth_year": null,
            "roe": -1.16,
            "roe_4q": -6.709999999999999,
            "gross_profit": 265060,
            "gross_margin": 4.09,
            "gross_margin_4q_avg": 3.06,
            "net_income": -510114,
            "revenue": 6476510,
            "common_shares": 28594979,
            "book_valuer_per_share": 14.81,
            "book_valuer_per_share_4q_avg": 14.96,
            "equity": 43547477,
            "current_ratio": 94.25,
            "debt_ratio": 36.63,
            "inventory_turnover_ratio": 1.15,
            "account_receivable_turnover_ratio": 1.64,
            "reinvestment_rate": null,
            "research_to_sale_ratio": null,
            "price_fair": 0,
            "eps_avg_yearly": 0,
            "eps_latest_yearly": 0,
            "eps_growth_yearly": 0
        },
        "20094": {
            "year_quarter": 20094,
            "year": 2009,
            "quarter": 4,
            "eps": -0.47,
            "eps_growth_year": null,
            "eps_4q": -1,
            "eps_4q_growth_year": null,
            "roe": -3.11,
            "roe_4q": -7.29,
            "gross_profit": -101331,
            "gross_margin": -1.52,
            "gross_margin_4q_avg": 2.36,
            "net_income": -1334041,
            "revenue": 6652832,
            "common_shares": 28491208,
            "book_valuer_per_share": 14.42,
            "book_valuer_per_share_4q_avg": 14.81,
            "equity": 42209643,
            "current_ratio": 100.98,
            "debt_ratio": 37.77,
            "inventory_turnover_ratio": 1.38,
            "account_receivable_turnover_ratio": 1.55,
            "reinvestment_rate": null,
            "research_to_sale_ratio": null,
            "price_fair": 0,
            "eps_avg_yearly": 0,
            "eps_latest_yearly": 0,
            "eps_growth_yearly": 0
        },
        "20101": {
            "year_quarter": 20101,
            "year": 2010,
            "quarter": 1,
            "eps": null,
            "eps_growth_year": null,
            "eps_4q": null,
            "eps_4q_growth_year": null,
            "roe": null,
            "roe_4q": -5.33,
            "gross_profit": -216362,
            "gross_margin": null,
            "gross_margin_4q_avg": 1.42,
            "net_income": -989986,
            "revenue": 5712957,
            "common_shares": 28491208,
            "book_valuer_per_share": 14.06,
            "book_valuer_per_share_4q_avg": 14.58,
            "equity": 41172754,
            "current_ratio": 90.68,
            "debt_ratio": 36.46,
            "inventory_turnover_ratio": null,
            "account_receivable_turnover_ratio": null,
            "reinvestment_rate": null,
            "research_to_sale_ratio": null,
            "price_fair": 0,
            "eps_avg_yearly": 0,
            "eps_latest_yearly": 0,
            "eps_growth_yearly": 0
        },
        "20102": {
            "year_quarter": 20102,
            "year": 2010,
            "quarter": 2,
            "eps": -0.45,
            "eps_growth_year": null,
            "eps_4q": -1.08,
            "eps_4q_growth_year": null,
            "roe": -3.01,
            "roe_4q": -7.279999999999999,
            "gross_profit": 165869,
            "gross_margin": 2.57,
            "gross_margin_4q_avg": 1.29,
            "net_income": -1228858,
            "revenue": 6466241,
            "common_shares": 28491208,
            "book_valuer_per_share": 14.44,
            "book_valuer_per_share_4q_avg": 14.43,
            "equity": 40548644,
            "current_ratio": 100.03,
            "debt_ratio": 37.85,
            "inventory_turnover_ratio": 1.44,
            "account_receivable_turnover_ratio": 2.78,
            "reinvestment_rate": null,
            "research_to_sale_ratio": null,
            "price_fair": 0,
            "eps_avg_yearly": 0,
            "eps_latest_yearly": 0,
            "eps_growth_yearly": 0
        },
        "20103": {
            "year_quarter": 20103,
            "year": 2010,
            "quarter": 3,
            "eps": -0.25,
            "eps_growth_year": null,
            "eps_4q": -1.17,
            "eps_4q_growth_year": null,
            "roe": -1.78,
            "roe_4q": -7.9,
            "gross_profit": 315832,
            "gross_margin": 4.62,
            "gross_margin_4q_avg": 1.42,
            "net_income": -717633,
            "revenue": 6836579,
            "common_shares": 28491208,
            "book_valuer_per_share": 14.2,
            "book_valuer_per_share_4q_avg": 14.28,
            "equity": 40304236,
            "current_ratio": 103.25,
            "debt_ratio": 35.51,
            "inventory_turnover_ratio": 1.48,
            "account_receivable_turnover_ratio": 1.58,
            "reinvestment_rate": null,
            "research_to_sale_ratio": 1.44,
            "price_fair": 0,
            "eps_avg_yearly": 0,
            "eps_latest_yearly": 0,
            "eps_growth_yearly": 0
        },
        "20104": {
            "year_quarter": 20104,
            "year": 2010,
            "quarter": 4,
            "eps": -1.07,
            "eps_growth_year": null,
            "eps_4q": -1.77,
            "eps_4q_growth_year": null,
            "roe": -7.8,
            "roe_4q": -12.59,
            "gross_profit": -484191,
            "gross_margin": -8.13,
            "gross_margin_4q_avg": -0.24,
            "net_income": -2996546,
            "revenue": 5955246,
            "common_shares": 28491208,
            "book_valuer_per_share": 12.86,
            "book_valuer_per_share_4q_avg": 13.89,
            "equity": 36542285,
            "current_ratio": 100.42,
            "debt_ratio": 38.58,
            "inventory_turnover_ratio": 1.55,
            "account_receivable_turnover_ratio": 1.58,
            "reinvestment_rate": null,
            "research_to_sale_ratio": 1.59,
            "price_fair": 0,
            "eps_avg_yearly": 0,
            "eps_latest_yearly": 0,
            "eps_growth_yearly": 0
        },
        "20111": {
            "year_quarter": 20111,
            "year": 2011,
            "quarter": 1,
            "eps": -0.39,
            "eps_growth_year": null,
            "eps_4q": -2.17,
            "eps_4q_growth_year": null,
            "roe": -3.09,
            "roe_4q": -15.68,
            "gross_profit": -376771,
            "gross_margin": -6.96,
            "gross_margin_4q_avg": -1.98,
            "net_income": -1113472,
            "revenue": 5413894,
            "common_shares": 28446968,
            "book_valuer_per_share": 12.51,
            "book_valuer_per_share_4q_avg": 13.5,
            "equity": 35583367,
            "current_ratio": 99.57,
            "debt_ratio": 39.2,
            "inventory_turnover_ratio": 1.49,
            "account_receivable_turnover_ratio": 1.51,
            "reinvestment_rate": null,
            "research_to_sale_ratio": 1.5,
            "price_fair": 0,
            "eps_avg_yearly": 0,
            "eps_latest_yearly": 0,
            "eps_growth_yearly": 0
        },
        "20112": {
            "year_quarter": 20112,
            "year": 2011,
            "quarter": 2,
            "eps": -0.26,
            "eps_growth_year": null,
            "eps_4q": -1.94,
            "eps_4q_growth_year": null,
            "roe": -2.33,
            "roe_4q": -14.999999999999998,
            "gross_profit": 118021,
            "gross_margin": 1.81,
            "gross_margin_4q_avg": -2.17,
            "net_income": -819809,
            "revenue": 6514724,
            "common_shares": 28446968,
            "book_valuer_per_share": 12.02,
            "book_valuer_per_share_4q_avg": 12.9,
            "equity": 34834338,
            "current_ratio": 100.36,
            "debt_ratio": 36.77,
            "inventory_turnover_ratio": 1.79,
            "account_receivable_turnover_ratio": 1.68,
            "reinvestment_rate": null,
            "research_to_sale_ratio": 1.28,
            "price_fair": 0,
            "eps_avg_yearly": 0,
            "eps_latest_yearly": 0,
            "eps_growth_yearly": 0
        },
        "20113": {
            "year_quarter": 20113,
            "year": 2011,
            "quarter": 3,
            "eps": 0.02,
            "eps_growth_year": null,
            "eps_4q": -1.68,
            "eps_4q_growth_year": null,
            "roe": -0.02,
            "roe_4q": -13.239999999999998,
            "gross_profit": 703908,
            "gross_margin": 9.94,
            "gross_margin_4q_avg": -0.84,
            "net_income": -6530,
            "revenue": 7079560,
            "common_shares": 28446968,
            "book_valuer_per_share": 12.21,
            "book_valuer_per_share_4q_avg": 12.4,
            "equity": 35326094,
            "current_ratio": 105.17,
            "debt_ratio": 36.23,
            "inventory_turnover_ratio": 2.03,
            "account_receivable_turnover_ratio": 1.48,
            "reinvestment_rate": null,
            "research_to_sale_ratio": 1.17,
            "price_fair": 0,
            "eps_avg_yearly": 0,
            "eps_latest_yearly": 0,
            "eps_growth_yearly": 0
        },
        "20114": {
            "year_quarter": 20114,
            "year": 2011,
            "quarter": 4,
            "eps": 0.02,
            "eps_growth_year": null,
            "eps_4q": -0.61,
            "eps_4q_growth_year": null,
            "roe": -0.04,
            "roe_4q": -5.48,
            "gross_profit": 856487,
            "gross_margin": 13.57,
            "gross_margin_4q_avg": 4.59,
            "net_income": -12496,
            "revenue": 6311756,
            "common_shares": 27934968,
            "book_valuer_per_share": 12.2,
            "book_valuer_per_share_4q_avg": 12.24,
            "equity": 35131853,
            "current_ratio": 110.5,
            "debt_ratio": 35.02,
            "inventory_turnover_ratio": 1.79,
            "account_receivable_turnover_ratio": 1.3,
            "reinvestment_rate": null,
            "research_to_sale_ratio": 1.35,
            "price_fair": 0.8,
            "eps_avg_yearly": 0.08,
            "eps_latest_yearly": 0.08,
            "eps_growth_yearly": 0
        },
        "20121": {
            "year_quarter": 20121,
            "year": 2012,
            "quarter": 1,
            "eps": 0.01,
            "eps_growth_year": null,
            "eps_4q": -0.21,
            "eps_4q_growth_year": null,
            "roe": -0.02,
            "roe_4q": -2.41,
            "gross_profit": 709280,
            "gross_margin": 14.16,
            "gross_margin_4q_avg": 9.87,
            "net_income": -5272,
            "revenue": 5007643,
            "common_shares": 27934968,
            "book_valuer_per_share": 12.17,
            "book_valuer_per_share_4q_avg": 12.15,
            "equity": 35012358,
            "current_ratio": 117.76,
            "debt_ratio": 33.09,
            "inventory_turnover_ratio": 1.3,
            "account_receivable_turnover_ratio": 1.23,
            "reinvestment_rate": null,
            "research_to_sale_ratio": 1.45,
            "price_fair": 0.18,
            "eps_avg_yearly": 0.06,
            "eps_latest_yearly": 0.04,
            "eps_growth_yearly": -100
        },
        "20122": {
            "year_quarter": 20122,
            "year": 2012,
            "quarter": 2,
            "eps": 0.02,
            "eps_growth_year": null,
            "eps_4q": 0.07,
            "eps_4q_growth_year": null,
            "roe": 0.01,
            "roe_4q": -0.07,
            "gross_profit": 848225,
            "gross_margin": 15.7,
            "gross_margin_4q_avg": 13.34,
            "net_income": 2072,
            "revenue": 5402735,
            "common_shares": 27934968,
            "book_valuer_per_share": 12.23,
            "book_valuer_per_share_4q_avg": 12.2,
            "equity": 34763528,
            "current_ratio": 121.4,
            "debt_ratio": 31.76,
            "inventory_turnover_ratio": 1.3,
            "account_receivable_turnover_ratio": 1.37,
            "reinvestment_rate": null,
            "research_to_sale_ratio": 1.46,
            "price_fair": 2.33,
            "eps_avg_yearly": 0.07,
            "eps_latest_yearly": 0.08,
            "eps_growth_yearly": 66.67
        },
        "20123": {
            "year_quarter": 20123,
            "year": 2012,
            "quarter": 3,
            "eps": 0.03,
            "eps_growth_year": 55.33,
            "eps_4q": 0.08,
            "eps_4q_growth_year": null,
            "roe": 0.14,
            "roe_4q": 0.09000000000000002,
            "gross_profit": 561403,
            "gross_margin": 11.73,
            "gross_margin_4q_avg": 13.79,
            "net_income": 47300,
            "revenue": 4787569,
            "common_shares": 27509048,
            "book_valuer_per_share": 12.26,
            "book_valuer_per_share_4q_avg": 12.22,
            "equity": 34839737,
            "current_ratio": 132.98,
            "debt_ratio": 30.96,
            "inventory_turnover_ratio": 1.14,
            "account_receivable_turnover_ratio": 1.27,
            "reinvestment_rate": null,
            "research_to_sale_ratio": 1.78,
            "price_fair": 2.8,
            "eps_avg_yearly": 0.08,
            "eps_latest_yearly": 0.12,
            "eps_growth_yearly": 100
        },
        "20124": {
            "year_quarter": 20124,
            "year": 2012,
            "quarter": 4,
            "eps": -0.3,
            "eps_growth_year": -1539.88,
            "eps_4q": -0.24,
            "eps_4q_growth_year": null,
            "roe": -2.56,
            "roe_4q": -2.43,
            "gross_profit": 54003,
            "gross_margin": 1.19,
            "gross_margin_4q_avg": 10.7,
            "net_income": -874455,
            "revenue": 4531224,
            "common_shares": 27509048,
            "book_valuer_per_share": 12.01,
            "book_valuer_per_share_4q_avg": 12.17,
            "equity": 33572364,
            "current_ratio": 128.71,
            "debt_ratio": 31.12,
            "inventory_turnover_ratio": 1.27,
            "account_receivable_turnover_ratio": 1.34,
            "reinvestment_rate": null,
            "research_to_sale_ratio": 1.61,
            "price_fair": 2.8,
            "eps_avg_yearly": 0.08,
            "eps_latest_yearly": 0.12,
            "eps_growth_yearly": 100
        },
        "20131": {
            "year_quarter": 20131,
            "year": 2013,
            "quarter": 1,
            "eps": -0.19,
            "eps_growth_year": -2000,
            "eps_4q": -0.44,
            "eps_4q_growth_year": null,
            "roe": -1.63,
            "roe_4q": -4.04,
            "gross_profit": 21368,
            "gross_margin": 0.51,
            "gross_margin_4q_avg": 7.28,
            "net_income": -543266,
            "revenue": 4182810,
            "common_shares": 27129098,
            "book_valuer_per_share": 11.94,
            "book_valuer_per_share_4q_avg": 12.11,
            "equity": 33224770,
            "current_ratio": 133.16,
            "debt_ratio": 30.87,
            "inventory_turnover_ratio": 1.31,
            "account_receivable_turnover_ratio": 1.32,
            "reinvestment_rate": null,
            "research_to_sale_ratio": 1.88,
            "price_fair": 2.8,
            "eps_avg_yearly": 0.08,
            "eps_latest_yearly": 0.12,
            "eps_growth_yearly": 100
        },
        "20132": {
            "year_quarter": 20132,
            "year": 2013,
            "quarter": 2,
            "eps": -0.21,
            "eps_growth_year": -1383.23,
            "eps_4q": -0.67,
            "eps_4q_growth_year": -1068.17,
            "roe": -1.77,
            "roe_4q": -5.82,
            "gross_profit": 38018,
            "gross_margin": 0.96,
            "gross_margin_4q_avg": 3.6,
            "net_income": -581292,
            "revenue": 3978260,
            "common_shares": 27129098,
            "book_valuer_per_share": 11.69,
            "book_valuer_per_share_4q_avg": 11.98,
            "equity": 32534502,
            "current_ratio": 133.74,
            "debt_ratio": 30.28,
            "inventory_turnover_ratio": 1.19,
            "account_receivable_turnover_ratio": 1.18,
            "reinvestment_rate": null,
            "research_to_sale_ratio": 2.14,
            "price_fair": 2.8,
            "eps_avg_yearly": 0.08,
            "eps_latest_yearly": 0.12,
            "eps_growth_yearly": 100
        },
        "20133": {
            "year_quarter": 20133,
            "year": 2013,
            "quarter": 3,
            "eps": -0.24,
            "eps_growth_year": -930.54,
            "eps_4q": -0.93,
            "eps_4q_growth_year": -1277.56,
            "roe": -2.05,
            "roe_4q": -8.01,
            "gross_profit": -129204,
            "gross_margin": -3.66,
            "gross_margin_4q_avg": -0.25,
            "net_income": -658878,
            "revenue": 3528573,
            "common_shares": 27129098,
            "book_valuer_per_share": 11.41,
            "book_valuer_per_share_4q_avg": 11.76,
            "equity": 31757244,
            "current_ratio": 151.16,
            "debt_ratio": 28.84,
            "inventory_turnover_ratio": 1.02,
            "account_receivable_turnover_ratio": 1.06,
            "reinvestment_rate": null,
            "research_to_sale_ratio": 2.35,
            "price_fair": 2.8,
            "eps_avg_yearly": 0.08,
            "eps_latest_yearly": 0.12,
            "eps_growth_yearly": 100
        },
        "20134": {
            "year_quarter": 20134,
            "year": 2013,
            "quarter": 4,
            "eps": -0.67,
            "eps_growth_year": null,
            "eps_4q": -1.31,
            "eps_4q_growth_year": null,
            "roe": -6.1,
            "roe_4q": -11.549999999999997,
            "gross_profit": -393547,
            "gross_margin": -9.8,
            "gross_margin_4q_avg": -3,
            "net_income": -1879814,
            "revenue": 4016441,
            "common_shares": 27129098,
            "book_valuer_per_share": 10.73,
            "book_valuer_per_share_4q_avg": 11.44,
            "equity": 29894315,
            "current_ratio": 163.77,
            "debt_ratio": 28.39,
            "inventory_turnover_ratio": 1.3,
            "account_receivable_turnover_ratio": 1.36,
            "reinvestment_rate": null,
            "research_to_sale_ratio": 2.01,
            "price_fair": 2.8,
            "eps_avg_yearly": 0.08,
            "eps_latest_yearly": 0.12,
            "eps_growth_yearly": 100
        },
        "20141": {
            "year_quarter": 20141,
            "year": 2014,
            "quarter": 1,
            "eps": -0.19,
            "eps_growth_year": null,
            "eps_4q": -1.3,
            "eps_4q_growth_year": null,
            "roe": -1.75,
            "roe_4q": -11.669999999999998,
            "gross_profit": 8474,
            "gross_margin": 0.22,
            "gross_margin_4q_avg": -3.07,
            "net_income": -520427,
            "revenue": 3939122,
            "common_shares": 27129098,
            "book_valuer_per_share": 10.62,
            "book_valuer_per_share_4q_avg": 11.11,
            "equity": 29624573,
            "current_ratio": 168.83,
            "debt_ratio": 27.27,
            "inventory_turnover_ratio": 1.32,
            "account_receivable_turnover_ratio": 1.49,
            "reinvestment_rate": null,
            "research_to_sale_ratio": 2.03,
            "price_fair": 2.8,
            "eps_avg_yearly": 0.08,
            "eps_latest_yearly": 0.12,
            "eps_growth_yearly": 100
        },
        "20142": {
            "year_quarter": 20142,
            "year": 2014,
            "quarter": 2,
            "eps": -0.16,
            "eps_growth_year": null,
            "eps_4q": -1.27,
            "eps_4q_growth_year": null,
            "roe": -1.53,
            "roe_4q": -11.43,
            "gross_profit": 114321,
            "gross_margin": 2.88,
            "gross_margin_4q_avg": -2.59,
            "net_income": -446514,
            "revenue": 3963074,
            "common_shares": 27129098,
            "book_valuer_per_share": 10.46,
            "book_valuer_per_share_4q_avg": 10.81,
            "equity": 28841029,
            "current_ratio": 166.65,
            "debt_ratio": 26.86,
            "inventory_turnover_ratio": 1.4,
            "account_receivable_turnover_ratio": 1.49,
            "reinvestment_rate": null,
            "research_to_sale_ratio": 2.18,
            "price_fair": 2.8,
            "eps_avg_yearly": 0.08,
            "eps_latest_yearly": 0.12,
            "eps_growth_yearly": 100
        },
        "20143": {
            "year_quarter": 20143,
            "year": 2014,
            "quarter": 3,
            "eps": -0.15,
            "eps_growth_year": null,
            "eps_4q": -1.23,
            "eps_4q_growth_year": null,
            "roe": -1.42,
            "roe_4q": -10.8,
            "gross_profit": 91493,
            "gross_margin": 2.27,
            "gross_margin_4q_avg": -1.11,
            "net_income": -405449,
            "revenue": 4026430,
            "common_shares": 26829098,
            "book_valuer_per_share": 10.57,
            "book_valuer_per_share_4q_avg": 10.6,
            "equity": 28310716,
            "current_ratio": 172.98,
            "debt_ratio": 28.83,
            "inventory_turnover_ratio": 1.48,
            "account_receivable_turnover_ratio": 1.33,
            "reinvestment_rate": null,
            "research_to_sale_ratio": 2.05,
            "price_fair": 2.8,
            "eps_avg_yearly": 0.08,
            "eps_latest_yearly": 0.12,
            "eps_growth_yearly": 100
        },
        "20144": {
            "year_quarter": 20144,
            "year": 2014,
            "quarter": 4,
            "eps": -0.14,
            "eps_growth_year": null,
            "eps_4q": -0.67,
            "eps_4q_growth_year": null,
            "roe": -1.27,
            "roe_4q": -5.97,
            "gross_profit": 198628,
            "gross_margin": 4.72,
            "gross_margin_4q_avg": 2.52,
            "net_income": -356725,
            "revenue": 4207964,
            "common_shares": 25815618,
            "book_valuer_per_share": 10.49,
            "book_valuer_per_share_4q_avg": 10.54,
            "equity": 27939317,
            "current_ratio": 176.87,
            "debt_ratio": 29.07,
            "inventory_turnover_ratio": 1.55,
            "account_receivable_turnover_ratio": 1.29,
            "reinvestment_rate": null,
            "research_to_sale_ratio": 1.99,
            "price_fair": 2.8,
            "eps_avg_yearly": 0.08,
            "eps_latest_yearly": 0.12,
            "eps_growth_yearly": 100
        },
        "20151": {
            "year_quarter": 20151,
            "year": 2015,
            "quarter": 1,
            "eps": -0.18,
            "eps_growth_year": null,
            "eps_4q": -0.65,
            "eps_4q_growth_year": null,
            "roe": -1.63,
            "roe_4q": -5.8500000000000005,
            "gross_profit": 84649,
            "gross_margin": 2.43,
            "gross_margin_4q_avg": 3.08,
            "net_income": -451909,
            "revenue": 3490453,
            "common_shares": 25815618,
            "book_valuer_per_share": 10.3,
            "book_valuer_per_share_4q_avg": 10.46,
            "equity": 27434573,
            "current_ratio": 176.87,
            "debt_ratio": 27.78,
            "inventory_turnover_ratio": 1.37,
            "account_receivable_turnover_ratio": 1.07,
            "reinvestment_rate": null,
            "research_to_sale_ratio": 2.32,
            "price_fair": 2.8,
            "eps_avg_yearly": 0.08,
            "eps_latest_yearly": 0.12,
            "eps_growth_yearly": 100
        },
        "20152": {
            "year_quarter": 20152,
            "year": 2015,
            "quarter": 2,
            "eps": -0.16,
            "eps_growth_year": null,
            "eps_4q": -0.76,
            "eps_4q_growth_year": null,
            "roe": -1.26,
            "roe_4q": -5.58,
            "gross_profit": 167000,
            "gross_margin": 4.84,
            "gross_margin_4q_avg": 3.57,
            "net_income": -338791,
            "revenue": 3450865,
            "common_shares": 21080525,
            "book_valuer_per_share": 12.45,
            "book_valuer_per_share_4q_avg": 10.95,
            "equity": 26470197,
            "current_ratio": 165.45,
            "debt_ratio": 27.94,
            "inventory_turnover_ratio": 1.25,
            "account_receivable_turnover_ratio": 1.11,
            "reinvestment_rate": null,
            "research_to_sale_ratio": 2.38,
            "price_fair": 2.8,
            "eps_avg_yearly": 0.08,
            "eps_latest_yearly": 0.12,
            "eps_growth_yearly": 100
        },
        "20153": {
            "year_quarter": 20153,
            "year": 2015,
            "quarter": 3,
            "eps": -0.26,
            "eps_growth_year": null,
            "eps_4q": -0.83,
            "eps_4q_growth_year": null,
            "roe": -2.09,
            "roe_4q": -6.25,
            "gross_profit": 7206,
            "gross_margin": 0.23,
            "gross_margin_4q_avg": 3.06,
            "net_income": -547864,
            "revenue": 3154349,
            "common_shares": 20667435,
            "book_valuer_per_share": 12.26,
            "book_valuer_per_share_4q_avg": 11.38,
            "equity": 26044391,
            "current_ratio": 169.41,
            "debt_ratio": 28.22,
            "inventory_turnover_ratio": 1.14,
            "account_receivable_turnover_ratio": 1.07,
            "reinvestment_rate": null,
            "research_to_sale_ratio": 2.36,
            "price_fair": 2.8,
            "eps_avg_yearly": 0.08,
            "eps_latest_yearly": 0.12,
            "eps_growth_yearly": 100
        },
        "20154": {
            "year_quarter": 20154,
            "year": 2015,
            "quarter": 4,
            "eps": -0.68,
            "eps_growth_year": null,
            "eps_4q": -1.34,
            "eps_4q_growth_year": null,
            "roe": -6.05,
            "roe_4q": -11.030000000000001,
            "gross_profit": -77807,
            "gross_margin": -2.89,
            "gross_margin_4q_avg": 1.15,
            "net_income": -1518756,
            "revenue": 2692677,
            "common_shares": 20667435,
            "book_valuer_per_share": 11.76,
            "book_valuer_per_share_4q_avg": 11.69,
            "equity": 24150240,
            "current_ratio": 210.05,
            "debt_ratio": 28.1,
            "inventory_turnover_ratio": 1.04,
            "account_receivable_turnover_ratio": 1.01,
            "reinvestment_rate": null,
            "research_to_sale_ratio": 3.02,
            "price_fair": 2.8,
            "eps_avg_yearly": 0.08,
            "eps_latest_yearly": 0.12,
            "eps_growth_yearly": 133.33
        },
        "20161": {
            "year_quarter": 20161,
            "year": 2016,
            "quarter": 1,
            "eps": -0.19,
            "eps_growth_year": null,
            "eps_4q": -1.35,
            "eps_4q_growth_year": null,
            "roe": -1.61,
            "roe_4q": -11.01,
            "gross_profit": 121789,
            "gross_margin": 4.35,
            "gross_margin_4q_avg": 1.63,
            "net_income": -383204,
            "revenue": 2799172,
            "common_shares": 19952115,
            "book_valuer_per_share": 11.78,
            "book_valuer_per_share_4q_avg": 12.06,
            "equity": 23493922,
            "current_ratio": 206.32,
            "debt_ratio": 28.59,
            "inventory_turnover_ratio": 1.09,
            "account_receivable_turnover_ratio": 1.1,
            "reinvestment_rate": null,
            "research_to_sale_ratio": 3.11,
            "price_fair": 3.5,
            "eps_avg_yearly": 0.1,
            "eps_latest_yearly": 0.12,
            "eps_growth_yearly": 300
        },
        "20162": {
            "year_quarter": 20162,
            "year": 2016,
            "quarter": 2,
            "eps": -0.13,
            "eps_growth_year": null,
            "eps_4q": -1.35,
            "eps_4q_growth_year": null,
            "roe": -1.1,
            "roe_4q": -10.85,
            "gross_profit": 216009,
            "gross_margin": 7.19,
            "gross_margin_4q_avg": 2.22,
            "net_income": -254038,
            "revenue": 3002540,
            "common_shares": 19352115,
            "book_valuer_per_share": 11.91,
            "book_valuer_per_share_4q_avg": 11.93,
            "equity": 22894770,
            "current_ratio": 213.98,
            "debt_ratio": 27.67,
            "inventory_turnover_ratio": 1.21,
            "account_receivable_turnover_ratio": 1.15,
            "reinvestment_rate": null,
            "research_to_sale_ratio": 2.43,
            "price_fair": 4.2,
            "eps_avg_yearly": 0.12,
            "eps_latest_yearly": 0.12,
            "eps_growth_yearly": 200
        },
        "20163": {
            "year_quarter": 20163,
            "year": 2016,
            "quarter": 3,
            "eps": -0.22,
            "eps_growth_year": null,
            "eps_4q": -1.3,
            "eps_4q_growth_year": null,
            "roe": -1.85,
            "roe_4q": -10.61,
            "gross_profit": 136870,
            "gross_margin": 4.88,
            "gross_margin_4q_avg": 3.38,
            "net_income": -417021,
            "revenue": 2805995,
            "common_shares": 18778715,
            "book_valuer_per_share": 11.67,
            "book_valuer_per_share_4q_avg": 11.78,
            "equity": 22302107,
            "current_ratio": 212.38,
            "debt_ratio": 28.33,
            "inventory_turnover_ratio": 1.17,
            "account_receivable_turnover_ratio": 1.07,
            "reinvestment_rate": null,
            "research_to_sale_ratio": 2.52,
            "price_fair": 0,
            "eps_avg_yearly": 0,
            "eps_latest_yearly": 0,
            "eps_growth_yearly": 0
        },
        "20164": {
            "year_quarter": 20164,
            "year": 2016,
            "quarter": 4,
            "eps": -0.69,
            "eps_growth_year": null,
            "eps_4q": -1.27,
            "eps_4q_growth_year": null,
            "roe": -5.29,
            "roe_4q": -9.85,
            "gross_profit": -220998,
            "gross_margin": -9.39,
            "gross_margin_4q_avg": 1.76,
            "net_income": -1149346,
            "revenue": 2354610,
            "common_shares": 18778715,
            "book_valuer_per_share": 11,
            "book_valuer_per_share_4q_avg": 11.59,
            "equity": 21173377,
            "current_ratio": 202.5,
            "debt_ratio": 27.63,
            "inventory_turnover_ratio": 1.19,
            "account_receivable_turnover_ratio": 1.02,
            "reinvestment_rate": null,
            "research_to_sale_ratio": 2.88,
            "price_fair": 0,
            "eps_avg_yearly": 0,
            "eps_latest_yearly": 0,
            "eps_growth_yearly": 0
        },
        "20171": {
            "year_quarter": 20171,
            "year": 2017,
            "quarter": 1,
            "eps": -0.28,
            "eps_growth_year": null,
            "eps_4q": -1.34,
            "eps_4q_growth_year": null,
            "roe": -2.49,
            "roe_4q": -10.73,
            "gross_profit": -77932,
            "gross_margin": -3.51,
            "gross_margin_4q_avg": -0.21,
            "net_income": -519792,
            "revenue": 2222716,
            "common_shares": 18778715,
            "book_valuer_per_share": 10.65,
            "book_valuer_per_share_4q_avg": 11.31,
            "equity": 20533382,
            "current_ratio": 261.3,
            "debt_ratio": 26.22,
            "inventory_turnover_ratio": 1.16,
            "account_receivable_turnover_ratio": 1.23,
            "reinvestment_rate": null,
            "research_to_sale_ratio": 2.98,
            "price_fair": 0,
            "eps_avg_yearly": 0,
            "eps_latest_yearly": 0,
            "eps_growth_yearly": 0
        },
        "20172": {
            "year_quarter": 20172,
            "year": 2017,
            "quarter": 2,
            "eps": -0.01,
            "eps_growth_year": null,
            "eps_4q": -1.21,
            "eps_4q_growth_year": null,
            "roe": -0.04,
            "roe_4q": -9.67,
            "gross_profit": 52022,
            "gross_margin": 2.32,
            "gross_margin_4q_avg": -1.43,
            "net_income": -7324,
            "revenue": 2239678,
            "common_shares": 18778715,
            "book_valuer_per_share": 10.67,
            "book_valuer_per_share_4q_avg": 11,
            "equity": 20495749,
            "current_ratio": 321.12,
            "debt_ratio": 25.46,
            "inventory_turnover_ratio": 1.16,
            "account_receivable_turnover_ratio": 1.36,
            "reinvestment_rate": null,
            "research_to_sale_ratio": 2.97,
            "price_fair": 0,
            "eps_avg_yearly": 0,
            "eps_latest_yearly": 0,
            "eps_growth_yearly": 0
        },
        "20173": {
            "year_quarter": 20173,
            "year": 2017,
            "quarter": 3,
            "eps": -0.16,
            "eps_growth_year": null,
            "eps_4q": -1.15,
            "eps_4q_growth_year": null,
            "roe": -1.39,
            "roe_4q": -9.21,
            "gross_profit": 60993,
            "gross_margin": 2.63,
            "gross_margin_4q_avg": -1.99,
            "net_income": -282391,
            "revenue": 2317338,
            "common_shares": 18778715,
            "book_valuer_per_share": 10.61,
            "book_valuer_per_share_4q_avg": 10.73,
            "equity": 20082136,
            "current_ratio": 281.71,
            "debt_ratio": 24.41,
            "inventory_turnover_ratio": 1.24,
            "account_receivable_turnover_ratio": 1.43,
            "reinvestment_rate": null,
            "research_to_sale_ratio": 2.8,
            "price_fair": 0,
            "eps_avg_yearly": 0,
            "eps_latest_yearly": 0,
            "eps_growth_yearly": 0
        },
        "20174": {
            "year_quarter": 20174,
            "year": 2017,
            "quarter": 4,
            "eps": -0.16,
            "eps_growth_year": null,
            "eps_4q": -0.62,
            "eps_4q_growth_year": null,
            "roe": -1.6,
            "roe_4q": -5.5200000000000005,
            "gross_profit": 17477,
            "gross_margin": 0.74,
            "gross_margin_4q_avg": 0.55,
            "net_income": -317803,
            "revenue": 2376011,
            "common_shares": 18306475,
            "book_valuer_per_share": 10.46,
            "book_valuer_per_share_4q_avg": 10.6,
            "equity": 19573427,
            "current_ratio": 289.14,
            "debt_ratio": 24.5,
            "inventory_turnover_ratio": 1.46,
            "account_receivable_turnover_ratio": 1.37,
            "reinvestment_rate": null,
            "research_to_sale_ratio": 2.19,
            "price_fair": 0,
            "eps_avg_yearly": 0,
            "eps_latest_yearly": 0,
            "eps_growth_yearly": 0
        },
        "20181": {
            "year_quarter": 20181,
            "year": 2018,
            "quarter": 1,
            "eps": -0.25,
            "eps_growth_year": null,
            "eps_4q": -0.58,
            "eps_4q_growth_year": null,
            "roe": -2.31,
            "roe_4q": -5.34,
            "gross_profit": -33878,
            "gross_margin": -1.72,
            "gross_margin_4q_avg": 0.99,
            "net_income": -446769,
            "revenue": 1965282,
            "common_shares": 18306475,
            "book_valuer_per_share": 10.23,
            "book_valuer_per_share_4q_avg": 10.49,
            "equity": 19159477,
            "current_ratio": 254.49,
            "debt_ratio": 23.59,
            "inventory_turnover_ratio": 1.39,
            "account_receivable_turnover_ratio": 1.14,
            "reinvestment_rate": null,
            "research_to_sale_ratio": 2.39,
            "price_fair": 0,
            "eps_avg_yearly": 0,
            "eps_latest_yearly": 0,
            "eps_growth_yearly": 0
        },
        "20182": {
            "year_quarter": 20182,
            "year": 2018,
            "quarter": 2,
            "eps": -0.09,
            "eps_growth_year": null,
            "eps_4q": -0.67,
            "eps_4q_growth_year": null,
            "roe": -0.89,
            "roe_4q": -6.19,
            "gross_profit": 56498,
            "gross_margin": 2.58,
            "gross_margin_4q_avg": 1.06,
            "net_income": -169866,
            "revenue": 2190075,
            "common_shares": 18306475,
            "book_valuer_per_share": 10.17,
            "book_valuer_per_share_4q_avg": 10.37,
            "equity": 19003909,
            "current_ratio": 278.65,
            "debt_ratio": 23.91,
            "inventory_turnover_ratio": 1.47,
            "account_receivable_turnover_ratio": 1.28,
            "reinvestment_rate": null,
            "research_to_sale_ratio": 2.18,
            "price_fair": 0,
            "eps_avg_yearly": 0,
            "eps_latest_yearly": 0,
            "eps_growth_yearly": 0
        },
        "20183": {
            "year_quarter": 20183,
            "year": 2018,
            "quarter": 3,
            "eps": -0.04,
            "eps_growth_year": null,
            "eps_4q": -0.54,
            "eps_4q_growth_year": null,
            "roe": -0.4,
            "roe_4q": -5.2,
            "gross_profit": 219682,
            "gross_margin": 9.41,
            "gross_margin_4q_avg": 2.75,
            "net_income": -75355,
            "revenue": 2334241,
            "common_shares": 18241264,
            "book_valuer_per_share": 10.12,
            "book_valuer_per_share_4q_avg": 10.25,
            "equity": 18873977,
            "current_ratio": 282.78,
            "debt_ratio": 23.82,
            "inventory_turnover_ratio": 1.39,
            "account_receivable_turnover_ratio": 1.31,
            "reinvestment_rate": null,
            "research_to_sale_ratio": 2.3,
            "price_fair": 0,
            "eps_avg_yearly": 0,
            "eps_latest_yearly": 0,
            "eps_growth_yearly": 0
        },
        "20184": {
            "year_quarter": 20184,
            "year": 2018,
            "quarter": 4,
            "eps": 0.65,
            "eps_growth_year": null,
            "eps_4q": 0.25,
            "eps_4q_growth_year": null,
            "roe": 5.81,
            "roe_4q": 2.2099999999999995,
            "gross_profit": 380376,
            "gross_margin": 17.15,
            "gross_margin_4q_avg": 6.86,
            "net_income": 1115389,
            "revenue": 2217783,
            "common_shares": 17741264,
            "book_valuer_per_share": 10.98,
            "book_valuer_per_share_4q_avg": 10.38,
            "equity": 19494233,
            "current_ratio": 382.81,
            "debt_ratio": 23.13,
            "inventory_turnover_ratio": 1.21,
            "account_receivable_turnover_ratio": 1.42,
            "reinvestment_rate": null,
            "research_to_sale_ratio": 3.05,
            "price_fair": 0,
            "eps_avg_yearly": 0,
            "eps_latest_yearly": 0,
            "eps_growth_yearly": 0
        },
        "20191": {
            "year_quarter": 20191,
            "year": 2019,
            "quarter": 1,
            "eps": 0.12,
            "eps_growth_year": null,
            "eps_4q": 0.63,
            "eps_4q_growth_year": null,
            "roe": 0.91,
            "roe_4q": 5.43,
            "gross_profit": 324686,
            "gross_margin": 17.71,
            "gross_margin_4q_avg": 11.71,
            "net_income": 178015,
            "revenue": 1833004,
            "common_shares": 17260164,
            "book_valuer_per_share": 11.15,
            "book_valuer_per_share_4q_avg": 10.61,
            "equity": 19621188,
            "current_ratio": 422.14,
            "debt_ratio": 14.91,
            "inventory_turnover_ratio": 0.91,
            "account_receivable_turnover_ratio": 1.33,
            "reinvestment_rate": null,
            "research_to_sale_ratio": 5.16,
            "price_fair": 1.44,
            "eps_avg_yearly": 0.48,
            "eps_latest_yearly": 0.48,
            "eps_growth_yearly": -326.15
        },
        "20192": {
            "year_quarter": 20192,
            "year": 2019,
            "quarter": 2,
            "eps": 0.18,
            "eps_growth_year": null,
            "eps_4q": 0.85,
            "eps_4q_growth_year": null,
            "roe": 1.03,
            "roe_4q": 7.35,
            "gross_profit": 484237,
            "gross_margin": 25.17,
            "gross_margin_4q_avg": 17.36,
            "net_income": 202501,
            "revenue": 1923673,
            "common_shares": 17260164,
            "book_valuer_per_share": 11.31,
            "book_valuer_per_share_4q_avg": 10.89,
            "equity": 19854732,
            "current_ratio": 414.29,
            "debt_ratio": 15.52,
            "inventory_turnover_ratio": 0.79,
            "account_receivable_turnover_ratio": 1.47,
            "reinvestment_rate": null,
            "research_to_sale_ratio": 4.77,
            "price_fair": 1.8,
            "eps_avg_yearly": 0.6,
            "eps_latest_yearly": 0.72,
            "eps_growth_yearly": -63.08
        },
        "20193": {
            "year_quarter": 20193,
            "year": 2019,
            "quarter": 3,
            "eps": -0.22,
            "eps_growth_year": null,
            "eps_4q": 1.1,
            "eps_4q_growth_year": null,
            "roe": -1.35,
            "roe_4q": 6.3999999999999995,
            "gross_profit": 239801,
            "gross_margin": 13.56,
            "gross_margin_4q_avg": 18.4,
            "net_income": -266310,
            "revenue": 1768089,
            "common_shares": 11588812,
            "book_valuer_per_share": 16.58,
            "book_valuer_per_share_4q_avg": 12.51,
            "equity": 19535066,
            "current_ratio": 423.5,
            "debt_ratio": 16.27,
            "inventory_turnover_ratio": 0.84,
            "account_receivable_turnover_ratio": 1.45,
            "reinvestment_rate": null,
            "research_to_sale_ratio": 6.47,
            "price_fair": 1.8,
            "eps_avg_yearly": 0.6,
            "eps_latest_yearly": 0.72,
            "eps_growth_yearly": -63.08
        },
        "20194": {
            "year_quarter": 20194,
            "year": 2019,
            "quarter": 4,
            "eps": 0.07,
            "eps_growth_year": -88.97,
            "eps_4q": 0.2,
            "eps_4q_growth_year": -20.34,
            "roe": 0.27,
            "roe_4q": 0.86,
            "gross_profit": 69757,
            "gross_margin": 4.59,
            "gross_margin_4q_avg": 15.26,
            "net_income": 53380,
            "revenue": 1520481,
            "common_shares": 11588812,
            "book_valuer_per_share": 16.59,
            "book_valuer_per_share_4q_avg": 13.91,
            "equity": 19533648,
            "current_ratio": 352.8,
            "debt_ratio": 23.27,
            "inventory_turnover_ratio": 0.59,
            "account_receivable_turnover_ratio": 0.87,
            "reinvestment_rate": null,
            "research_to_sale_ratio": 6.5,
            "price_fair": 1.8,
            "eps_avg_yearly": 0.6,
            "eps_latest_yearly": 0.72,
            "eps_growth_yearly": -63.08
        },
        "20201": {
            "year_quarter": 20201,
            "year": 2020,
            "quarter": 1,
            "eps": -1.12,
            "eps_growth_year": -1033.33,
            "eps_4q": -1.1,
            "eps_4q_growth_year": -275.48,
            "roe": -6.93,
            "roe_4q": -6.9799999999999995,
            "gross_profit": 472685,
            "gross_margin": 17.7,
            "gross_margin_4q_avg": 15.26,
            "net_income": -1306103,
            "revenue": 2669803,
            "common_shares": 11588812,
            "book_valuer_per_share": 15.39,
            "book_valuer_per_share_4q_avg": 14.97,
            "equity": 18163353,
            "current_ratio": 294.95,
            "debt_ratio": 27.17,
            "inventory_turnover_ratio": 0.71,
            "account_receivable_turnover_ratio": 1.18,
            "reinvestment_rate": null,
            "research_to_sale_ratio": 2.94,
            "price_fair": 1.8,
            "eps_avg_yearly": 0.6,
            "eps_latest_yearly": 0.72,
            "eps_growth_yearly": -63.08
        },
        "20202": {
            "year_quarter": 20202,
            "year": 2020,
            "quarter": 2,
            "eps": 0.97,
            "eps_growth_year": 438.89,
            "eps_4q": -0.31,
            "eps_4q_growth_year": -136.56,
            "roe": 6.18,
            "roe_4q": -1.83,
            "gross_profit": 304656,
            "gross_margin": 15.84,
            "gross_margin_4q_avg": 12.92,
            "net_income": 1150751,
            "revenue": 1923270,
            "common_shares": 11588812,
            "book_valuer_per_share": 16.16,
            "book_valuer_per_share_4q_avg": 16.18,
            "equity": 19081064,
            "current_ratio": 316.8,
            "debt_ratio": 25.68,
            "inventory_turnover_ratio": 0.51,
            "account_receivable_turnover_ratio": 1.02,
            "reinvestment_rate": null,
            "research_to_sale_ratio": 4.19,
            "price_fair": 1.8,
            "eps_avg_yearly": 0.6,
            "eps_latest_yearly": 0.72,
            "eps_growth_yearly": -63.08
        },
        "20203": {
            "year_quarter": 20203,
            "year": 2020,
            "quarter": 3,
            "eps": -0.3,
            "eps_growth_year": null,
            "eps_4q": -0.38,
            "eps_4q_growth_year": -134.91,
            "roe": -1.88,
            "roe_4q": -2.36,
            "gross_profit": 501781,
            "gross_margin": 21.17,
            "gross_margin_4q_avg": 14.83,
            "net_income": -355579,
            "revenue": 2370458,
            "common_shares": 11588812,
            "book_valuer_per_share": 15.84,
            "book_valuer_per_share_4q_avg": 16,
            "equity": 18698865,
            "current_ratio": 375.92,
            "debt_ratio": 25,
            "inventory_turnover_ratio": 0.6,
            "account_receivable_turnover_ratio": 1.37,
            "reinvestment_rate": null,
            "research_to_sale_ratio": 3.3,
            "price_fair": 1.8,
            "eps_avg_yearly": 0.6,
            "eps_latest_yearly": 0.72,
            "eps_growth_yearly": -63.08
        },
        "20204": {
            "year_quarter": 20204,
            "year": 2020,
            "quarter": 4,
            "eps": 0.55,
            "eps_growth_year": 669.65,
            "eps_4q": 0.1,
            "eps_4q_growth_year": -51.43,
            "roe": 3.34,
            "roe_4q": 0.71,
            "gross_profit": 724271,
            "gross_margin": 29.71,
            "gross_margin_4q_avg": 21.11,
            "net_income": 635758,
            "revenue": 2437496,
            "common_shares": 11588812,
            "book_valuer_per_share": 16.37,
            "book_valuer_per_share_4q_avg": 15.94,
            "equity": 19321651,
            "current_ratio": 389.98,
            "debt_ratio": 22.11,
            "inventory_turnover_ratio": 0.59,
            "account_receivable_turnover_ratio": 1.36,
            "reinvestment_rate": null,
            "research_to_sale_ratio": 2.43,
            "price_fair": 1.8,
            "eps_avg_yearly": 0.6,
            "eps_latest_yearly": 0.72,
            "eps_growth_yearly": -63.08
        },
        "20211": {
            "year_quarter": 20211,
            "year": 2021,
            "quarter": 1,
            "eps": -0.17,
            "eps_growth_year": null,
            "eps_4q": 1.05,
            "eps_4q_growth_year": null,
            "roe": -1.04,
            "roe_4q": 6.6,
            "gross_profit": 528086,
            "gross_margin": 24.01,
            "gross_margin_4q_avg": 22.68,
            "net_income": -199103,
            "revenue": 2199270,
            "common_shares": 11588812,
            "book_valuer_per_share": 16.18,
            "book_valuer_per_share_4q_avg": 16.14,
            "equity": 19088732,
            "current_ratio": 447.48,
            "debt_ratio": 23.71,
            "inventory_turnover_ratio": 0.62,
            "account_receivable_turnover_ratio": 1.34,
            "reinvestment_rate": null,
            "research_to_sale_ratio": 3.78,
            "price_fair": 1.8,
            "eps_avg_yearly": 0.6,
            "eps_latest_yearly": 0.72,
            "eps_growth_yearly": -63.08
        },
        "20212": {
            "year_quarter": 20212,
            "year": 2021,
            "quarter": 2,
            "eps": -0.25,
            "eps_growth_year": -125.77,
            "eps_4q": -0.16,
            "eps_4q_growth_year": null,
            "roe": -1.58,
            "roe_4q": -1.1600000000000001,
            "gross_profit": 457988,
            "gross_margin": 23.42,
            "gross_margin_4q_avg": 24.58,
            "net_income": -298641,
            "revenue": 1955248,
            "common_shares": 11588812,
            "book_valuer_per_share": 15.85,
            "book_valuer_per_share_4q_avg": 16.06,
            "equity": 18695554,
            "current_ratio": 367.34,
            "debt_ratio": 24.75,
            "inventory_turnover_ratio": 0.53,
            "account_receivable_turnover_ratio": 1.29,
            "reinvestment_rate": null,
            "research_to_sale_ratio": 3.63,
            "price_fair": 1.8,
            "eps_avg_yearly": 0.6,
            "eps_latest_yearly": 0.72,
            "eps_growth_yearly": -63.08
        },
        "20213": {
            "year_quarter": 20213,
            "year": 2021,
            "quarter": 3,
            "eps": 0.42,
            "eps_growth_year": null,
            "eps_4q": 0.55,
            "eps_4q_growth_year": null,
            "roe": 2.58,
            "roe_4q": 3.3,
            "gross_profit": 474635,
            "gross_margin": 21.24,
            "gross_margin_4q_avg": 24.6,
            "net_income": 477844,
            "revenue": 2235104,
            "common_shares": 11588812,
            "book_valuer_per_share": 15.53,
            "book_valuer_per_share_4q_avg": 15.98,
            "equity": 18323000,
            "current_ratio": 293.16,
            "debt_ratio": 27.4,
            "inventory_turnover_ratio": 0.56,
            "account_receivable_turnover_ratio": 1.39,
            "reinvestment_rate": -1253.79,
            "research_to_sale_ratio": 4.06,
            "price_fair": 1.8,
            "eps_avg_yearly": 0.6,
            "eps_latest_yearly": 0.72,
            "eps_growth_yearly": -63.08
        },
        "20214": {
            "year_quarter": 20214,
            "year": 2021,
            "quarter": 4,
            "eps": 0.14,
            "eps_growth_year": -75.25,
            "eps_4q": 0.14,
            "eps_4q_growth_year": 45.12,
            "roe": 0.82,
            "roe_4q": 0.7799999999999998,
            "gross_profit": 537542,
            "gross_margin": 23.14,
            "gross_margin_4q_avg": 22.95,
            "net_income": 151037,
            "revenue": 2323366,
            "common_shares": 11588812,
            "book_valuer_per_share": 15.63,
            "book_valuer_per_share_4q_avg": 15.8,
            "equity": 18442422,
            "current_ratio": 386.52,
            "debt_ratio": 23.65,
            "inventory_turnover_ratio": 0.54,
            "account_receivable_turnover_ratio": 1.35,
            "reinvestment_rate": -610.66,
            "research_to_sale_ratio": 3.38,
            "price_fair": 1.76,
            "eps_avg_yearly": 0.59,
            "eps_latest_yearly": 0.56,
            "eps_growth_yearly": -130.94
        },
        "20221": {
            "year_quarter": 20221,
            "year": 2022,
            "quarter": 1,
            "eps": -0.12,
            "eps_growth_year": null,
            "eps_4q": 0.19,
            "eps_4q_growth_year": -82.38,
            "roe": -0.77,
            "roe_4q": 1.0499999999999998,
            "gross_profit": 367238,
            "gross_margin": 17.96,
            "gross_margin_4q_avg": 21.44,
            "net_income": -141491,
            "revenue": 2045120,
            "common_shares": 11588812,
            "book_valuer_per_share": 15.62,
            "book_valuer_per_share_4q_avg": 15.66,
            "equity": 18426098,
            "current_ratio": 480.05,
            "debt_ratio": 23.2,
            "inventory_turnover_ratio": 0.51,
            "account_receivable_turnover_ratio": 1.23,
            "reinvestment_rate": -427.85,
            "research_to_sale_ratio": 3.15,
            "price_fair": 1.76,
            "eps_avg_yearly": 0.59,
            "eps_latest_yearly": 0.56,
            "eps_growth_yearly": -130.94
        },
        "20222": {
            "year_quarter": 20222,
            "year": 2022,
            "quarter": 2,
            "eps": -0.48,
            "eps_growth_year": null,
            "eps_4q": -0.04,
            "eps_4q_growth_year": null,
            "roe": -3.07,
            "roe_4q": -0.43999999999999995,
            "gross_profit": 357320,
            "gross_margin": 19.07,
            "gross_margin_4q_avg": 20.35,
            "net_income": -555551,
            "revenue": 1873777,
            "common_shares": 11588812,
            "book_valuer_per_share": 15.07,
            "book_valuer_per_share_4q_avg": 15.46,
            "equity": 17792741,
            "current_ratio": 398.79,
            "debt_ratio": 24.71,
            "inventory_turnover_ratio": 0.44,
            "account_receivable_turnover_ratio": 1.19,
            "reinvestment_rate": -567.17,
            "research_to_sale_ratio": 6.32,
            "price_fair": 1.76,
            "eps_avg_yearly": 0.59,
            "eps_latest_yearly": 0.56,
            "eps_growth_yearly": -130.94
        },
        "20223": {
            "year_quarter": 20223,
            "year": 2022,
            "quarter": 3,
            "eps": -0.25,
            "eps_growth_year": -159.52,
            "eps_4q": -0.75,
            "eps_4q_growth_year": -235.03,
            "roe": -1.62,
            "roe_4q": -4.639999999999999,
            "gross_profit": 437841,
            "gross_margin": 23.01,
            "gross_margin_4q_avg": 20.8,
            "net_income": -281790,
            "revenue": 1902609,
            "common_shares": 10893483,
            "book_valuer_per_share": 15.29,
            "book_valuer_per_share_4q_avg": 15.4,
            "equity": 16981918,
            "current_ratio": 340.63,
            "debt_ratio": 29.38,
            "inventory_turnover_ratio": 0.4,
            "account_receivable_turnover_ratio": 1.22,
            "reinvestment_rate": -669.69,
            "research_to_sale_ratio": 4.13,
            "price_fair": 1.76,
            "eps_avg_yearly": 0.59,
            "eps_latest_yearly": 0.56,
            "eps_growth_yearly": -130.94
        },
        "20224": {
            "year_quarter": 20224,
            "year": 2022,
            "quarter": 4,
            "eps": -0.1,
            "eps_growth_year": -171.48,
            "eps_4q": -0.99,
            "eps_4q_growth_year": -811.32,
            "roe": -0.62,
            "roe_4q": -6.08,
            "gross_profit": 302862,
            "gross_margin": 16.19,
            "gross_margin_4q_avg": 19.06,
            "net_income": -104143,
            "revenue": 1870870,
            "common_shares": 10893483,
            "book_valuer_per_share": 15.18,
            "book_valuer_per_share_4q_avg": 15.29,
            "equity": 16863675,
            "current_ratio": 357.4,
            "debt_ratio": 27.82,
            "inventory_turnover_ratio": 0.45,
            "account_receivable_turnover_ratio": 1.24,
            "reinvestment_rate": null,
            "research_to_sale_ratio": 3.95,
            "price_fair": 1.76,
            "eps_avg_yearly": 0.59,
            "eps_latest_yearly": 0.56,
            "eps_growth_yearly": -130.94
        },
        "20231": {
            "year_quarter": 20231,
            "year": 2023,
            "quarter": 1,
            "eps": 0.62,
            "eps_growth_year": null,
            "eps_4q": -0.24,
            "eps_4q_growth_year": -228.51,
            "roe": 3.94,
            "roe_4q": -1.37,
            "gross_profit": 350406,
            "gross_margin": 20.23,
            "gross_margin_4q_avg": 19.63,
            "net_income": 676848,
            "revenue": 1731914,
            "common_shares": 10893483,
            "book_valuer_per_share": 15.8,
            "book_valuer_per_share_4q_avg": 15.34,
            "equity": 17535581,
            "current_ratio": 339.5,
            "debt_ratio": 26.07,
            "inventory_turnover_ratio": 0.43,
            "account_receivable_turnover_ratio": 1.29,
            "reinvestment_rate": null,
            "research_to_sale_ratio": 3.26,
            "price_fair": 1.92,
            "eps_avg_yearly": 0.64,
            "eps_latest_yearly": 0.56,
            "eps_growth_yearly": -33.33
        },
        "20232": {
            "year_quarter": 20232,
            "year": 2023,
            "quarter": 2,
            "eps": 1.27,
            "eps_growth_year": null,
            "eps_4q": 1.54,
            "eps_4q_growth_year": null,
            "roe": 7.7,
            "roe_4q": 9.400000000000002,
            "gross_profit": 406670,
            "gross_margin": 22.94,
            "gross_margin_4q_avg": 20.59,
            "net_income": 1406702,
            "revenue": 1772843,
            "common_shares": 10893483,
            "book_valuer_per_share": 17.14,
            "book_valuer_per_share_4q_avg": 15.85,
            "equity": 19015349,
            "current_ratio": 336.04,
            "debt_ratio": 23.8,
            "inventory_turnover_ratio": 0.47,
            "account_receivable_turnover_ratio": 1.34,
            "reinvestment_rate": -188.52,
            "research_to_sale_ratio": 5.49,
            "price_fair": 98.7,
            "eps_avg_yearly": 2.82,
            "eps_latest_yearly": 5.08,
            "eps_growth_yearly": 76.34
        }
    },
    "months": {
        "2001-06": {
            "month": "2001-06",
            "price": "40.20",
            "revenue": 1648800
        },
        "2001-07": {
            "month": "2001-07",
            "price": "31.14",
            "revenue": 1757165
        },
        "2001-08": {
            "month": "2001-08",
            "price": "27.40",
            "revenue": 1861160
        },
        "2001-09": {
            "month": "2001-09",
            "price": "22.04",
            "revenue": 1970848
        },
        "2001-10": {
            "month": "2001-10",
            "price": "21.90",
            "revenue": 2053413
        },
        "2001-11": {
            "month": "2001-11",
            "price": "24.28",
            "revenue": 1916690
        },
        "2001-12": {
            "month": "2001-12",
            "price": "25.70",
            "revenue": 1520818
        },
        "2002-01": {
            "month": "2002-01",
            "price": "27.40",
            "revenue": 1510705
        },
        "2002-02": {
            "month": "2002-02",
            "price": "25.97",
            "revenue": 1255033
        },
        "2002-03": {
            "month": "2002-03",
            "price": "27.89",
            "revenue": 1608639
        },
        "2002-04": {
            "month": "2002-04",
            "price": "30.02",
            "revenue": 1716247
        },
        "2002-05": {
            "month": "2002-05",
            "price": "25.23",
            "revenue": 1752916
        },
        "2002-06": {
            "month": "2002-06",
            "price": "23.86",
            "revenue": 1805917
        },
        "2002-07": {
            "month": "2002-07",
            "price": "19.16",
            "revenue": 1429752
        },
        "2002-08": {
            "month": "2002-08",
            "price": "15.31",
            "revenue": 1412519
        },
        "2002-09": {
            "month": "2002-09",
            "price": "13.48",
            "revenue": 1437560
        },
        "2002-10": {
            "month": "2002-10",
            "price": "15.70",
            "revenue": 1467017
        },
        "2002-11": {
            "month": "2002-11",
            "price": "16.40",
            "revenue": 1502643
        },
        "2002-12": {
            "month": "2002-12",
            "price": "14.50",
            "revenue": 1610650
        },
        "2003-01": {
            "month": "2003-01",
            "price": "16.32",
            "revenue": 1631501
        },
        "2003-02": {
            "month": "2003-02",
            "price": "17.61",
            "revenue": 1351473
        },
        "2003-03": {
            "month": "2003-03",
            "price": "17.06",
            "revenue": 1805839
        },
        "2003-04": {
            "month": "2003-04",
            "price": "16.80",
            "revenue": 1856482
        },
        "2003-05": {
            "month": "2003-05",
            "price": "17.47",
            "revenue": 2019290
        },
        "2003-06": {
            "month": "2003-06",
            "price": "23.13",
            "revenue": 2258703
        },
        "2003-07": {
            "month": "2003-07",
            "price": "27.01",
            "revenue": 2363200
        },
        "2003-08": {
            "month": "2003-08",
            "price": "25.88",
            "revenue": 2502969
        },
        "2003-09": {
            "month": "2003-09",
            "price": "25.24",
            "revenue": 2622852
        },
        "2003-10": {
            "month": "2003-10",
            "price": "25.44",
            "revenue": 2831726
        },
        "2003-11": {
            "month": "2003-11",
            "price": "26.25",
            "revenue": 3003654
        },
        "2003-12": {
            "month": "2003-12",
            "price": "26.05",
            "revenue": 3106434
        },
        "2004-01": {
            "month": "2004-01",
            "price": "26.32",
            "revenue": 2808831
        },
        "2004-02": {
            "month": "2004-02",
            "price": "26.66",
            "revenue": 3018589
        },
        "2004-03": {
            "month": "2004-03",
            "price": "28.68",
            "revenue": 3119216
        },
        "2004-04": {
            "month": "2004-04",
            "price": "29.36",
            "revenue": 2676302
        },
        "2004-05": {
            "month": "2004-05",
            "price": "22.55",
            "revenue": 2476765
        },
        "2004-06": {
            "month": "2004-06",
            "price": "18.71",
            "revenue": 2040289
        },
        "2004-07": {
            "month": "2004-07",
            "price": "15.95",
            "revenue": 1916739
        },
        "2004-08": {
            "month": "2004-08",
            "price": "16.06",
            "revenue": 1852915
        },
        "2004-09": {
            "month": "2004-09",
            "price": "17.21",
            "revenue": 1955859
        },
        "2004-10": {
            "month": "2004-10",
            "price": "16.58",
            "revenue": 2010871
        },
        "2004-11": {
            "month": "2004-11",
            "price": "14.97",
            "revenue": 2079781
        },
        "2004-12": {
            "month": "2004-12",
            "price": "16.00",
            "revenue": 2157934
        },
        "2005-01": {
            "month": "2005-01",
            "price": "15.00",
            "revenue": 2165841
        },
        "2005-02": {
            "month": "2005-02",
            "price": "14.65",
            "revenue": 1615533
        },
        "2005-03": {
            "month": "2005-03",
            "price": "14.10",
            "revenue": 2323978
        },
        "2005-04": {
            "month": "2005-04",
            "price": "12.64",
            "revenue": 2531746
        },
        "2005-05": {
            "month": "2005-05",
            "price": "13.35",
            "revenue": 2619236
        },
        "2005-06": {
            "month": "2005-06",
            "price": "15.15",
            "revenue": 2779038
        },
        "2005-07": {
            "month": "2005-07",
            "price": "14.92",
            "revenue": 2813402
        },
        "2005-08": {
            "month": "2005-08",
            "price": "13.20",
            "revenue": 2701198
        },
        "2005-09": {
            "month": "2005-09",
            "price": "12.90",
            "revenue": 2725291
        },
        "2005-10": {
            "month": "2005-10",
            "price": "12.11",
            "revenue": 2753502
        },
        "2005-11": {
            "month": "2005-11",
            "price": "11.03",
            "revenue": 2674042
        },
        "2005-12": {
            "month": "2005-12",
            "price": "11.59",
            "revenue": 2538845
        },
        "2006-01": {
            "month": "2006-01",
            "price": "11.40",
            "revenue": 1836431
        },
        "2006-02": {
            "month": "2006-02",
            "price": "10.84",
            "revenue": 2044519
        },
        "2006-03": {
            "month": "2006-03",
            "price": "9.90",
            "revenue": 2509978
        },
        "2006-04": {
            "month": "2006-04",
            "price": "10.35",
            "revenue": 2520116
        },
        "2006-05": {
            "month": "2006-05",
            "price": "10.50",
            "revenue": 2600599
        },
        "2006-06": {
            "month": "2006-06",
            "price": "9.23",
            "revenue": 2638392
        },
        "2006-07": {
            "month": "2006-07",
            "price": "8.73",
            "revenue": 2546959
        },
        "2006-08": {
            "month": "2006-08",
            "price": "8.29",
            "revenue": 2511199
        },
        "2006-09": {
            "month": "2006-09",
            "price": "9.02",
            "revenue": 2507927
        },
        "2006-10": {
            "month": "2006-10",
            "price": "9.63",
            "revenue": 2522587
        },
        "2006-11": {
            "month": "2006-11",
            "price": "10.21",
            "revenue": 2531627
        },
        "2006-12": {
            "month": "2006-12",
            "price": "11.31",
            "revenue": 2208562
        },
        "2007-01": {
            "month": "2007-01",
            "price": "10.79",
            "revenue": 2312326
        },
        "2007-02": {
            "month": "2007-02",
            "price": "10.46",
            "revenue": 1819466
        },
        "2007-03": {
            "month": "2007-03",
            "price": "9.52",
            "revenue": 2320724
        },
        "2007-04": {
            "month": "2007-04",
            "price": "10.02",
            "revenue": 2103069
        },
        "2007-05": {
            "month": "2007-05",
            "price": "9.66",
            "revenue": 2034290
        },
        "2007-06": {
            "month": "2007-06",
            "price": "10.59",
            "revenue": 1643493
        },
        "2007-07": {
            "month": "2007-07",
            "price": "14.68",
            "revenue": 1707655
        },
        "2007-08": {
            "month": "2007-08",
            "price": "15.42",
            "revenue": 2214777
        },
        "2007-09": {
            "month": "2007-09",
            "price": "14.29",
            "revenue": 2207747
        },
        "2007-10": {
            "month": "2007-10",
            "price": "14.51",
            "revenue": 2136998
        },
        "2007-11": {
            "month": "2007-11",
            "price": "12.25",
            "revenue": 1720917
        },
        "2007-12": {
            "month": "2007-12",
            "price": "11.39",
            "revenue": 1450933
        },
        "2008-01": {
            "month": "2008-01",
            "price": "10.03",
            "revenue": 1400134
        },
        "2008-02": {
            "month": "2008-02",
            "price": "9.51",
            "revenue": 1176172
        },
        "2008-03": {
            "month": "2008-03",
            "price": "10.12",
            "revenue": 1430761
        },
        "2008-04": {
            "month": "2008-04",
            "price": "10.78",
            "revenue": 1390856
        },
        "2008-05": {
            "month": "2008-05",
            "price": "10.94",
            "revenue": 1342387
        },
        "2008-06": {
            "month": "2008-06",
            "price": "9.85",
            "revenue": 1286751
        },
        "2008-07": {
            "month": "2008-07",
            "price": "8.26",
            "revenue": 1393339
        },
        "2008-08": {
            "month": "2008-08",
            "price": "8.37",
            "revenue": 1610396
        },
        "2008-09": {
            "month": "2008-09",
            "price": "6.81",
            "revenue": 1681354
        },
        "2008-10": {
            "month": "2008-10",
            "price": "5.52",
            "revenue": 1924184
        },
        "2008-11": {
            "month": "2008-11",
            "price": "4.26",
            "revenue": 2011183
        },
        "2008-12": {
            "month": "2008-12",
            "price": "4.86",
            "revenue": 1828750
        },
        "2009-01": {
            "month": "2009-01",
            "price": "5.03",
            "revenue": 1435257
        },
        "2009-02": {
            "month": "2009-02",
            "price": "4.97",
            "revenue": 1635599
        },
        "2009-03": {
            "month": "2009-03",
            "price": "5.82",
            "revenue": 1666958
        },
        "2009-04": {
            "month": "2009-04",
            "price": "7.51",
            "revenue": 1601363
        },
        "2009-05": {
            "month": "2009-05",
            "price": "7.49",
            "revenue": 1622836
        },
        "2009-06": {
            "month": "2009-06",
            "price": "7.40",
            "revenue": 1651733
        },
        "2009-07": {
            "month": "2009-07",
            "price": "7.64",
            "revenue": 1682376
        },
        "2009-08": {
            "month": "2009-08",
            "price": "7.69",
            "revenue": 1700711
        },
        "2009-09": {
            "month": "2009-09",
            "price": "7.87",
            "revenue": 1720506
        },
        "2009-10": {
            "month": "2009-10",
            "price": "7.95",
            "revenue": 1733167
        },
        "2009-11": {
            "month": "2009-11",
            "price": "7.52",
            "revenue": 1504484
        },
        "2009-12": {
            "month": "2009-12",
            "price": "7.71",
            "revenue": 1403060
        },
        "2010-01": {
            "month": "2010-01",
            "price": "8.53",
            "revenue": 1514300
        },
        "2010-02": {
            "month": "2010-02",
            "price": "8.19",
            "revenue": 1147136
        },
        "2010-03": {
            "month": "2010-03",
            "price": "8.63",
            "revenue": 1527426
        },
        "2010-04": {
            "month": "2010-04",
            "price": "8.91",
            "revenue": 1503173
        },
        "2010-05": {
            "month": "2010-05",
            "price": "8.20",
            "revenue": 1563025
        },
        "2010-06": {
            "month": "2010-06",
            "price": "8.11",
            "revenue": 1509453
        },
        "2010-07": {
            "month": "2010-07",
            "price": "8.44",
            "revenue": 2229495
        },
        "2010-08": {
            "month": "2010-08",
            "price": "8.51",
            "revenue": 2438585
        },
        "2010-09": {
            "month": "2010-09",
            "price": "8.10",
            "revenue": 2086540
        },
        "2010-10": {
            "month": "2010-10",
            "price": "8.07",
            "revenue": 2062641
        },
        "2010-11": {
            "month": "2010-11",
            "price": "7.70",
            "revenue": 2042429
        },
        "2010-12": {
            "month": "2010-12",
            "price": "7.92",
            "revenue": 1911576
        },
        "2011-01": {
            "month": "2011-01",
            "price": "8.02",
            "revenue": 1718669
        },
        "2011-02": {
            "month": "2011-02",
            "price": "7.08",
            "revenue": 1466101
        },
        "2011-03": {
            "month": "2011-03",
            "price": "6.90",
            "revenue": 2233824
        },
        "2011-04": {
            "month": "2011-04",
            "price": "7.15",
            "revenue": 2182445
        },
        "2011-05": {
            "month": "2011-05",
            "price": "6.60",
            "revenue": 2073402
        },
        "2011-06": {
            "month": "2011-06",
            "price": "6.53",
            "revenue": 2230931
        },
        "2011-07": {
            "month": "2011-07",
            "price": "6.09",
            "revenue": 2344649
        },
        "2011-08": {
            "month": "2011-08",
            "price": "4.91",
            "revenue": 2241966
        },
        "2011-09": {
            "month": "2011-09",
            "price": "5.67",
            "revenue": 2367152
        },
        "2011-10": {
            "month": "2011-10",
            "price": "6.03",
            "revenue": 2248225
        },
        "2011-11": {
            "month": "2011-11",
            "price": "5.61",
            "revenue": 2177059
        },
        "2011-12": {
            "month": "2011-12",
            "price": "4.66",
            "revenue": 1871334
        },
        "2012-01": {
            "month": "2012-01",
            "price": "5.06",
            "revenue": 1344648
        },
        "2012-02": {
            "month": "2012-02",
            "price": "5.69",
            "revenue": 1844543
        },
        "2012-03": {
            "month": "2012-03",
            "price": "5.52",
            "revenue": 1780337
        },
        "2012-04": {
            "month": "2012-04",
            "price": "5.01",
            "revenue": 1698543
        },
        "2012-05": {
            "month": "2012-05",
            "price": "4.80",
            "revenue": 1799812
        },
        "2012-06": {
            "month": "2012-06",
            "price": "4.89",
            "revenue": 1537708
        },
        "2012-07": {
            "month": "2012-07",
            "price": "4.90",
            "revenue": 1610186
        },
        "2012-08": {
            "month": "2012-08",
            "price": "4.83",
            "revenue": 1648347
        },
        "2012-09": {
            "month": "2012-09",
            "price": "4.94",
            "revenue": 1469651
        },
        "2012-10": {
            "month": "2012-10",
            "price": "4.58",
            "revenue": 1532781
        },
        "2012-11": {
            "month": "2012-11",
            "price": "4.28",
            "revenue": 1508928
        },
        "2012-12": {
            "month": "2012-12",
            "price": "4.68",
            "revenue": 1445292
        },
        "2013-01": {
            "month": "2013-01",
            "price": "4.76",
            "revenue": 1507016
        },
        "2013-02": {
            "month": "2013-02",
            "price": "4.79",
            "revenue": 1183378
        },
        "2013-03": {
            "month": "2013-03",
            "price": "5.19",
            "revenue": 1434128
        },
        "2013-04": {
            "month": "2013-04",
            "price": "5.16",
            "revenue": 1490063
        },
        "2013-05": {
            "month": "2013-05",
            "price": "5.45",
            "revenue": 1305493
        },
        "2013-06": {
            "month": "2013-06",
            "price": "5.62",
            "revenue": 1155135
        },
        "2013-07": {
            "month": "2013-07",
            "price": "5.43",
            "revenue": 1176248
        },
        "2013-08": {
            "month": "2013-08",
            "price": "5.00",
            "revenue": 1273152
        },
        "2013-09": {
            "month": "2013-09",
            "price": "4.93",
            "revenue": 1265295
        },
        "2013-10": {
            "month": "2013-10",
            "price": "5.05",
            "revenue": 1356173
        },
        "2013-11": {
            "month": "2013-11",
            "price": "4.71",
            "revenue": 1405458
        },
        "2013-12": {
            "month": "2013-12",
            "price": "4.83",
            "revenue": 1362575
        },
        "2014-01": {
            "month": "2014-01",
            "price": "5.03",
            "revenue": 1269820
        },
        "2014-02": {
            "month": "2014-02",
            "price": "4.85",
            "revenue": 1296936
        },
        "2014-03": {
            "month": "2014-03",
            "price": "4.89",
            "revenue": 1386314
        },
        "2014-04": {
            "month": "2014-04",
            "price": "4.75",
            "revenue": 1254457
        },
        "2014-05": {
            "month": "2014-05",
            "price": "4.52",
            "revenue": 1301298
        },
        "2014-06": {
            "month": "2014-06",
            "price": "4.73",
            "revenue": 1323899
        },
        "2014-07": {
            "month": "2014-07",
            "price": "4.85",
            "revenue": 1258090
        },
        "2014-08": {
            "month": "2014-08",
            "price": "4.71",
            "revenue": 1350245
        },
        "2014-09": {
            "month": "2014-09",
            "price": "4.75",
            "revenue": 1439136
        },
        "2014-10": {
            "month": "2014-10",
            "price": "4.54",
            "revenue": 1457802
        },
        "2014-11": {
            "month": "2014-11",
            "price": "4.32",
            "revenue": 1452132
        },
        "2014-12": {
            "month": "2014-12",
            "price": "4.28",
            "revenue": 1306583
        },
        "2015-01": {
            "month": "2015-01",
            "price": "4.45",
            "revenue": 1198265
        },
        "2015-02": {
            "month": "2015-02",
            "price": "4.35",
            "revenue": 1079974
        },
        "2015-03": {
            "month": "2015-03",
            "price": "4.28",
            "revenue": 1217283
        },
        "2015-04": {
            "month": "2015-04",
            "price": "3.98",
            "revenue": 1258513
        },
        "2015-05": {
            "month": "2015-05",
            "price": "3.74",
            "revenue": 1116000
        },
        "2015-06": {
            "month": "2015-06",
            "price": "3.72",
            "revenue": 1079523
        },
        "2015-07": {
            "month": "2015-07",
            "price": "3.35",
            "revenue": 1038210
        },
        "2015-08": {
            "month": "2015-08",
            "price": "2.81",
            "revenue": 1042766
        },
        "2015-09": {
            "month": "2015-09",
            "price": "3.60",
            "revenue": 1072123
        },
        "2015-10": {
            "month": "2015-10",
            "price": "3.88",
            "revenue": 918148
        },
        "2015-11": {
            "month": "2015-11",
            "price": "3.62",
            "revenue": 911412
        },
        "2015-12": {
            "month": "2015-12",
            "price": "3.34",
            "revenue": 807791
        },
        "2016-01": {
            "month": "2016-01",
            "price": "3.23",
            "revenue": 974178
        },
        "2016-02": {
            "month": "2016-02",
            "price": "3.46",
            "revenue": 770837
        },
        "2016-03": {
            "month": "2016-03",
            "price": "3.59",
            "revenue": 1059801
        },
        "2016-04": {
            "month": "2016-04",
            "price": "3.47",
            "revenue": 1022082
        },
        "2016-05": {
            "month": "2016-05",
            "price": "3.29",
            "revenue": 1001371
        },
        "2016-06": {
            "month": "2016-06",
            "price": "3.77",
            "revenue": 973493
        },
        "2016-07": {
            "month": "2016-07",
            "price": "3.83",
            "revenue": 946955
        },
        "2016-08": {
            "month": "2016-08",
            "price": "3.82",
            "revenue": 911393
        },
        "2016-09": {
            "month": "2016-09",
            "price": "3.87",
            "revenue": 970391
        },
        "2016-10": {
            "month": "2016-10",
            "price": "3.78",
            "revenue": 849284
        },
        "2016-11": {
            "month": "2016-11",
            "price": "3.56",
            "revenue": 861771
        },
        "2016-12": {
            "month": "2016-12",
            "price": "3.51",
            "revenue": 629177
        },
        "2017-01": {
            "month": "2017-01",
            "price": "3.50",
            "revenue": 661840
        },
        "2017-02": {
            "month": "2017-02",
            "price": "4.08",
            "revenue": 724135
        },
        "2017-03": {
            "month": "2017-03",
            "price": "4.02",
            "revenue": 852063
        },
        "2017-04": {
            "month": "2017-04",
            "price": "3.80",
            "revenue": 787558
        },
        "2017-05": {
            "month": "2017-05",
            "price": "3.74",
            "revenue": 733252
        },
        "2017-06": {
            "month": "2017-06",
            "price": "4.00",
            "revenue": 708696
        },
        "2017-07": {
            "month": "2017-07",
            "price": "3.96",
            "revenue": 695357
        },
        "2017-08": {
            "month": "2017-08",
            "price": "3.91",
            "revenue": 768495
        },
        "2017-09": {
            "month": "2017-09",
            "price": "4.34",
            "revenue": 854988
        },
        "2017-10": {
            "month": "2017-10",
            "price": "4.48",
            "revenue": 803303
        },
        "2017-11": {
            "month": "2017-11",
            "price": "4.28",
            "revenue": 744641
        },
        "2017-12": {
            "month": "2017-12",
            "price": "4.21",
            "revenue": 826285
        },
        "2018-01": {
            "month": "2018-01",
            "price": "4.54",
            "revenue": 710777
        },
        "2018-02": {
            "month": "2018-02",
            "price": "4.45",
            "revenue": 520746
        },
        "2018-03": {
            "month": "2018-03",
            "price": "4.58",
            "revenue": 736655
        },
        "2018-04": {
            "month": "2018-04",
            "price": "5.75",
            "revenue": 697781
        },
        "2018-05": {
            "month": "2018-05",
            "price": "7.88",
            "revenue": 743336
        },
        "2018-06": {
            "month": "2018-06",
            "price": "10.93",
            "revenue": 741090
        },
        "2018-07": {
            "month": "2018-07",
            "price": "8.21",
            "revenue": 764007
        },
        "2018-08": {
            "month": "2018-08",
            "price": "7.38",
            "revenue": 779162
        },
        "2018-09": {
            "month": "2018-09",
            "price": "6.74",
            "revenue": 787718
        },
        "2018-10": {
            "month": "2018-10",
            "price": "5.86",
            "revenue": 756944
        },
        "2018-11": {
            "month": "2018-11",
            "price": "6.38",
            "revenue": 749005
        },
        "2018-12": {
            "month": "2018-12",
            "price": "6.78",
            "revenue": 705246
        },
        "2019-01": {
            "month": "2019-01",
            "price": "6.95",
            "revenue": 681826
        },
        "2019-02": {
            "month": "2019-02",
            "price": "6.76",
            "revenue": 515837
        },
        "2019-03": {
            "month": "2019-03",
            "price": "6.80",
            "revenue": 641719
        },
        "2019-04": {
            "month": "2019-04",
            "price": "7.30",
            "revenue": 607090
        },
        "2019-05": {
            "month": "2019-05",
            "price": "6.64",
            "revenue": 698131
        },
        "2019-06": {
            "month": "2019-06",
            "price": "6.97",
            "revenue": 619202
        },
        "2019-07": {
            "month": "2019-07",
            "price": "6.99",
            "revenue": 507344
        },
        "2019-08": {
            "month": "2019-08",
            "price": "7.18",
            "revenue": 642172
        },
        "2019-09": {
            "month": "2019-09",
            "price": "9.02",
            "revenue": 609430
        },
        "2019-10": {
            "month": "2019-10",
            "price": "11.44",
            "revenue": 622295
        },
        "2019-11": {
            "month": "2019-11",
            "price": "10.36",
            "revenue": 493878
        },
        "2019-12": {
            "month": "2019-12",
            "price": "9.82",
            "revenue": 506531
        },
        "2020-01": {
            "month": "2020-01",
            "price": "9.06",
            "revenue": 956350
        },
        "2020-02": {
            "month": "2020-02",
            "price": "8.77",
            "revenue": 836949
        },
        "2020-03": {
            "month": "2020-03",
            "price": "6.94",
            "revenue": 870658
        },
        "2020-04": {
            "month": "2020-04",
            "price": "7.46",
            "revenue": 689299
        },
        "2020-05": {
            "month": "2020-05",
            "price": "7.62",
            "revenue": 601275
        },
        "2020-06": {
            "month": "2020-06",
            "price": "7.42",
            "revenue": 644134
        },
        "2020-07": {
            "month": "2020-07",
            "price": "7.61",
            "revenue": 765724
        },
        "2020-08": {
            "month": "2020-08",
            "price": "7.83",
            "revenue": 735152
        },
        "2020-09": {
            "month": "2020-09",
            "price": "8.13",
            "revenue": 855819
        },
        "2020-10": {
            "month": "2020-10",
            "price": "8.08",
            "revenue": 703597
        },
        "2020-11": {
            "month": "2020-11",
            "price": "8.20",
            "revenue": 844607
        },
        "2020-12": {
            "month": "2020-12",
            "price": "9.14",
            "revenue": 881543
        },
        "2021-01": {
            "month": "2021-01",
            "price": "8.92",
            "revenue": 814652
        },
        "2021-02": {
            "month": "2021-02",
            "price": "8.27",
            "revenue": 618711
        },
        "2021-03": {
            "month": "2021-03",
            "price": "8.45",
            "revenue": 777627
        },
        "2021-04": {
            "month": "2021-04",
            "price": "11.38",
            "revenue": 637002
        },
        "2021-05": {
            "month": "2021-05",
            "price": "10.44",
            "revenue": 673115
        },
        "2021-06": {
            "month": "2021-06",
            "price": "10.11",
            "revenue": 657441
        },
        "2021-07": {
            "month": "2021-07",
            "price": "10.02",
            "revenue": 724642
        },
        "2021-08": {
            "month": "2021-08",
            "price": "9.74",
            "revenue": 728228
        },
        "2021-09": {
            "month": "2021-09",
            "price": "9.08",
            "revenue": 810988
        },
        "2021-10": {
            "month": "2021-10",
            "price": "8.64",
            "revenue": 777209
        },
        "2021-11": {
            "month": "2021-11",
            "price": "8.97",
            "revenue": 819753
        },
        "2021-12": {
            "month": "2021-12",
            "price": "9.25",
            "revenue": 720566
        },
        "2022-01": {
            "month": "2022-01",
            "price": "12.14",
            "revenue": 741423
        },
        "2022-02": {
            "month": "2022-02",
            "price": "10.97",
            "revenue": 629874
        },
        "2022-03": {
            "month": "2022-03",
            "price": "10.77",
            "revenue": 673102
        },
        "2022-04": {
            "month": "2022-04",
            "price": "9.46",
            "revenue": 639600
        },
        "2022-05": {
            "month": "2022-05",
            "price": "8.96",
            "revenue": 623548
        },
        "2022-06": {
            "month": "2022-06",
            "price": "8.48",
            "revenue": 605881
        },
        "2022-07": {
            "month": "2022-07",
            "price": "7.44",
            "revenue": 624190
        },
        "2022-08": {
            "month": "2022-08",
            "price": "7.79",
            "revenue": 703963
        },
        "2022-09": {
            "month": "2022-09",
            "price": "7.64",
            "revenue": 571810
        },
        "2022-10": {
            "month": "2022-10",
            "price": "6.77",
            "revenue": 657798
        },
        "2022-11": {
            "month": "2022-11",
            "price": "6.95",
            "revenue": 671055
        },
        "2022-12": {
            "month": "2022-12",
            "price": "7.60",
            "revenue": 499748
        },
        "2023-01": {
            "month": "2023-01",
            "price": "7.50",
            "revenue": 565856
        },
        "2023-02": {
            "month": "2023-02",
            "price": "7.89",
            "revenue": 534607
        },
        "2023-03": {
            "month": "2023-03",
            "price": "7.95",
            "revenue": 631884
        },
        "2023-04": {
            "month": "2023-04",
            "price": "8.12",
            "revenue": 579215
        },
        "2023-05": {
            "month": "2023-05",
            "price": "9.01",
            "revenue": 606537
        },
        "2023-06": {
            "month": "2023-06",
            "price": "13.39",
            "revenue": 588055
        },
        "2023-07": {
            "month": "2023-07",
            "price": "14.12",
            "revenue": 663359
        },
        "2023-08": {
            "month": "2023-08",
            "price": "12.86",
            "revenue": 651164
        }
    }
}
