{
    "summary": {
        "stock_name": "仁寶",
        "stock_id": "2324",
        "category": "電腦及週邊設備",
        "main_business": "5C電子產品之研發、設計、產製及銷售。",
        "website_url": "http://www.compal.com",
        "ceo": "翁宗斌",
        "pe_ratio": 21,
        "report_year_from": 2001,
        "report_year_to": 2023,
        "age": 23,
        "eps_negative_percentage": 0,
        "eps_growth_avg": {
            "last_all": 5,
            "last_2y": -0.81,
            "last_4y": 2.07,
            "last_8y": 5.93,
            "last_12y": -0.25,
            "last_16y": 5.89,
            "last_20y": 4.05,
            "at_2006_last_3y": -3.76,
            "at_2007_last_3y": 5.56,
            "at_2008_last_3y": 15.96,
            "at_2009_last_3y": 22.46,
            "at_2010_last_3y": 25.84,
            "at_2011_last_3y": -0.3,
            "at_2012_last_3y": -8.54,
            "at_2013_last_3y": -36.69,
            "at_2014_last_3y": -14.16,
            "at_2015_last_3y": 5.18,
            "at_2016_last_3y": 13.97,
            "at_2017_last_3y": 21.92,
            "at_2018_last_3y": 10.75,
            "at_2019_last_3y": -0.88,
            "at_2020_last_3y": 9.67,
            "at_2021_last_3y": 25.74,
            "at_2022_last_3y": 1.4,
            "at_2023_last_3y": 8.2,
            "at_2024_last_3y": 8.2,
            "at_2006_last_all": 1.97,
            "at_2007_last_all": 10.19,
            "at_2008_last_all": 7.42,
            "at_2009_last_all": 12.92,
            "at_2010_last_all": 12.58,
            "at_2011_last_all": 5.99,
            "at_2012_last_all": 1.62,
            "at_2013_last_all": -3.62,
            "at_2014_last_all": 4.35,
            "at_2015_last_all": 5.76,
            "at_2016_last_all": 4.91,
            "at_2017_last_all": 2.77,
            "at_2018_last_all": 5.86,
            "at_2019_last_all": 4.28,
            "at_2020_last_all": 5.91,
            "at_2021_last_all": 7.36,
            "at_2022_last_all": 5.01,
            "at_2023_last_all": 5,
            "at_2024_last_all": 5
        },
        "latest_eps": 1.76,
        "latest_price": 36.2,
        "latest_roe": 7.02,
        "latest_gross_margin": 4.64,
        "latest_equity": 132772853,
        "latest_revenue": 241671172,
        "latest_gross_profit": 11222641,
        "latest_net_income": 2168546,
        "latest_debt_ratio": 69.6,
        "latest_current_ratio": 133.06,
        "latest_account_receivable_turnover_ratio": 1.16,
        "latest_inventory_turnover_ratio": 2.21,
        "latest_reinvestment_rate": 27.87,
        "latest_research_to_sale_ratio": 2.1
    },
    "eps_dividends": {
        "1991": {
            "cash": 0,
            "stock": 3.1,
            "eps": 0
        },
        "1992": {
            "cash": 1.4,
            "stock": 1.7,
            "eps": 0
        },
        "1993": {
            "cash": 0,
            "stock": 1,
            "eps": 0
        },
        "1994": {
            "cash": 0,
            "stock": 2,
            "eps": 0
        },
        "1995": {
            "cash": 0,
            "stock": 2.5,
            "eps": 0
        },
        "1996": {
            "cash": 0.5,
            "stock": 1.5,
            "eps": 0
        },
        "1997": {
            "cash": 0,
            "stock": 3,
            "eps": 0
        },
        "1998": {
            "cash": 0,
            "stock": 4,
            "eps": 0
        },
        "1999": {
            "cash": 1,
            "stock": 3.5,
            "eps": 0
        },
        "2000": {
            "cash": 2,
            "stock": 3,
            "eps": 0
        },
        "2001": {
            "cash": 0.5,
            "stock": 2.5,
            "eps": 2.81
        },
        "2002": {
            "cash": 0.5,
            "stock": 2,
            "eps": 3.51
        },
        "2003": {
            "cash": 1,
            "stock": 1.5,
            "eps": 4
        },
        "2004": {
            "cash": 2.05,
            "stock": 0.72,
            "eps": 1.97
        },
        "2005": {
            "cash": 1.09,
            "stock": 0.4,
            "eps": 2.47
        },
        "2006": {
            "cash": 1.47,
            "stock": 0.29,
            "eps": 2.38
        },
        "2007": {
            "cash": 1.7,
            "stock": 0.05,
            "eps": 3.6
        },
        "2008": {
            "cash": 2.4,
            "stock": 0.05,
            "eps": 3.27
        },
        "2009": {
            "cash": 1.5,
            "stock": 0.05,
            "eps": 4.95
        },
        "2010": {
            "cash": 2.37,
            "stock": 0.2,
            "eps": 5.44
        },
        "2011": {
            "cash": 4.109999999999999,
            "stock": 0,
            "eps": 2.54
        },
        "2012": {
            "cash": 0,
            "stock": 0,
            "eps": 1.47
        },
        "2013": {
            "cash": 1.01,
            "stock": 0,
            "eps": 0.57
        },
        "2014": {
            "cash": 1,
            "stock": 0,
            "eps": 1.62
        },
        "2015": {
            "cash": 1.5,
            "stock": 0,
            "eps": 2.01
        },
        "2016": {
            "cash": 1.2,
            "stock": 0,
            "eps": 1.87
        },
        "2017": {
            "cash": 1.2,
            "stock": 0,
            "eps": 1.32
        },
        "2018": {
            "cash": 1.2,
            "stock": 0,
            "eps": 2.05
        },
        "2019": {
            "cash": 1.2,
            "stock": 0,
            "eps": 1.59
        },
        "2020": {
            "cash": 1.2,
            "stock": 0,
            "eps": 2.15
        },
        "2021": {
            "cash": 1.6,
            "stock": 0,
            "eps": 2.9
        },
        "2022": {
            "cash": 2,
            "stock": 0,
            "eps": 1.68
        },
        "2023": {
            "cash": 1.2,
            "stock": 0,
            "eps": 1.76
        },
        "2024": {
            "cash": 1.2,
            "stock": 0,
            "eps": 0
        }
    },
    "dividends": {
        "1991-03-20": {
            "cash": 0,
            "stock": 3.1
        },
        "1992-04-30": {
            "cash": 1.4,
            "stock": 1.7
        },
        "1993-04-13": {
            "cash": 0,
            "stock": 1
        },
        "1994-04-23": {
            "cash": 0,
            "stock": 2
        },
        "1995-03-31": {
            "cash": 0,
            "stock": 2.5
        },
        "1996-03-27": {
            "cash": 0.5,
            "stock": 1.5
        },
        "1997-05-29": {
            "cash": 0,
            "stock": 3
        },
        "1998-04-08": {
            "cash": 0,
            "stock": 4
        },
        "1999-04-08": {
            "cash": 1,
            "stock": 3.5
        },
        "2000-03-30": {
            "cash": 2,
            "stock": 3
        },
        "2001-04-03": {
            "cash": 0.5,
            "stock": 2.5
        },
        "2002-05-24": {
            "cash": 0.5,
            "stock": 2
        },
        "2003-04-22": {
            "cash": 1,
            "stock": 1.5
        },
        "2004-03-17": {
            "cash": 2.05,
            "stock": 0.72
        },
        "2005-06-10": {
            "cash": 1.09,
            "stock": 0.4
        },
        "2006-03-21": {
            "cash": 1.47,
            "stock": 0.29
        },
        "2007-04-23": {
            "cash": 1.7,
            "stock": 0.05
        },
        "2008-04-29": {
            "cash": 2.4,
            "stock": 0.05
        },
        "2009-04-29": {
            "cash": 1.5,
            "stock": 0.05
        },
        "2010-04-28": {
            "cash": 2.37,
            "stock": 0.2
        },
        "2011-01-01": {
            "cash": 1.4,
            "stock": 0
        },
        "2011-04-26": {
            "cash": 2.71,
            "stock": 0
        },
        "2013-05-09": {
            "cash": 1.01,
            "stock": 0
        },
        "2014-09-04": {
            "cash": 1,
            "stock": 0
        },
        "2015-09-03": {
            "cash": 1.5,
            "stock": 0
        },
        "2016-08-23": {
            "cash": 1.2,
            "stock": 0
        },
        "2017-08-23": {
            "cash": 1.2,
            "stock": 0
        },
        "2018-08-17": {
            "cash": 1.2,
            "stock": 0
        },
        "2019-08-09": {
            "cash": 1.2,
            "stock": 0
        },
        "2020-08-14": {
            "cash": 1.2,
            "stock": 0
        },
        "2021-05-21": {
            "cash": 1.6,
            "stock": 0
        },
        "2022-05-20": {
            "cash": 2,
            "stock": 0
        },
        "2023-05-19": {
            "cash": 1.2,
            "stock": 0
        },
        "2024-04-26": {
            "cash": 1.2,
            "stock": 0
        }
    },
    "prices": {
        "200101": "53.31",
        "200102": "53.79",
        "200103": "52.34",
        "200104": "58.95",
        "200105": "46.01",
        "200106": "41.44",
        "200107": "36.25",
        "200108": "36.10",
        "200109": "28.89",
        "200110": "26.89",
        "200111": "31.55",
        "200112": "41.52",
        "200201": "49.75",
        "200202": "46.98",
        "200203": "46.30",
        "200204": "47.32",
        "200205": "42.70",
        "200206": "35.80",
        "200207": "30.47",
        "200208": "32.99",
        "200209": "30.81",
        "200210": "33.16",
        "200211": "37.86",
        "200212": "39.00",
        "200301": "39.32",
        "200302": "37.61",
        "200303": "35.74",
        "200304": "37.10",
        "200305": "38.44",
        "200306": "44.84",
        "200307": "51.34",
        "200308": "51.81",
        "200309": "51.20",
        "200310": "51.16",
        "200311": "50.27",
        "200312": "47.24",
        "200401": "46.65",
        "200402": "44.24",
        "200403": "43.15",
        "200404": "41.66",
        "200405": "38.88",
        "200406": "37.62",
        "200407": "33.62",
        "200408": "30.68",
        "200409": "32.98",
        "200410": "31.92",
        "200411": "31.61",
        "200412": "31.43",
        "200501": "29.76",
        "200502": "30.75",
        "200503": "28.92",
        "200504": "28.66",
        "200505": "29.25",
        "200506": "30.98",
        "200507": "31.06",
        "200508": "32.76",
        "200509": "32.65",
        "200510": "31.29",
        "200511": "29.83",
        "200512": "30.30",
        "200601": "30.96",
        "200602": "29.53",
        "200603": "31.88",
        "200604": "35.06",
        "200605": "33.61",
        "200606": "31.05",
        "200607": "29.97",
        "200608": "28.64",
        "200609": "29.71",
        "200610": "28.79",
        "200611": "28.59",
        "200612": "29.13",
        "200701": "29.04",
        "200702": "29.58",
        "200703": "28.03",
        "200704": "29.00",
        "200705": "29.98",
        "200706": "33.68",
        "200707": "36.90",
        "200708": "35.52",
        "200709": "36.08",
        "200710": "36.94",
        "200711": "39.11",
        "200712": "35.08",
        "200801": "29.14",
        "200802": "27.56",
        "200803": "28.65",
        "200804": "31.44",
        "200805": "35.04",
        "200806": "32.98",
        "200807": "31.27",
        "200808": "30.40",
        "200809": "24.47",
        "200810": "22.66",
        "200811": "19.49",
        "200812": "17.97",
        "200901": "16.84",
        "200902": "18.63",
        "200903": "22.68",
        "200904": "26.44",
        "200905": "29.24",
        "200906": "26.57",
        "200907": "30.27",
        "200908": "31.52",
        "200909": "37.03",
        "200910": "40.46",
        "200911": "42.50",
        "200912": "43.43",
        "201001": "45.59",
        "201002": "44.81",
        "201003": "43.46",
        "201004": "42.12",
        "201005": "40.19",
        "201006": "39.20",
        "201007": "40.06",
        "201008": "38.20",
        "201009": "37.11",
        "201010": "37.19",
        "201011": "38.46",
        "201012": "39.10",
        "201101": "37.96",
        "201102": "36.14",
        "201103": "32.62",
        "201104": "30.19",
        "201105": "33.00",
        "201106": "34.55",
        "201107": "35.41",
        "201108": "29.98",
        "201109": "29.05",
        "201110": "27.40",
        "201111": "27.76",
        "201112": "28.60",
        "201201": "31.79",
        "201202": "34.34",
        "201203": "34.00",
        "201204": "33.10",
        "201205": "32.72",
        "201206": "28.13",
        "201207": "27.38",
        "201208": "27.41",
        "201209": "25.99",
        "201210": "21.72",
        "201211": "18.48",
        "201212": "19.70",
        "201301": "20.43",
        "201302": "20.85",
        "201303": "20.61",
        "201304": "19.52",
        "201305": "18.65",
        "201306": "17.23",
        "201307": "19.25",
        "201308": "19.31",
        "201309": "21.08",
        "201310": "22.97",
        "201311": "21.79",
        "201312": "22.22",
        "201401": "23.05",
        "201402": "20.77",
        "201403": "20.27",
        "201404": "22.16",
        "201405": "23.03",
        "201406": "24.47",
        "201407": "27.14",
        "201408": "27.08",
        "201409": "24.83",
        "201410": "21.71",
        "201411": "20.52",
        "201412": "20.96",
        "201501": "23.12",
        "201502": "23.15",
        "201503": "26.53",
        "201504": "27.36",
        "201505": "26.25",
        "201506": "23.84",
        "201507": "22.18",
        "201508": "18.30",
        "201509": "18.78",
        "201510": "20.31",
        "201511": "19.38",
        "201512": "18.40",
        "201601": "17.90",
        "201602": "19.19",
        "201603": "20.42",
        "201604": "19.84",
        "201605": "18.24",
        "201606": "19.85",
        "201607": "20.69",
        "201608": "19.79",
        "201609": "19.00",
        "201610": "19.22",
        "201611": "18.54",
        "201612": "18.21",
        "201701": "18.78",
        "201702": "18.97",
        "201703": "19.67",
        "201704": "20.25",
        "201705": "20.48",
        "201706": "20.45",
        "201707": "20.69",
        "201708": "20.54",
        "201709": "21.73",
        "201710": "21.67",
        "201711": "21.25",
        "201712": "20.97",
        "201801": "21.00",
        "201802": "20.29",
        "201803": "20.27",
        "201804": "19.66",
        "201805": "19.74",
        "201806": "19.60",
        "201807": "19.19",
        "201808": "18.95",
        "201809": "18.90",
        "201810": "17.64",
        "201811": "17.53",
        "201812": "17.57",
        "201901": "17.61",
        "201902": "18.41",
        "201903": "18.94",
        "201904": "19.54",
        "201905": "19.26",
        "201906": "19.91",
        "201907": "19.77",
        "201908": "18.07",
        "201909": "18.15",
        "201910": "18.02",
        "201911": "18.72",
        "201912": "18.89",
        "202001": "18.81",
        "202002": "18.42",
        "202003": "17.20",
        "202004": "18.56",
        "202005": "18.63",
        "202006": "19.19",
        "202007": "19.32",
        "202008": "18.66",
        "202009": "19.20",
        "202010": "18.71",
        "202011": "19.23",
        "202012": "20.38",
        "202101": "21.49",
        "202102": "21.83",
        "202103": "23.59",
        "202104": "26.57",
        "202105": "23.36",
        "202106": "22.71",
        "202107": "22.05",
        "202108": "22.04",
        "202109": "23.33",
        "202110": "24.12",
        "202111": "23.87",
        "202112": "23.89",
        "202201": "25.03",
        "202202": "25.57",
        "202203": "26.32",
        "202204": "24.67",
        "202205": "22.72",
        "202206": "22.86",
        "202207": "22.23",
        "202208": "22.91",
        "202209": "22.40",
        "202210": "21.20",
        "202211": "21.50",
        "202212": "22.34",
        "202301": "22.97",
        "202302": "23.52",
        "202303": "24.60",
        "202304": "24.86",
        "202305": "26.09",
        "202306": "28.73",
        "202307": "30.75",
        "202308": "32.85",
        "202309": "31.25",
        "202310": "29.66",
        "202311": "30.11",
        "202312": "34.45",
        "202401": "36.51",
        "202402": "36.40",
        "202403": "37.42",
        "202404": "無"
    },
    "quarters": {
        "20011": {
            "year_quarter": 20011,
            "year": 2001,
            "quarter": 1,
            "eps": 0.56,
            "eps_growth_year": -42.27,
            "eps_4q": 3.68,
            "eps_4q_growth_year": -14.02,
            "roe": 2.71,
            "roe_4q": 2.71,
            "gross_profit": 1479815,
            "gross_margin": 9.22,
            "gross_margin_4q_avg": 9.22,
            "net_income": 868278,
            "net_income_4q": null,
            "revenue": 16051085,
            "revenue_4q": null,
            "common_shares": 15568348,
            "book_valuer_per_share": 21.19,
            "book_valuer_per_share_4q_avg": 21.19,
            "equity": 32990940,
            "current_ratio": 134.39,
            "debt_ratio": 33.11,
            "inventory_turnover_ratio": 2.63,
            "account_receivable_turnover_ratio": null,
            "reinvestment_rate": null,
            "research_to_sale_ratio": null,
            "price_fair": 0,
            "eps_avg_yearly": 0,
            "eps_latest_yearly": 0,
            "eps_growth_yearly": 0
        },
        "20012": {
            "year_quarter": 20012,
            "year": 2001,
            "quarter": 2,
            "eps": 1.05,
            "eps_growth_year": 5,
            "eps_4q": 3.13,
            "eps_4q_growth_year": -7.91,
            "roe": 5.86,
            "roe_4q": 8.57,
            "gross_profit": 1685517,
            "gross_margin": 9.88,
            "gross_margin_4q_avg": 9.55,
            "net_income": 2088231,
            "net_income_4q": null,
            "revenue": 17060250,
            "revenue_4q": null,
            "common_shares": 20784184,
            "book_valuer_per_share": 18.42,
            "book_valuer_per_share_4q_avg": 19.81,
            "equity": 38279701,
            "current_ratio": 160.89,
            "debt_ratio": 32.02,
            "inventory_turnover_ratio": 3.77,
            "account_receivable_turnover_ratio": null,
            "reinvestment_rate": null,
            "research_to_sale_ratio": null,
            "price_fair": 0,
            "eps_avg_yearly": 0,
            "eps_latest_yearly": 0,
            "eps_growth_yearly": 0
        },
        "20013": {
            "year_quarter": 20013,
            "year": 2001,
            "quarter": 3,
            "eps": 0.5,
            "eps_growth_year": -46.81,
            "eps_4q": 2.85,
            "eps_4q_growth_year": -19.12,
            "roe": 2.63,
            "roe_4q": 11.2,
            "gross_profit": 1604226,
            "gross_margin": 8.83,
            "gross_margin_4q_avg": 9.31,
            "net_income": 1016809,
            "net_income_4q": null,
            "revenue": 18162532,
            "revenue_4q": null,
            "common_shares": 21018148,
            "book_valuer_per_share": 18.54,
            "book_valuer_per_share_4q_avg": 19.38,
            "equity": 38963716,
            "current_ratio": 171.4,
            "debt_ratio": 31.36,
            "inventory_turnover_ratio": 3.72,
            "account_receivable_turnover_ratio": null,
            "reinvestment_rate": null,
            "research_to_sale_ratio": null,
            "price_fair": 0,
            "eps_avg_yearly": 0,
            "eps_latest_yearly": 0,
            "eps_growth_yearly": 0
        },
        "20014": {
            "year_quarter": 20014,
            "year": 2001,
            "quarter": 4,
            "eps": 0.7,
            "eps_growth_year": -40.17,
            "eps_4q": 2.65,
            "eps_4q_growth_year": -31.39,
            "roe": 3.65,
            "roe_4q": 14.850000000000001,
            "gross_profit": 1905949,
            "gross_margin": 7.35,
            "gross_margin_4q_avg": 8.82,
            "net_income": 1429444,
            "net_income_4q": null,
            "revenue": 25920637,
            "revenue_4q": null,
            "common_shares": 21018148,
            "book_valuer_per_share": 18.71,
            "book_valuer_per_share_4q_avg": 19.22,
            "equity": 39332310,
            "current_ratio": 153.21,
            "debt_ratio": 38.64,
            "inventory_turnover_ratio": 4.07,
            "account_receivable_turnover_ratio": null,
            "reinvestment_rate": null,
            "research_to_sale_ratio": null,
            "price_fair": 0,
            "eps_avg_yearly": 0,
            "eps_latest_yearly": 0,
            "eps_growth_yearly": 0
        },
        "20021": {
            "year_quarter": 20021,
            "year": 2002,
            "quarter": 1,
            "eps": 0.71,
            "eps_growth_year": 26.79,
            "eps_4q": 2.96,
            "eps_4q_growth_year": -19.61,
            "roe": 3.6,
            "roe_4q": 15.739999999999998,
            "gross_profit": 1831224,
            "gross_margin": 7.59,
            "gross_margin_4q_avg": 8.41,
            "net_income": 1431678,
            "net_income_4q": null,
            "revenue": 24119953,
            "revenue_4q": null,
            "common_shares": 21018231,
            "book_valuer_per_share": 19.16,
            "book_valuer_per_share_4q_avg": 18.71,
            "equity": 40265806,
            "current_ratio": 166.59,
            "debt_ratio": 35.18,
            "inventory_turnover_ratio": 2.52,
            "account_receivable_turnover_ratio": null,
            "reinvestment_rate": null,
            "research_to_sale_ratio": null,
            "price_fair": 44.63,
            "eps_avg_yearly": 2.84,
            "eps_latest_yearly": 2.84,
            "eps_growth_yearly": 5.71
        },
        "20022": {
            "year_quarter": 20022,
            "year": 2002,
            "quarter": 2,
            "eps": 0.95,
            "eps_growth_year": -9.52,
            "eps_4q": 2.87,
            "eps_4q_growth_year": -8.34,
            "roe": 4.66,
            "roe_4q": 14.54,
            "gross_profit": 2458484,
            "gross_margin": 8.64,
            "gross_margin_4q_avg": 8.1,
            "net_income": 1916718,
            "net_income_4q": null,
            "revenue": 28447884,
            "revenue_4q": null,
            "common_shares": 21018231,
            "book_valuer_per_share": 19.99,
            "book_valuer_per_share_4q_avg": 19.1,
            "equity": 42012118,
            "current_ratio": 203.54,
            "debt_ratio": 36.66,
            "inventory_turnover_ratio": 2.51,
            "account_receivable_turnover_ratio": null,
            "reinvestment_rate": null,
            "research_to_sale_ratio": null,
            "price_fair": 116.2,
            "eps_avg_yearly": 3.32,
            "eps_latest_yearly": 3.8,
            "eps_growth_yearly": 70.46
        },
        "20023": {
            "year_quarter": 20023,
            "year": 2002,
            "quarter": 3,
            "eps": 0.85,
            "eps_growth_year": 70,
            "eps_4q": 2.79,
            "eps_4q_growth_year": -2.02,
            "roe": 4.85,
            "roe_4q": 16.759999999999998,
            "gross_profit": 2512581,
            "gross_margin": 8.95,
            "gross_margin_4q_avg": 8.13,
            "net_income": 2094309,
            "net_income_4q": null,
            "revenue": 28069885,
            "revenue_4q": null,
            "common_shares": 25476590,
            "book_valuer_per_share": 17.42,
            "book_valuer_per_share_4q_avg": 18.82,
            "equity": 44387413,
            "current_ratio": 241.31,
            "debt_ratio": 38.1,
            "inventory_turnover_ratio": 3.02,
            "account_receivable_turnover_ratio": null,
            "reinvestment_rate": null,
            "research_to_sale_ratio": null,
            "price_fair": 117.13,
            "eps_avg_yearly": 3.35,
            "eps_latest_yearly": 3.4,
            "eps_growth_yearly": 32.94
        },
        "20024": {
            "year_quarter": 20024,
            "year": 2002,
            "quarter": 4,
            "eps": 1,
            "eps_growth_year": 42.86,
            "eps_4q": 3.2,
            "eps_4q_growth_year": 20.88,
            "roe": 5.35,
            "roe_4q": 18.46,
            "gross_profit": 3279514,
            "gross_margin": 9.15,
            "gross_margin_4q_avg": 8.58,
            "net_income": 2475875,
            "net_income_4q": null,
            "revenue": 35822511,
            "revenue_4q": null,
            "common_shares": 25476590,
            "book_valuer_per_share": 18.34,
            "book_valuer_per_share_4q_avg": 18.73,
            "equity": 48172474,
            "current_ratio": 245.94,
            "debt_ratio": 50.25,
            "inventory_turnover_ratio": 3.94,
            "account_receivable_turnover_ratio": null,
            "reinvestment_rate": 15.97,
            "research_to_sale_ratio": null,
            "price_fair": 122.85,
            "eps_avg_yearly": 3.51,
            "eps_latest_yearly": 4,
            "eps_growth_yearly": 42.35
        },
        "20031": {
            "year_quarter": 20031,
            "year": 2003,
            "quarter": 1,
            "eps": 0.97,
            "eps_growth_year": 36.62,
            "eps_4q": 3.59,
            "eps_4q_growth_year": 21.18,
            "roe": 4.95,
            "roe_4q": 19.810000000000002,
            "gross_profit": 2832579,
            "gross_margin": 9.29,
            "gross_margin_4q_avg": 9.01,
            "net_income": 2405983,
            "net_income_4q": null,
            "revenue": 30488652,
            "revenue_4q": null,
            "common_shares": 25476590,
            "book_valuer_per_share": 19.26,
            "book_valuer_per_share_4q_avg": 18.75,
            "equity": 49068536,
            "current_ratio": 252.59,
            "debt_ratio": 47.26,
            "inventory_turnover_ratio": 3.49,
            "account_receivable_turnover_ratio": null,
            "reinvestment_rate": 3.5,
            "research_to_sale_ratio": null,
            "price_fair": 125.44,
            "eps_avg_yearly": 3.58,
            "eps_latest_yearly": 3.88,
            "eps_growth_yearly": 31.48
        },
        "20032": {
            "year_quarter": 20032,
            "year": 2003,
            "quarter": 2,
            "eps": 0.9,
            "eps_growth_year": -5.26,
            "eps_4q": 3.31,
            "eps_4q_growth_year": 15.2,
            "roe": 5.32,
            "roe_4q": 20.47,
            "gross_profit": 2888350,
            "gross_margin": 9.31,
            "gross_margin_4q_avg": 9.18,
            "net_income": 2606560,
            "net_income_4q": null,
            "revenue": 31026640,
            "revenue_4q": null,
            "common_shares": 25476590,
            "book_valuer_per_share": 19.21,
            "book_valuer_per_share_4q_avg": 18.56,
            "equity": 48947265,
            "current_ratio": 232.02,
            "debt_ratio": 48.99,
            "inventory_turnover_ratio": 4.6,
            "account_receivable_turnover_ratio": null,
            "reinvestment_rate": 2.26,
            "research_to_sale_ratio": null,
            "price_fair": 112.71,
            "eps_avg_yearly": 3.59,
            "eps_latest_yearly": 3.6,
            "eps_growth_yearly": 21.42
        },
        "20033": {
            "year_quarter": 20033,
            "year": 2003,
            "quarter": 3,
            "eps": 0.91,
            "eps_growth_year": 7.06,
            "eps_4q": 3.48,
            "eps_4q_growth_year": 24.77,
            "roe": 4.98,
            "roe_4q": 20.6,
            "gross_profit": 3346963,
            "gross_margin": 8.14,
            "gross_margin_4q_avg": 8.97,
            "net_income": 2651527,
            "net_income_4q": null,
            "revenue": 41139073,
            "revenue_4q": null,
            "common_shares": 31426579,
            "book_valuer_per_share": 18.3,
            "book_valuer_per_share_4q_avg": 18.78,
            "equity": 57499568,
            "current_ratio": 207.87,
            "debt_ratio": 45.95,
            "inventory_turnover_ratio": 5.03,
            "account_receivable_turnover_ratio": null,
            "reinvestment_rate": 0.14,
            "research_to_sale_ratio": null,
            "price_fair": 104.23,
            "eps_avg_yearly": 3.59,
            "eps_latest_yearly": 3.64,
            "eps_growth_yearly": 19
        },
        "20034": {
            "year_quarter": 20034,
            "year": 2003,
            "quarter": 4,
            "eps": 1.22,
            "eps_growth_year": 22,
            "eps_4q": 3.78,
            "eps_4q_growth_year": 18.29,
            "roe": 5.9,
            "roe_4q": 21.150000000000002,
            "gross_profit": 4220639,
            "gross_margin": 7.09,
            "gross_margin_4q_avg": 8.46,
            "net_income": 3647568,
            "net_income_4q": null,
            "revenue": 59570666,
            "revenue_4q": null,
            "common_shares": 32352544,
            "book_valuer_per_share": 19.64,
            "book_valuer_per_share_4q_avg": 19.1,
            "equity": 66155971,
            "current_ratio": 194.31,
            "debt_ratio": 49.32,
            "inventory_turnover_ratio": 4.76,
            "account_receivable_turnover_ratio": null,
            "reinvestment_rate": 11.64,
            "research_to_sale_ratio": null,
            "price_fair": 131.43,
            "eps_avg_yearly": 3.76,
            "eps_latest_yearly": 4.88,
            "eps_growth_yearly": 33.66
        },
        "20041": {
            "year_quarter": 20041,
            "year": 2004,
            "quarter": 1,
            "eps": 0.53,
            "eps_growth_year": -45.36,
            "eps_4q": 3.33,
            "eps_4q_growth_year": -7.24,
            "roe": 2.56,
            "roe_4q": 18.76,
            "gross_profit": 3029306,
            "gross_margin": 7.13,
            "gross_margin_4q_avg": 7.92,
            "net_income": 1688383,
            "net_income_4q": null,
            "revenue": 42501150,
            "revenue_4q": null,
            "common_shares": 32530959,
            "book_valuer_per_share": 20.22,
            "book_valuer_per_share_4q_avg": 19.34,
            "equity": 65792278,
            "current_ratio": 265.72,
            "debt_ratio": 37.6,
            "inventory_turnover_ratio": 3.86,
            "account_receivable_turnover_ratio": null,
            "reinvestment_rate": -3.58,
            "research_to_sale_ratio": null,
            "price_fair": 52.81,
            "eps_avg_yearly": 3.57,
            "eps_latest_yearly": 2.12,
            "eps_growth_yearly": 4.78
        },
        "20042": {
            "year_quarter": 20042,
            "year": 2004,
            "quarter": 2,
            "eps": 0.49,
            "eps_growth_year": -45.56,
            "eps_4q": 2.81,
            "eps_4q_growth_year": -15.16,
            "roe": 2.73,
            "roe_4q": 16.17,
            "gross_profit": 3200444,
            "gross_margin": 6.45,
            "gross_margin_4q_avg": 7.2,
            "net_income": 1689049,
            "net_income_4q": null,
            "revenue": 49653713,
            "revenue_4q": null,
            "common_shares": 31780579,
            "book_valuer_per_share": 18.18,
            "book_valuer_per_share_4q_avg": 19.09,
            "equity": 57791343,
            "current_ratio": 174.46,
            "debt_ratio": 47.14,
            "inventory_turnover_ratio": 6.69,
            "account_receivable_turnover_ratio": null,
            "reinvestment_rate": -4.24,
            "research_to_sale_ratio": null,
            "price_fair": 38.5,
            "eps_avg_yearly": 3.41,
            "eps_latest_yearly": 1.96,
            "eps_growth_yearly": 1.28
        },
        "20043": {
            "year_quarter": 20043,
            "year": 2004,
            "quarter": 3,
            "eps": 0.45,
            "eps_growth_year": -50.55,
            "eps_4q": 2.53,
            "eps_4q_growth_year": -27.19,
            "roe": 2.65,
            "roe_4q": 13.84,
            "gross_profit": 3156317,
            "gross_margin": 5.75,
            "gross_margin_4q_avg": 6.61,
            "net_income": 1517114,
            "net_income_4q": null,
            "revenue": 54925601,
            "revenue_4q": null,
            "common_shares": 34458109,
            "book_valuer_per_share": 16.48,
            "book_valuer_per_share_4q_avg": 18.63,
            "equity": 56781548,
            "current_ratio": 172.44,
            "debt_ratio": 45.87,
            "inventory_turnover_ratio": 6.18,
            "account_receivable_turnover_ratio": null,
            "reinvestment_rate": -5.49,
            "research_to_sale_ratio": null,
            "price_fair": 9.8,
            "eps_avg_yearly": 3.27,
            "eps_latest_yearly": 1.8,
            "eps_growth_yearly": -1.8
        },
        "20044": {
            "year_quarter": 20044,
            "year": 2004,
            "quarter": 4,
            "eps": 0.5,
            "eps_growth_year": -59.02,
            "eps_4q": 1.96,
            "eps_4q_growth_year": -48.25,
            "roe": 2.86,
            "roe_4q": 10.8,
            "gross_profit": 3689513,
            "gross_margin": 5.74,
            "gross_margin_4q_avg": 6.27,
            "net_income": 1678602,
            "net_income_4q": null,
            "revenue": 64306882,
            "revenue_4q": null,
            "common_shares": 33382609,
            "book_valuer_per_share": 17.19,
            "book_valuer_per_share_4q_avg": 18.02,
            "equity": 60558281,
            "current_ratio": 149.93,
            "debt_ratio": 52.84,
            "inventory_turnover_ratio": 4.72,
            "account_receivable_turnover_ratio": null,
            "reinvestment_rate": 14.14,
            "research_to_sale_ratio": null,
            "price_fair": 38.08,
            "eps_avg_yearly": 3.16,
            "eps_latest_yearly": 2,
            "eps_growth_yearly": 2.05
        },
        "20051": {
            "year_quarter": 20051,
            "year": 2005,
            "quarter": 1,
            "eps": 0.5,
            "eps_growth_year": -5.66,
            "eps_4q": 2,
            "eps_4q_growth_year": -39.87,
            "roe": 2.72,
            "roe_4q": 10.96,
            "gross_profit": 2911744,
            "gross_margin": 5.82,
            "gross_margin_4q_avg": 5.94,
            "net_income": 1628645,
            "net_income_4q": null,
            "revenue": 50061260,
            "revenue_4q": null,
            "common_shares": 33382609,
            "book_valuer_per_share": 17.67,
            "book_valuer_per_share_4q_avg": 17.38,
            "equity": 58995011,
            "current_ratio": 158.88,
            "debt_ratio": 44.87,
            "inventory_turnover_ratio": 3.83,
            "account_receivable_turnover_ratio": null,
            "reinvestment_rate": -4.27,
            "research_to_sale_ratio": null,
            "price_fair": 36.52,
            "eps_avg_yearly": 3.07,
            "eps_latest_yearly": 2,
            "eps_growth_yearly": 1.89
        },
        "20052": {
            "year_quarter": 20052,
            "year": 2005,
            "quarter": 2,
            "eps": 0.53,
            "eps_growth_year": 8.16,
            "eps_4q": 1.93,
            "eps_4q_growth_year": -31.42,
            "roe": 3.15,
            "roe_4q": 11.38,
            "gross_profit": 3194386,
            "gross_margin": 6.18,
            "gross_margin_4q_avg": 5.87,
            "net_income": 1832563,
            "net_income_4q": null,
            "revenue": 51698361,
            "revenue_4q": null,
            "common_shares": 33560615,
            "book_valuer_per_share": 17.09,
            "book_valuer_per_share_4q_avg": 17.11,
            "equity": 57347722,
            "current_ratio": 146.66,
            "debt_ratio": 46.09,
            "inventory_turnover_ratio": 5.63,
            "account_receivable_turnover_ratio": null,
            "reinvestment_rate": -3.17,
            "research_to_sale_ratio": null,
            "price_fair": 40.46,
            "eps_avg_yearly": 3,
            "eps_latest_yearly": 2.12,
            "eps_growth_yearly": 3.47
        },
        "20053": {
            "year_quarter": 20053,
            "year": 2005,
            "quarter": 3,
            "eps": 0.68,
            "eps_growth_year": 51.11,
            "eps_4q": 2.18,
            "eps_4q_growth_year": -13.86,
            "roe": 3.92,
            "roe_4q": 12.65,
            "gross_profit": 3413503,
            "gross_margin": 6.13,
            "gross_margin_4q_avg": 5.97,
            "net_income": 2326208,
            "net_income_4q": null,
            "revenue": 55706636,
            "revenue_4q": null,
            "common_shares": 35700173,
            "book_valuer_per_share": 17.22,
            "book_valuer_per_share_4q_avg": 17.29,
            "equity": 61461194,
            "current_ratio": 180.58,
            "debt_ratio": 48.08,
            "inventory_turnover_ratio": 5.32,
            "account_receivable_turnover_ratio": null,
            "reinvestment_rate": -4.06,
            "research_to_sale_ratio": null,
            "price_fair": 62.03,
            "eps_avg_yearly": 2.98,
            "eps_latest_yearly": 2.72,
            "eps_growth_yearly": 10.79
        },
        "20054": {
            "year_quarter": 20054,
            "year": 2005,
            "quarter": 4,
            "eps": 0.76,
            "eps_growth_year": 52,
            "eps_4q": 2.43,
            "eps_4q_growth_year": 24.18,
            "roe": 4.01,
            "roe_4q": 13.8,
            "gross_profit": 3793405,
            "gross_margin": 5.98,
            "gross_margin_4q_avg": 6.03,
            "net_income": 2631702,
            "net_income_4q": null,
            "revenue": 63436184,
            "revenue_4q": null,
            "common_shares": 35765054,
            "book_valuer_per_share": 18.12,
            "book_valuer_per_share_4q_avg": 17.53,
            "equity": 69802540,
            "current_ratio": 172.41,
            "debt_ratio": 54.56,
            "inventory_turnover_ratio": 3.67,
            "account_receivable_turnover_ratio": null,
            "reinvestment_rate": 20.64,
            "research_to_sale_ratio": null,
            "price_fair": 68.88,
            "eps_avg_yearly": 2.99,
            "eps_latest_yearly": 3.04,
            "eps_growth_yearly": 13.06
        },
        "20061": {
            "year_quarter": 20061,
            "year": 2006,
            "quarter": 1,
            "eps": 0.62,
            "eps_growth_year": 24,
            "eps_4q": 2.53,
            "eps_4q_growth_year": 26.68,
            "roe": 3.18,
            "roe_4q": 14.26,
            "gross_profit": 3048195,
            "gross_margin": 5.11,
            "gross_margin_4q_avg": 5.85,
            "net_income": 2200719,
            "net_income_4q": null,
            "revenue": 59656195,
            "revenue_4q": null,
            "common_shares": 36135439,
            "book_valuer_per_share": 18.96,
            "book_valuer_per_share_4q_avg": 17.85,
            "equity": 68497821,
            "current_ratio": 194.29,
            "debt_ratio": 45.41,
            "inventory_turnover_ratio": 3.66,
            "account_receivable_turnover_ratio": null,
            "reinvestment_rate": -4.55,
            "research_to_sale_ratio": null,
            "price_fair": 53.65,
            "eps_avg_yearly": 2.97,
            "eps_latest_yearly": 2.48,
            "eps_growth_yearly": 8.09
        },
        "20062": {
            "year_quarter": 20062,
            "year": 2006,
            "quarter": 2,
            "eps": 0.46,
            "eps_growth_year": -13.21,
            "eps_4q": 2.41,
            "eps_4q_growth_year": 25.14,
            "roe": 2.53,
            "roe_4q": 13.639999999999999,
            "gross_profit": 2874726,
            "gross_margin": 4.74,
            "gross_margin_4q_avg": 5.49,
            "net_income": 1689337,
            "net_income_4q": null,
            "revenue": 60624085,
            "revenue_4q": null,
            "common_shares": 36514952,
            "book_valuer_per_share": 17.83,
            "book_valuer_per_share_4q_avg": 18.03,
            "equity": 65103084,
            "current_ratio": 175.29,
            "debt_ratio": 47.92,
            "inventory_turnover_ratio": 6,
            "account_receivable_turnover_ratio": null,
            "reinvestment_rate": -5.18,
            "research_to_sale_ratio": null,
            "price_fair": 8.53,
            "eps_avg_yearly": 2.84,
            "eps_latest_yearly": 1.84,
            "eps_growth_yearly": -6.81
        },
        "20063": {
            "year_quarter": 20063,
            "year": 2006,
            "quarter": 3,
            "eps": 0.61,
            "eps_growth_year": -10.29,
            "eps_4q": 2.36,
            "eps_4q_growth_year": 8.01,
            "roe": 3.43,
            "roe_4q": 13.15,
            "gross_profit": 3656115,
            "gross_margin": 4.6,
            "gross_margin_4q_avg": 5.11,
            "net_income": 2276717,
            "net_income_4q": null,
            "revenue": 79471019,
            "revenue_4q": null,
            "common_shares": 37928878,
            "book_valuer_per_share": 17.82,
            "book_valuer_per_share_4q_avg": 18.18,
            "equity": 67606346,
            "current_ratio": 136.46,
            "debt_ratio": 49.06,
            "inventory_turnover_ratio": 6.71,
            "account_receivable_turnover_ratio": null,
            "reinvestment_rate": -5.04,
            "research_to_sale_ratio": null,
            "price_fair": 38.88,
            "eps_avg_yearly": 2.78,
            "eps_latest_yearly": 2.44,
            "eps_growth_yearly": 3.97
        },
        "20064": {
            "year_quarter": 20064,
            "year": 2006,
            "quarter": 4,
            "eps": 0.69,
            "eps_growth_year": -9.21,
            "eps_4q": 2.34,
            "eps_4q_growth_year": -3.91,
            "roe": 3.56,
            "roe_4q": 12.7,
            "gross_profit": 4834770,
            "gross_margin": 4.68,
            "gross_margin_4q_avg": 4.78,
            "net_income": 2584693,
            "net_income_4q": null,
            "revenue": 103319368,
            "revenue_4q": null,
            "common_shares": 38114581,
            "book_valuer_per_share": 18.69,
            "book_valuer_per_share_4q_avg": 18.33,
            "equity": 77401494,
            "current_ratio": 132.98,
            "debt_ratio": 61.26,
            "inventory_turnover_ratio": 5.04,
            "account_receivable_turnover_ratio": null,
            "reinvestment_rate": 16.51,
            "research_to_sale_ratio": null,
            "price_fair": 34.74,
            "eps_avg_yearly": 2.71,
            "eps_latest_yearly": 2.76,
            "eps_growth_yearly": 2.84
        },
        "20071": {
            "year_quarter": 20071,
            "year": 2007,
            "quarter": 1,
            "eps": 0.69,
            "eps_growth_year": 11.29,
            "eps_4q": 2.43,
            "eps_4q_growth_year": -4.15,
            "roe": 3.42,
            "roe_4q": 12.94,
            "gross_profit": 4620100,
            "gross_margin": 4.76,
            "gross_margin_4q_avg": 4.7,
            "net_income": 2600666,
            "net_income_4q": null,
            "revenue": 96980442,
            "revenue_4q": null,
            "common_shares": 38114581,
            "book_valuer_per_share": 19.58,
            "book_valuer_per_share_4q_avg": 18.48,
            "equity": 74611471,
            "current_ratio": 136.14,
            "debt_ratio": 51.56,
            "inventory_turnover_ratio": 4.72,
            "account_receivable_turnover_ratio": null,
            "reinvestment_rate": -5.01,
            "research_to_sale_ratio": null,
            "price_fair": 35.81,
            "eps_avg_yearly": 2.64,
            "eps_latest_yearly": 2.76,
            "eps_growth_yearly": 3.59
        },
        "20072": {
            "year_quarter": 20072,
            "year": 2007,
            "quarter": 2,
            "eps": 0.85,
            "eps_growth_year": 84.78,
            "eps_4q": 2.8,
            "eps_4q_growth_year": 16.26,
            "roe": 4.44,
            "roe_4q": 14.85,
            "gross_profit": 4739313,
            "gross_margin": 4.79,
            "gross_margin_4q_avg": 4.71,
            "net_income": 3251160,
            "net_income_4q": null,
            "revenue": 98876372,
            "revenue_4q": null,
            "common_shares": 38114581,
            "book_valuer_per_share": 18.83,
            "book_valuer_per_share_4q_avg": 18.73,
            "equity": 71767418,
            "current_ratio": 130.72,
            "debt_ratio": 55.17,
            "inventory_turnover_ratio": 7.42,
            "account_receivable_turnover_ratio": null,
            "reinvestment_rate": -4.81,
            "research_to_sale_ratio": null,
            "price_fair": 55.58,
            "eps_avg_yearly": 2.62,
            "eps_latest_yearly": 3.4,
            "eps_growth_yearly": 11.19
        },
        "20073": {
            "year_quarter": 20073,
            "year": 2007,
            "quarter": 3,
            "eps": 0.97,
            "eps_growth_year": 59.02,
            "eps_4q": 3.19,
            "eps_4q_growth_year": 35.35,
            "roe": 5.01,
            "roe_4q": 16.43,
            "gross_profit": 5544694,
            "gross_margin": 4.81,
            "gross_margin_4q_avg": 4.76,
            "net_income": 3685034,
            "net_income_4q": null,
            "revenue": 115376202,
            "revenue_4q": null,
            "common_shares": 38659589,
            "book_valuer_per_share": 19.49,
            "book_valuer_per_share_4q_avg": 19.15,
            "equity": 75345021,
            "current_ratio": 148.31,
            "debt_ratio": 55.21,
            "inventory_turnover_ratio": 7.12,
            "account_receivable_turnover_ratio": null,
            "reinvestment_rate": -4.3,
            "research_to_sale_ratio": null,
            "price_fair": 64.47,
            "eps_avg_yearly": 2.64,
            "eps_latest_yearly": 3.88,
            "eps_growth_yearly": 14.44
        },
        "20074": {
            "year_quarter": 20074,
            "year": 2007,
            "quarter": 4,
            "eps": 1.09,
            "eps_growth_year": 57.97,
            "eps_4q": 3.6,
            "eps_4q_growth_year": 53.97,
            "roe": 5.14,
            "roe_4q": 18.009999999999998,
            "gross_profit": 5740452,
            "gross_margin": 4.94,
            "gross_margin_4q_avg": 4.83,
            "net_income": 4146279,
            "net_income_4q": null,
            "revenue": 116227615,
            "revenue_4q": null,
            "common_shares": 38659589,
            "book_valuer_per_share": 20.24,
            "book_valuer_per_share_4q_avg": 19.54,
            "equity": 85944725,
            "current_ratio": 152.29,
            "debt_ratio": 59.72,
            "inventory_turnover_ratio": 4.55,
            "account_receivable_turnover_ratio": null,
            "reinvestment_rate": 12.12,
            "research_to_sale_ratio": null,
            "price_fair": 49.55,
            "eps_avg_yearly": 2.61,
            "eps_latest_yearly": 4.36,
            "eps_growth_yearly": 9.02
        },
        "20081": {
            "year_quarter": 20081,
            "year": 2008,
            "quarter": 1,
            "eps": 0.84,
            "eps_growth_year": 21.74,
            "eps_4q": 3.41,
            "eps_4q_growth_year": 40.45,
            "roe": 4.04,
            "roe_4q": 18.63,
            "gross_profit": 7958569,
            "gross_margin": 6.58,
            "gross_margin_4q_avg": 5.28,
            "net_income": 3520364,
            "net_income_4q": null,
            "revenue": 120999132,
            "revenue_4q": null,
            "common_shares": 38659589,
            "book_valuer_per_share": 20.76,
            "book_valuer_per_share_4q_avg": 19.83,
            "equity": 88122407,
            "current_ratio": 156.59,
            "debt_ratio": 58.11,
            "inventory_turnover_ratio": 3.81,
            "account_receivable_turnover_ratio": null,
            "reinvestment_rate": 25.32,
            "research_to_sale_ratio": null,
            "price_fair": 73.57,
            "eps_avg_yearly": 2.68,
            "eps_latest_yearly": 3.36,
            "eps_growth_yearly": 17.43
        },
        "20082": {
            "year_quarter": 20082,
            "year": 2008,
            "quarter": 2,
            "eps": 0.83,
            "eps_growth_year": -2.35,
            "eps_4q": 3.48,
            "eps_4q_growth_year": 24.19,
            "roe": 4.03,
            "roe_4q": 18.22,
            "gross_profit": 7810638,
            "gross_margin": 7.38,
            "gross_margin_4q_avg": 5.93,
            "net_income": 3401641,
            "net_income_4q": null,
            "revenue": 105763522,
            "revenue_4q": null,
            "common_shares": 38659589,
            "book_valuer_per_share": 18.93,
            "book_valuer_per_share_4q_avg": 19.86,
            "equity": 80624680,
            "current_ratio": 144.99,
            "debt_ratio": 61.07,
            "inventory_turnover_ratio": 3.2,
            "account_receivable_turnover_ratio": null,
            "reinvestment_rate": 30.45,
            "research_to_sale_ratio": null,
            "price_fair": 80.3,
            "eps_avg_yearly": 2.77,
            "eps_latest_yearly": 3.32,
            "eps_growth_yearly": 19.02
        },
        "20083": {
            "year_quarter": 20083,
            "year": 2008,
            "quarter": 3,
            "eps": 0.89,
            "eps_growth_year": -8.25,
            "eps_4q": 3.46,
            "eps_4q_growth_year": 8.48,
            "roe": 4.38,
            "roe_4q": 17.59,
            "gross_profit": 9216857,
            "gross_margin": 7.07,
            "gross_margin_4q_avg": 6.49,
            "net_income": 3611903,
            "net_income_4q": null,
            "revenue": 130420431,
            "revenue_4q": null,
            "common_shares": 39407060,
            "book_valuer_per_share": 19.5,
            "book_valuer_per_share_4q_avg": 19.86,
            "equity": 84444836,
            "current_ratio": 144.26,
            "debt_ratio": 62.27,
            "inventory_turnover_ratio": 3.24,
            "account_receivable_turnover_ratio": null,
            "reinvestment_rate": 33.77,
            "research_to_sale_ratio": null,
            "price_fair": 94.56,
            "eps_avg_yearly": 2.88,
            "eps_latest_yearly": 3.56,
            "eps_growth_yearly": 22.86
        },
        "20084": {
            "year_quarter": 20084,
            "year": 2008,
            "quarter": 4,
            "eps": 0.71,
            "eps_growth_year": -34.86,
            "eps_4q": 2.97,
            "eps_4q_growth_year": -17.37,
            "roe": 3.54,
            "roe_4q": 15.989999999999998,
            "gross_profit": 8550164,
            "gross_margin": 7.03,
            "gross_margin_4q_avg": 7.02,
            "net_income": 3019242,
            "net_income_4q": null,
            "revenue": 121564981,
            "revenue_4q": null,
            "common_shares": 38838710,
            "book_valuer_per_share": 20.04,
            "book_valuer_per_share_4q_avg": 19.81,
            "equity": 86017511,
            "current_ratio": 158.55,
            "debt_ratio": 55.98,
            "inventory_turnover_ratio": 3.04,
            "account_receivable_turnover_ratio": 3.24,
            "reinvestment_rate": 17.51,
            "research_to_sale_ratio": null,
            "price_fair": 73.34,
            "eps_avg_yearly": 2.93,
            "eps_latest_yearly": 2.84,
            "eps_growth_yearly": 15.03
        },
        "20091": {
            "year_quarter": 20091,
            "year": 2009,
            "quarter": 1,
            "eps": 0.73,
            "eps_growth_year": -13.1,
            "eps_4q": 3.1,
            "eps_4q_growth_year": -9.03,
            "roe": 3.28,
            "roe_4q": 15.23,
            "gross_profit": 7701555,
            "gross_margin": 6.42,
            "gross_margin_4q_avg": 6.98,
            "net_income": 2878043,
            "net_income_4q": null,
            "revenue": 120024326,
            "revenue_4q": null,
            "common_shares": 38838710,
            "book_valuer_per_share": 21.03,
            "book_valuer_per_share_4q_avg": 19.88,
            "equity": 89506402,
            "current_ratio": 159.63,
            "debt_ratio": 57.12,
            "inventory_turnover_ratio": 3.15,
            "account_receivable_turnover_ratio": 1.46,
            "reinvestment_rate": 27.83,
            "research_to_sale_ratio": null,
            "price_fair": 76.88,
            "eps_avg_yearly": 2.99,
            "eps_latest_yearly": 2.92,
            "eps_growth_yearly": 15.73
        },
        "20092": {
            "year_quarter": 20092,
            "year": 2009,
            "quarter": 2,
            "eps": 0.84,
            "eps_growth_year": 1.2,
            "eps_4q": 3.11,
            "eps_4q_growth_year": -10.47,
            "roe": 3.73,
            "roe_4q": 14.93,
            "gross_profit": 8528783,
            "gross_margin": 6.39,
            "gross_margin_4q_avg": 6.73,
            "net_income": 3304870,
            "net_income_4q": null,
            "revenue": 133522518,
            "revenue_4q": null,
            "common_shares": 38838710,
            "book_valuer_per_share": 20.69,
            "book_valuer_per_share_4q_avg": 20.32,
            "equity": 87685317,
            "current_ratio": 150.45,
            "debt_ratio": 60.44,
            "inventory_turnover_ratio": 3.24,
            "account_receivable_turnover_ratio": 1.45,
            "reinvestment_rate": 26.31,
            "research_to_sale_ratio": null,
            "price_fair": 85.82,
            "eps_avg_yearly": 3.07,
            "eps_latest_yearly": 3.36,
            "eps_growth_yearly": 18
        },
        "20093": {
            "year_quarter": 20093,
            "year": 2009,
            "quarter": 3,
            "eps": 1.33,
            "eps_growth_year": 49.44,
            "eps_4q": 3.42,
            "eps_4q_growth_year": -1.11,
            "roe": 5.95,
            "roe_4q": 16.5,
            "gross_profit": 11585302,
            "gross_margin": 6.21,
            "gross_margin_4q_avg": 6.51,
            "net_income": 5407060,
            "net_income_4q": null,
            "revenue": 186667504,
            "revenue_4q": null,
            "common_shares": 39829012,
            "book_valuer_per_share": 21.7,
            "book_valuer_per_share_4q_avg": 20.87,
            "equity": 94006615,
            "current_ratio": 130.08,
            "debt_ratio": 66.92,
            "inventory_turnover_ratio": 3.48,
            "account_receivable_turnover_ratio": 1.6,
            "reinvestment_rate": 23.94,
            "research_to_sale_ratio": null,
            "price_fair": 112.96,
            "eps_avg_yearly": 3.23,
            "eps_latest_yearly": 5.32,
            "eps_growth_yearly": 25.51
        },
        "20094": {
            "year_quarter": 20094,
            "year": 2009,
            "quarter": 4,
            "eps": 2.05,
            "eps_growth_year": 188.73,
            "eps_4q": 4.71,
            "eps_4q_growth_year": 58.58,
            "roe": 8.18,
            "roe_4q": 21.14,
            "gross_profit": 13692573,
            "gross_margin": 5.82,
            "gross_margin_4q_avg": 6.21,
            "net_income": 8206117,
            "net_income_4q": null,
            "revenue": 235090852,
            "revenue_4q": null,
            "common_shares": 41243688,
            "book_valuer_per_share": 23.99,
            "book_valuer_per_share_4q_avg": 21.85,
            "equity": 106534926,
            "current_ratio": 128.28,
            "debt_ratio": 68.23,
            "inventory_turnover_ratio": 3.28,
            "account_receivable_turnover_ratio": 2.76,
            "reinvestment_rate": 24.45,
            "research_to_sale_ratio": null,
            "price_fair": 124.25,
            "eps_avg_yearly": 3.55,
            "eps_latest_yearly": 8.2,
            "eps_growth_yearly": 36.1
        },
        "20101": {
            "year_quarter": 20101,
            "year": 2010,
            "quarter": 1,
            "eps": 2.05,
            "eps_growth_year": 180.82,
            "eps_4q": 5.92,
            "eps_4q_growth_year": 90.83,
            "roe": 7.64,
            "roe_4q": 25.5,
            "gross_profit": 12288110,
            "gross_margin": 5.37,
            "gross_margin_4q_avg": 5.95,
            "net_income": 8564323,
            "net_income_4q": null,
            "revenue": 228950951,
            "revenue_4q": null,
            "common_shares": 42589540,
            "book_valuer_per_share": 25.88,
            "book_valuer_per_share_4q_avg": 23.07,
            "equity": 117584428,
            "current_ratio": 133.29,
            "debt_ratio": 65.34,
            "inventory_turnover_ratio": 3.09,
            "account_receivable_turnover_ratio": 1.39,
            "reinvestment_rate": 65.52,
            "research_to_sale_ratio": 1.06,
            "price_fair": 136.76,
            "eps_avg_yearly": 3.91,
            "eps_latest_yearly": 8.2,
            "eps_growth_yearly": 40.71
        },
        "20102": {
            "year_quarter": 20102,
            "year": 2010,
            "quarter": 2,
            "eps": 1.49,
            "eps_growth_year": 77.45,
            "eps_4q": 6.51,
            "eps_4q_growth_year": 109.13,
            "roe": 5.61,
            "roe_4q": 27.38,
            "gross_profit": 11820856,
            "gross_margin": 5.21,
            "gross_margin_4q_avg": 5.65,
            "net_income": 6450844,
            "net_income_4q": null,
            "revenue": 227061835,
            "revenue_4q": null,
            "common_shares": 42816310,
            "book_valuer_per_share": 24.6,
            "book_valuer_per_share_4q_avg": 24.04,
            "equity": 112305773,
            "current_ratio": 128.9,
            "debt_ratio": 67.8,
            "inventory_turnover_ratio": 3.4,
            "account_receivable_turnover_ratio": 1.37,
            "reinvestment_rate": 60.26,
            "research_to_sale_ratio": 1.06,
            "price_fair": 145.78,
            "eps_avg_yearly": 4.17,
            "eps_latest_yearly": 5.96,
            "eps_growth_yearly": 40.33
        },
        "20103": {
            "year_quarter": 20103,
            "year": 2010,
            "quarter": 3,
            "eps": 0.88,
            "eps_growth_year": -33.85,
            "eps_4q": 6.14,
            "eps_4q_growth_year": 79.29,
            "roe": 3.29,
            "roe_4q": 24.72,
            "gross_profit": 10261812,
            "gross_margin": 4.79,
            "gross_margin_4q_avg": 5.3,
            "net_income": 3806008,
            "net_income_4q": null,
            "revenue": 214134680,
            "revenue_4q": null,
            "common_shares": 44212248,
            "book_valuer_per_share": 25.32,
            "book_valuer_per_share_4q_avg": 24.95,
            "equity": 118745402,
            "current_ratio": 132.37,
            "debt_ratio": 65.58,
            "inventory_turnover_ratio": 3.47,
            "account_receivable_turnover_ratio": 1.2,
            "reinvestment_rate": 61.48,
            "research_to_sale_ratio": 1.11,
            "price_fair": 135.19,
            "eps_avg_yearly": 4.23,
            "eps_latest_yearly": 3.52,
            "eps_growth_yearly": 21.94
        },
        "20104": {
            "year_quarter": 20104,
            "year": 2010,
            "quarter": 4,
            "eps": 1.02,
            "eps_growth_year": -50.15,
            "eps_4q": 5.32,
            "eps_4q_growth_year": 12.78,
            "roe": 3.75,
            "roe_4q": 20.29,
            "gross_profit": 10725727,
            "gross_margin": 4.95,
            "gross_margin_4q_avg": 5.08,
            "net_income": 4496020,
            "net_income_4q": null,
            "revenue": 216856673,
            "revenue_4q": null,
            "common_shares": 44280998,
            "book_valuer_per_share": 25.85,
            "book_valuer_per_share_4q_avg": 25.41,
            "equity": 121134433,
            "current_ratio": 135.39,
            "debt_ratio": 63.65,
            "inventory_turnover_ratio": 3.94,
            "account_receivable_turnover_ratio": 1.22,
            "reinvestment_rate": 43.92,
            "research_to_sale_ratio": 1.22,
            "price_fair": 140.84,
            "eps_avg_yearly": 4.32,
            "eps_latest_yearly": 4.08,
            "eps_growth_yearly": 22.64
        },
        "20111": {
            "year_quarter": 20111,
            "year": 2011,
            "quarter": 1,
            "eps": 0.8,
            "eps_growth_year": -60.98,
            "eps_4q": 4.16,
            "eps_4q_growth_year": -29.68,
            "roe": 2.8,
            "roe_4q": 15.45,
            "gross_profit": 8306660,
            "gross_margin": 4.86,
            "gross_margin_4q_avg": 4.95,
            "net_income": 3407686,
            "net_income_4q": null,
            "revenue": 171074286,
            "revenue_4q": null,
            "common_shares": 44348646,
            "book_valuer_per_share": 26.16,
            "book_valuer_per_share_4q_avg": 25.48,
            "equity": 122591782,
            "current_ratio": 141.84,
            "debt_ratio": 60.81,
            "inventory_turnover_ratio": 3.38,
            "account_receivable_turnover_ratio": 1.08,
            "reinvestment_rate": 55.03,
            "research_to_sale_ratio": 1.45,
            "price_fair": 118.33,
            "eps_avg_yearly": 4.34,
            "eps_latest_yearly": 3.2,
            "eps_growth_yearly": 17.25
        },
        "20112": {
            "year_quarter": 20112,
            "year": 2011,
            "quarter": 2,
            "eps": 0.76,
            "eps_growth_year": -49.34,
            "eps_4q": 3.48,
            "eps_4q_growth_year": -46.63,
            "roe": 2.73,
            "roe_4q": 12.57,
            "gross_profit": 8674804,
            "gross_margin": 4.92,
            "gross_margin_4q_avg": 4.88,
            "net_income": 3173806,
            "net_income_4q": null,
            "revenue": 176365263,
            "revenue_4q": null,
            "common_shares": 44359712,
            "book_valuer_per_share": 23.65,
            "book_valuer_per_share_4q_avg": 25.25,
            "equity": 110257246,
            "current_ratio": 132.92,
            "debt_ratio": 65.51,
            "inventory_turnover_ratio": 3.46,
            "account_receivable_turnover_ratio": 1.19,
            "reinvestment_rate": 52.33,
            "research_to_sale_ratio": 1.41,
            "price_fair": 87.27,
            "eps_avg_yearly": 4.32,
            "eps_latest_yearly": 3.04,
            "eps_growth_yearly": 10.2
        },
        "20113": {
            "year_quarter": 20113,
            "year": 2011,
            "quarter": 3,
            "eps": 0.49,
            "eps_growth_year": -44.72,
            "eps_4q": 3.08,
            "eps_4q_growth_year": -49.88,
            "roe": 1.95,
            "roe_4q": 11.23,
            "gross_profit": 8669240,
            "gross_margin": 5.02,
            "gross_margin_4q_avg": 4.94,
            "net_income": 2165823,
            "net_income_4q": null,
            "revenue": 172808111,
            "revenue_4q": null,
            "common_shares": 43949217,
            "book_valuer_per_share": 23.97,
            "book_valuer_per_share_4q_avg": 24.91,
            "equity": 111927764,
            "current_ratio": 136.1,
            "debt_ratio": 64.09,
            "inventory_turnover_ratio": 3.42,
            "account_receivable_turnover_ratio": 1.14,
            "reinvestment_rate": 51.43,
            "research_to_sale_ratio": 1.46,
            "price_fair": 12.6,
            "eps_avg_yearly": 4.2,
            "eps_latest_yearly": 1.96,
            "eps_growth_yearly": -2.21
        },
        "20114": {
            "year_quarter": 20114,
            "year": 2011,
            "quarter": 4,
            "eps": 0.49,
            "eps_growth_year": -52.21,
            "eps_4q": 2.53,
            "eps_4q_growth_year": -52.37,
            "roe": 2.08,
            "roe_4q": 9.559999999999999,
            "gross_profit": 7936661,
            "gross_margin": 4.59,
            "gross_margin_4q_avg": 4.85,
            "net_income": 2348991,
            "net_income_4q": null,
            "revenue": 172878913,
            "revenue_4q": null,
            "common_shares": 44002554,
            "book_valuer_per_share": 24.38,
            "book_valuer_per_share_4q_avg": 24.54,
            "equity": 114097600,
            "current_ratio": 143.48,
            "debt_ratio": 59.08,
            "inventory_turnover_ratio": 3.41,
            "account_receivable_turnover_ratio": 1.22,
            "reinvestment_rate": 40.19,
            "research_to_sale_ratio": 1.8,
            "price_fair": 12.15,
            "eps_avg_yearly": 4.05,
            "eps_latest_yearly": 1.96,
            "eps_growth_yearly": -5.3
        },
        "20121": {
            "year_quarter": 20121,
            "year": 2012,
            "quarter": 1,
            "eps": 0.43,
            "eps_growth_year": -46.25,
            "eps_4q": 2.15,
            "eps_4q_growth_year": -48.28,
            "roe": 1.89,
            "roe_4q": 8.65,
            "gross_profit": 7400707,
            "gross_margin": 4.59,
            "gross_margin_4q_avg": 4.78,
            "net_income": 2175716,
            "net_income_4q": null,
            "revenue": 161310186,
            "revenue_4q": null,
            "common_shares": 44094963,
            "book_valuer_per_share": 24.81,
            "book_valuer_per_share_4q_avg": 24.2,
            "equity": 116470993,
            "current_ratio": 143.32,
            "debt_ratio": 59.29,
            "inventory_turnover_ratio": 3.4,
            "account_receivable_turnover_ratio": 1.17,
            "reinvestment_rate": 42.45,
            "research_to_sale_ratio": 1.63,
            "price_fair": 11.84,
            "eps_avg_yearly": 3.95,
            "eps_latest_yearly": 1.72,
            "eps_growth_yearly": -2.63
        },
        "20122": {
            "year_quarter": 20122,
            "year": 2012,
            "quarter": 2,
            "eps": 0.36,
            "eps_growth_year": -52.28,
            "eps_4q": 1.76,
            "eps_4q_growth_year": -49.35,
            "roe": 1.57,
            "roe_4q": 7.49,
            "gross_profit": 7622183,
            "gross_margin": 4.62,
            "gross_margin_4q_avg": 4.71,
            "net_income": 1798461,
            "net_income_4q": null,
            "revenue": 164876052,
            "revenue_4q": null,
            "common_shares": 44112169,
            "book_valuer_per_share": 23.75,
            "book_valuer_per_share_4q_avg": 24.23,
            "equity": 112038908,
            "current_ratio": 139.5,
            "debt_ratio": 60.78,
            "inventory_turnover_ratio": 3.35,
            "account_receivable_turnover_ratio": 1.15,
            "reinvestment_rate": 42.15,
            "research_to_sale_ratio": 1.64,
            "price_fair": 11.49,
            "eps_avg_yearly": 3.83,
            "eps_latest_yearly": 1.44,
            "eps_growth_yearly": -6.4
        },
        "20123": {
            "year_quarter": 20123,
            "year": 2012,
            "quarter": 3,
            "eps": 0.37,
            "eps_growth_year": -23,
            "eps_4q": 1.65,
            "eps_4q_growth_year": -46.36,
            "roe": 1.54,
            "roe_4q": 7.08,
            "gross_profit": 7409079,
            "gross_margin": 4.28,
            "gross_margin_4q_avg": 4.52,
            "net_income": 1736270,
            "net_income_4q": null,
            "revenue": 173033376,
            "revenue_4q": null,
            "common_shares": 44124849,
            "book_valuer_per_share": 23.98,
            "book_valuer_per_share_4q_avg": 24.23,
            "equity": 113120897,
            "current_ratio": 140.06,
            "debt_ratio": 60.49,
            "inventory_turnover_ratio": 3.16,
            "account_receivable_turnover_ratio": 1.18,
            "reinvestment_rate": 40.81,
            "research_to_sale_ratio": 1.61,
            "price_fair": 11.1,
            "eps_avg_yearly": 3.7,
            "eps_latest_yearly": 1.48,
            "eps_growth_yearly": -7.51
        },
        "20124": {
            "year_quarter": 20124,
            "year": 2012,
            "quarter": 4,
            "eps": 0.31,
            "eps_growth_year": -37.22,
            "eps_4q": 1.47,
            "eps_4q_growth_year": -41.96,
            "roe": 1.35,
            "roe_4q": 6.35,
            "gross_profit": 7380128,
            "gross_margin": 4.02,
            "gross_margin_4q_avg": 4.38,
            "net_income": 1545038,
            "net_income_4q": null,
            "revenue": 183671745,
            "revenue_4q": null,
            "common_shares": 44126526,
            "book_valuer_per_share": 24.43,
            "book_valuer_per_share_4q_avg": 24.24,
            "equity": 115368547,
            "current_ratio": 133.66,
            "debt_ratio": 62.7,
            "inventory_turnover_ratio": 3.31,
            "account_receivable_turnover_ratio": 1.2,
            "reinvestment_rate": 52.08,
            "research_to_sale_ratio": 1.59,
            "price_fair": 10.8,
            "eps_avg_yearly": 3.6,
            "eps_latest_yearly": 1.24,
            "eps_growth_yearly": -6.51
        },
        "20131": {
            "year_quarter": 20131,
            "year": 2013,
            "quarter": 1,
            "eps": 0.31,
            "eps_growth_year": -27.91,
            "eps_4q": 1.35,
            "eps_4q_growth_year": -37.2,
            "roe": 1.19,
            "roe_4q": 5.65,
            "gross_profit": 6583033,
            "gross_margin": 3.93,
            "gross_margin_4q_avg": 4.21,
            "net_income": 1388433,
            "net_income_4q": null,
            "revenue": 167555905,
            "revenue_4q": null,
            "common_shares": 44126526,
            "book_valuer_per_share": 25.15,
            "book_valuer_per_share_4q_avg": 24.33,
            "equity": 118697991,
            "current_ratio": 136.33,
            "debt_ratio": 61.2,
            "inventory_turnover_ratio": 3.14,
            "account_receivable_turnover_ratio": 1.07,
            "reinvestment_rate": 58.72,
            "research_to_sale_ratio": 1.63,
            "price_fair": 10.49,
            "eps_avg_yearly": 3.5,
            "eps_latest_yearly": 1.24,
            "eps_growth_yearly": -7.22
        },
        "20132": {
            "year_quarter": 20132,
            "year": 2013,
            "quarter": 2,
            "eps": 0.32,
            "eps_growth_year": -11.18,
            "eps_4q": 1.33,
            "eps_4q_growth_year": -24.49,
            "roe": 1.26,
            "roe_4q": 5.34,
            "gross_profit": 6880572,
            "gross_margin": 4.12,
            "gross_margin_4q_avg": 4.09,
            "net_income": 1461330,
            "net_income_4q": null,
            "revenue": 166879022,
            "revenue_4q": null,
            "common_shares": 44126526,
            "book_valuer_per_share": 24.53,
            "book_valuer_per_share_4q_avg": 24.52,
            "equity": 114192406,
            "current_ratio": 132.84,
            "debt_ratio": 63.37,
            "inventory_turnover_ratio": 3.35,
            "account_receivable_turnover_ratio": 1.06,
            "reinvestment_rate": 60.44,
            "research_to_sale_ratio": 1.62,
            "price_fair": 10.1,
            "eps_avg_yearly": 3.37,
            "eps_latest_yearly": 1.28,
            "eps_growth_yearly": -10.18
        },
        "20133": {
            "year_quarter": 20133,
            "year": 2013,
            "quarter": 3,
            "eps": -0.63,
            "eps_growth_year": -268.25,
            "eps_4q": 0.32,
            "eps_4q_growth_year": -80.87,
            "roe": -2.24,
            "roe_4q": 1.5599999999999998,
            "gross_profit": 6965445,
            "gross_margin": 4.23,
            "gross_margin_4q_avg": 4.08,
            "net_income": -2523981,
            "net_income_4q": null,
            "revenue": 164849264,
            "revenue_4q": null,
            "common_shares": 44127967,
            "book_valuer_per_share": 23.7,
            "book_valuer_per_share_4q_avg": 24.45,
            "equity": 110710312,
            "current_ratio": 131.94,
            "debt_ratio": 64.97,
            "inventory_turnover_ratio": 3.28,
            "account_receivable_turnover_ratio": 1.06,
            "reinvestment_rate": 64.94,
            "research_to_sale_ratio": 1.64,
            "price_fair": 9.7,
            "eps_avg_yearly": 3.23,
            "eps_latest_yearly": 1.28,
            "eps_growth_yearly": -26.41
        },
        "20134": {
            "year_quarter": 20134,
            "year": 2013,
            "quarter": 4,
            "eps": 0.57,
            "eps_growth_year": 85.32,
            "eps_4q": 0.57,
            "eps_4q_growth_year": -61,
            "roe": 2.45,
            "roe_4q": 2.66,
            "gross_profit": 7681341,
            "gross_margin": 3.97,
            "gross_margin_4q_avg": 4.06,
            "net_income": 2577950,
            "net_income_4q": null,
            "revenue": 193464102,
            "revenue_4q": null,
            "common_shares": 44134467,
            "book_valuer_per_share": 22.04,
            "book_valuer_per_share_4q_avg": 23.86,
            "equity": 99962272,
            "current_ratio": 130.27,
            "debt_ratio": 70.26,
            "inventory_turnover_ratio": 3.61,
            "account_receivable_turnover_ratio": 1.15,
            "reinvestment_rate": 41.79,
            "research_to_sale_ratio": 1.64,
            "price_fair": 8.64,
            "eps_avg_yearly": 2.88,
            "eps_latest_yearly": 1.28,
            "eps_growth_yearly": -43.77
        },
        "20141": {
            "year_quarter": 20141,
            "year": 2014,
            "quarter": 1,
            "eps": -0.53,
            "eps_growth_year": -270.97,
            "eps_4q": -0.27,
            "eps_4q_growth_year": -119.8,
            "roe": -2.16,
            "roe_4q": -0.6900000000000002,
            "gross_profit": 7344379,
            "gross_margin": 4.3,
            "gross_margin_4q_avg": 4.16,
            "net_income": -2124885,
            "net_income_4q": null,
            "revenue": 170634865,
            "revenue_4q": null,
            "common_shares": 44136301,
            "book_valuer_per_share": 21.44,
            "book_valuer_per_share_4q_avg": 22.93,
            "equity": 96807883,
            "current_ratio": 134.24,
            "debt_ratio": 69.98,
            "inventory_turnover_ratio": 2.97,
            "account_receivable_turnover_ratio": 0.99,
            "reinvestment_rate": -3.14,
            "research_to_sale_ratio": 1.74,
            "price_fair": 7.41,
            "eps_avg_yearly": 2.47,
            "eps_latest_yearly": 1.28,
            "eps_growth_yearly": -47.13
        },
        "20142": {
            "year_quarter": 20142,
            "year": 2014,
            "quarter": 2,
            "eps": 0.55,
            "eps_growth_year": 71.88,
            "eps_4q": -0.04,
            "eps_4q_growth_year": -103.14,
            "roe": 2.59,
            "roe_4q": 0.6399999999999997,
            "gross_profit": 7869321,
            "gross_margin": 3.9,
            "gross_margin_4q_avg": 4.1,
            "net_income": 2481011,
            "net_income_4q": null,
            "revenue": 201870079,
            "revenue_4q": null,
            "common_shares": 44142071,
            "book_valuer_per_share": 20.94,
            "book_valuer_per_share_4q_avg": 22.03,
            "equity": 94572799,
            "current_ratio": 131.03,
            "debt_ratio": 72.68,
            "inventory_turnover_ratio": 3.18,
            "account_receivable_turnover_ratio": 1.21,
            "reinvestment_rate": 13.13,
            "research_to_sale_ratio": 1.46,
            "price_fair": 6.54,
            "eps_avg_yearly": 2.18,
            "eps_latest_yearly": 1.28,
            "eps_growth_yearly": -41.95
        },
        "20143": {
            "year_quarter": 20143,
            "year": 2014,
            "quarter": 3,
            "eps": 0.6,
            "eps_growth_year": null,
            "eps_4q": 1.19,
            "eps_4q_growth_year": 275.83,
            "roe": 2.81,
            "roe_4q": 5.69,
            "gross_profit": 7395259,
            "gross_margin": 3.26,
            "gross_margin_4q_avg": 3.86,
            "net_income": 2714769,
            "net_income_4q": null,
            "revenue": 226793017,
            "revenue_4q": null,
            "common_shares": 44208778,
            "book_valuer_per_share": 21.78,
            "book_valuer_per_share_4q_avg": 21.55,
            "equity": 98909865,
            "current_ratio": 130.61,
            "debt_ratio": 72.73,
            "inventory_turnover_ratio": 3.2,
            "account_receivable_turnover_ratio": 1.3,
            "reinvestment_rate": 12.31,
            "research_to_sale_ratio": 1.37,
            "price_fair": 6.26,
            "eps_avg_yearly": 2.09,
            "eps_latest_yearly": 2.4,
            "eps_growth_yearly": -25.28
        },
        "20144": {
            "year_quarter": 20144,
            "year": 2014,
            "quarter": 4,
            "eps": 1,
            "eps_growth_year": 76.68,
            "eps_4q": 1.62,
            "eps_4q_growth_year": 183.49,
            "roe": 4.38,
            "roe_4q": 7.619999999999999,
            "gross_profit": 9755703,
            "gross_margin": 3.96,
            "gross_margin_4q_avg": 3.86,
            "net_income": 4484106,
            "net_income_4q": null,
            "revenue": 246402791,
            "revenue_4q": null,
            "common_shares": 44232366,
            "book_valuer_per_share": 23.37,
            "book_valuer_per_share_4q_avg": 21.88,
            "equity": 106007152,
            "current_ratio": 129.8,
            "debt_ratio": 72.01,
            "inventory_turnover_ratio": 3.36,
            "account_receivable_turnover_ratio": 1.38,
            "reinvestment_rate": 21.24,
            "research_to_sale_ratio": 1.26,
            "price_fair": 6.24,
            "eps_avg_yearly": 2.08,
            "eps_latest_yearly": 4,
            "eps_growth_yearly": -8.36
        },
        "20151": {
            "year_quarter": 20151,
            "year": 2015,
            "quarter": 1,
            "eps": 0.47,
            "eps_growth_year": null,
            "eps_4q": 2.58,
            "eps_4q_growth_year": null,
            "roe": 1.88,
            "roe_4q": 11.66,
            "gross_profit": 8559448,
            "gross_margin": 4.32,
            "gross_margin_4q_avg": 3.86,
            "net_income": 2021761,
            "net_income_4q": null,
            "revenue": 198112443,
            "revenue_4q": null,
            "common_shares": 44725966,
            "book_valuer_per_share": 23.58,
            "book_valuer_per_share_4q_avg": 22.42,
            "equity": 108855141,
            "current_ratio": 137.05,
            "debt_ratio": 67.85,
            "inventory_turnover_ratio": 2.82,
            "account_receivable_turnover_ratio": 1.22,
            "reinvestment_rate": 30.64,
            "research_to_sale_ratio": 1.48,
            "price_fair": 5.91,
            "eps_avg_yearly": 1.97,
            "eps_latest_yearly": 1.88,
            "eps_growth_yearly": -18.84
        },
        "20152": {
            "year_quarter": 20152,
            "year": 2015,
            "quarter": 2,
            "eps": 0.35,
            "eps_growth_year": -36.36,
            "eps_4q": 2.39,
            "eps_4q_growth_year": null,
            "roe": 1.41,
            "roe_4q": 10.48,
            "gross_profit": 7567902,
            "gross_margin": 3.8,
            "gross_margin_4q_avg": 3.84,
            "net_income": 1493308,
            "net_income_4q": null,
            "revenue": 199032656,
            "revenue_4q": null,
            "common_shares": 44725966,
            "book_valuer_per_share": 22.14,
            "book_valuer_per_share_4q_avg": 22.72,
            "equity": 102251379,
            "current_ratio": 134.86,
            "debt_ratio": 67.75,
            "inventory_turnover_ratio": 3.14,
            "account_receivable_turnover_ratio": 1.3,
            "reinvestment_rate": 32.69,
            "research_to_sale_ratio": 1.51,
            "price_fair": 5.5,
            "eps_avg_yearly": 1.83,
            "eps_latest_yearly": 1.4,
            "eps_growth_yearly": -25.68
        },
        "20153": {
            "year_quarter": 20153,
            "year": 2015,
            "quarter": 3,
            "eps": 0.67,
            "eps_growth_year": 11.67,
            "eps_4q": 2.46,
            "eps_4q_growth_year": 107.09,
            "roe": 2.94,
            "roe_4q": 10.61,
            "gross_profit": 8197097,
            "gross_margin": 3.8,
            "gross_margin_4q_avg": 3.97,
            "net_income": 3079549,
            "net_income_4q": null,
            "revenue": 215862244,
            "revenue_4q": null,
            "common_shares": 44721966,
            "book_valuer_per_share": 23.23,
            "book_valuer_per_share_4q_avg": 23.08,
            "equity": 107247154,
            "current_ratio": 130.18,
            "debt_ratio": 69.53,
            "inventory_turnover_ratio": 3.51,
            "account_receivable_turnover_ratio": 1.25,
            "reinvestment_rate": 35.12,
            "research_to_sale_ratio": 1.44,
            "price_fair": 50.44,
            "eps_avg_yearly": 1.89,
            "eps_latest_yearly": 2.68,
            "eps_growth_yearly": 16.64
        },
        "20154": {
            "year_quarter": 20154,
            "year": 2015,
            "quarter": 4,
            "eps": 0.52,
            "eps_growth_year": -48.27,
            "eps_4q": 1.98,
            "eps_4q_growth_year": 22.11,
            "roe": 2.23,
            "roe_4q": 8.46,
            "gross_profit": 9053910,
            "gross_margin": 3.86,
            "gross_margin_4q_avg": 3.95,
            "net_income": 2412529,
            "net_income_4q": null,
            "revenue": 234298355,
            "revenue_4q": null,
            "common_shares": 44711266,
            "book_valuer_per_share": 23.71,
            "book_valuer_per_share_4q_avg": 23.17,
            "equity": 109598116,
            "current_ratio": 137,
            "debt_ratio": 66.58,
            "inventory_turnover_ratio": 4.1,
            "account_receivable_turnover_ratio": 1.33,
            "reinvestment_rate": 22.66,
            "research_to_sale_ratio": 1.36,
            "price_fair": 36.5,
            "eps_avg_yearly": 1.9,
            "eps_latest_yearly": 2.08,
            "eps_growth_yearly": 9.18
        },
        "20161": {
            "year_quarter": 20161,
            "year": 2016,
            "quarter": 1,
            "eps": 0.37,
            "eps_growth_year": -21.28,
            "eps_4q": 1.89,
            "eps_4q_growth_year": -26.87,
            "roe": 1.59,
            "roe_4q": 8.17,
            "gross_profit": 7482046,
            "gross_margin": 4.24,
            "gross_margin_4q_avg": 3.93,
            "net_income": 1746263,
            "net_income_4q": null,
            "revenue": 176649808,
            "revenue_4q": null,
            "common_shares": 44704866,
            "book_valuer_per_share": 23.92,
            "book_valuer_per_share_4q_avg": 23.25,
            "equity": 110623522,
            "current_ratio": 145.03,
            "debt_ratio": 62.89,
            "inventory_turnover_ratio": 3.75,
            "account_receivable_turnover_ratio": 1.19,
            "reinvestment_rate": 19.11,
            "research_to_sale_ratio": 1.46,
            "price_fair": 25.69,
            "eps_avg_yearly": 1.88,
            "eps_latest_yearly": 1.48,
            "eps_growth_yearly": 3.64
        },
        "20162": {
            "year_quarter": 20162,
            "year": 2016,
            "quarter": 2,
            "eps": 0.4,
            "eps_growth_year": 14.29,
            "eps_4q": 1.94,
            "eps_4q_growth_year": -18.62,
            "roe": 1.89,
            "roe_4q": 8.65,
            "gross_profit": 7625477,
            "gross_margin": 4.41,
            "gross_margin_4q_avg": 4.08,
            "net_income": 2056524,
            "net_income_4q": null,
            "revenue": 172934747,
            "revenue_4q": null,
            "common_shares": 44256506,
            "book_valuer_per_share": 23.12,
            "book_valuer_per_share_4q_avg": 23.5,
            "equity": 107267983,
            "current_ratio": 141.09,
            "debt_ratio": 65.64,
            "inventory_turnover_ratio": 3.74,
            "account_receivable_turnover_ratio": 1.19,
            "reinvestment_rate": 5.99,
            "research_to_sale_ratio": 1.72,
            "price_fair": 41.29,
            "eps_avg_yearly": 1.9,
            "eps_latest_yearly": 1.6,
            "eps_growth_yearly": 11.77
        },
        "20163": {
            "year_quarter": 20163,
            "year": 2016,
            "quarter": 3,
            "eps": 0.5,
            "eps_growth_year": -25.37,
            "eps_4q": 1.78,
            "eps_4q_growth_year": -27.51,
            "roe": 2.21,
            "roe_4q": 7.92,
            "gross_profit": 8693086,
            "gross_margin": 4.39,
            "gross_margin_4q_avg": 4.23,
            "net_income": 2379044,
            "net_income_4q": null,
            "revenue": 197886564,
            "revenue_4q": null,
            "common_shares": 44245106,
            "book_valuer_per_share": 23.22,
            "book_valuer_per_share_4q_avg": 23.49,
            "equity": 107827285,
            "current_ratio": 140.53,
            "debt_ratio": 67.77,
            "inventory_turnover_ratio": 3.81,
            "account_receivable_turnover_ratio": 1.16,
            "reinvestment_rate": -1.74,
            "research_to_sale_ratio": 1.53,
            "price_fair": 56.61,
            "eps_avg_yearly": 1.94,
            "eps_latest_yearly": 2,
            "eps_growth_yearly": 19.18
        },
        "20164": {
            "year_quarter": 20164,
            "year": 2016,
            "quarter": 4,
            "eps": 0.6,
            "eps_growth_year": 15.02,
            "eps_4q": 1.86,
            "eps_4q_growth_year": -6.31,
            "roe": 2.53,
            "roe_4q": 8.22,
            "gross_profit": 9036361,
            "gross_margin": 4.12,
            "gross_margin_4q_avg": 4.29,
            "net_income": 2786175,
            "net_income_4q": null,
            "revenue": 219338916,
            "revenue_4q": null,
            "common_shares": 44241606,
            "book_valuer_per_share": 24.19,
            "book_valuer_per_share_4q_avg": 23.61,
            "equity": 112283815,
            "current_ratio": 143.61,
            "debt_ratio": 67.64,
            "inventory_turnover_ratio": 4.09,
            "account_receivable_turnover_ratio": 1.23,
            "reinvestment_rate": -24.16,
            "research_to_sale_ratio": 1.54,
            "price_fair": 71.28,
            "eps_avg_yearly": 2.04,
            "eps_latest_yearly": 2.4,
            "eps_growth_yearly": 31.25
        },
        "20171": {
            "year_quarter": 20171,
            "year": 2017,
            "quarter": 1,
            "eps": 0.25,
            "eps_growth_year": -32.43,
            "eps_4q": 1.74,
            "eps_4q_growth_year": -7.97,
            "roe": 1,
            "roe_4q": 7.63,
            "gross_profit": 7824425,
            "gross_margin": 4.17,
            "gross_margin_4q_avg": 4.27,
            "net_income": 1108146,
            "net_income_4q": null,
            "revenue": 187427921,
            "revenue_4q": null,
            "common_shares": 44224346,
            "book_valuer_per_share": 23.62,
            "book_valuer_per_share_4q_avg": 23.54,
            "equity": 109731643,
            "current_ratio": 146.7,
            "debt_ratio": 66.94,
            "inventory_turnover_ratio": 3.56,
            "account_receivable_turnover_ratio": 1.12,
            "reinvestment_rate": -43.9,
            "research_to_sale_ratio": 1.28,
            "price_fair": 43.98,
            "eps_avg_yearly": 2.02,
            "eps_latest_yearly": 1,
            "eps_growth_yearly": 11.81
        },
        "20172": {
            "year_quarter": 20172,
            "year": 2017,
            "quarter": 2,
            "eps": 0.06,
            "eps_growth_year": -85,
            "eps_4q": 1.4,
            "eps_4q_growth_year": -27.94,
            "roe": 0.39,
            "roe_4q": 6.13,
            "gross_profit": 7808413,
            "gross_margin": 3.65,
            "gross_margin_4q_avg": 4.08,
            "net_income": 417234,
            "net_income_4q": null,
            "revenue": 213780026,
            "revenue_4q": null,
            "common_shares": 44219306,
            "book_valuer_per_share": 22.65,
            "book_valuer_per_share_4q_avg": 23.42,
            "equity": 105145782,
            "current_ratio": 145.71,
            "debt_ratio": 67.48,
            "inventory_turnover_ratio": 3.84,
            "account_receivable_turnover_ratio": 1.36,
            "reinvestment_rate": -43.04,
            "research_to_sale_ratio": 1.18,
            "price_fair": 5.79,
            "eps_avg_yearly": 1.93,
            "eps_latest_yearly": 0.24,
            "eps_growth_yearly": -14.6
        },
        "20173": {
            "year_quarter": 20173,
            "year": 2017,
            "quarter": 3,
            "eps": 0.53,
            "eps_growth_year": 6,
            "eps_4q": 1.43,
            "eps_4q_growth_year": -19.52,
            "roe": 2.3,
            "roe_4q": 6.22,
            "gross_profit": 7940341,
            "gross_margin": 3.43,
            "gross_margin_4q_avg": 3.84,
            "net_income": 2446656,
            "net_income_4q": null,
            "revenue": 231608520,
            "revenue_4q": null,
            "common_shares": 44202806,
            "book_valuer_per_share": 23.11,
            "book_valuer_per_share_4q_avg": 23.39,
            "equity": 107481974,
            "current_ratio": 136.46,
            "debt_ratio": 71.11,
            "inventory_turnover_ratio": 3.44,
            "account_receivable_turnover_ratio": 1.39,
            "reinvestment_rate": -27.39,
            "research_to_sale_ratio": 1.35,
            "price_fair": 68.06,
            "eps_avg_yearly": 1.94,
            "eps_latest_yearly": 2.12,
            "eps_growth_yearly": 227.55
        },
        "20174": {
            "year_quarter": 20174,
            "year": 2017,
            "quarter": 4,
            "eps": 0.48,
            "eps_growth_year": -19.62,
            "eps_4q": 1.32,
            "eps_4q_growth_year": -29.21,
            "roe": 2.02,
            "roe_4q": 5.71,
            "gross_profit": 8391390,
            "gross_margin": 3.29,
            "gross_margin_4q_avg": 3.64,
            "net_income": 2186001,
            "net_income_4q": null,
            "revenue": 254840492,
            "revenue_4q": null,
            "common_shares": 44191916,
            "book_valuer_per_share": 23.32,
            "book_valuer_per_share_4q_avg": 23.18,
            "equity": 108647972,
            "current_ratio": 138.73,
            "debt_ratio": 70.1,
            "inventory_turnover_ratio": 3.39,
            "account_receivable_turnover_ratio": 1.44,
            "reinvestment_rate": -24.24,
            "research_to_sale_ratio": 1.37,
            "price_fair": 68,
            "eps_avg_yearly": 1.94,
            "eps_latest_yearly": 1.92,
            "eps_growth_yearly": 208.6
        },
        "20181": {
            "year_quarter": 20181,
            "year": 2018,
            "quarter": 1,
            "eps": 0.32,
            "eps_growth_year": 28,
            "eps_4q": 1.39,
            "eps_4q_growth_year": -19.89,
            "roe": 1.46,
            "roe_4q": 6.169999999999999,
            "gross_profit": 6623203,
            "gross_margin": 3.38,
            "gross_margin_4q_avg": 3.44,
            "net_income": 1582796,
            "net_income_4q": null,
            "revenue": 196111962,
            "revenue_4q": null,
            "common_shares": 44071466,
            "book_valuer_per_share": 23.35,
            "book_valuer_per_share_4q_avg": 23.11,
            "equity": 108639966,
            "current_ratio": 144.13,
            "debt_ratio": 68.39,
            "inventory_turnover_ratio": 2.76,
            "account_receivable_turnover_ratio": 1.18,
            "reinvestment_rate": -51.57,
            "research_to_sale_ratio": 1.37,
            "price_fair": 66.45,
            "eps_avg_yearly": 1.9,
            "eps_latest_yearly": 1.28,
            "eps_growth_yearly": 185.8
        },
        "20182": {
            "year_quarter": 20182,
            "year": 2018,
            "quarter": 2,
            "eps": 0.48,
            "eps_growth_year": 700,
            "eps_4q": 1.81,
            "eps_4q_growth_year": 29.64,
            "roe": 2.12,
            "roe_4q": 7.8999999999999995,
            "gross_profit": 7799272,
            "gross_margin": 3.28,
            "gross_margin_4q_avg": 3.35,
            "net_income": 2289675,
            "net_income_4q": null,
            "revenue": 237883964,
            "revenue_4q": null,
            "common_shares": 44071466,
            "book_valuer_per_share": 23.09,
            "book_valuer_per_share_4q_avg": 23.22,
            "equity": 107472233,
            "current_ratio": 131.53,
            "debt_ratio": 72.48,
            "inventory_turnover_ratio": 3.21,
            "account_receivable_turnover_ratio": 1.36,
            "reinvestment_rate": -57.6,
            "research_to_sale_ratio": null,
            "price_fair": 66.5,
            "eps_avg_yearly": 1.9,
            "eps_latest_yearly": 1.92,
            "eps_growth_yearly": 186.69
        },
        "20183": {
            "year_quarter": 20183,
            "year": 2018,
            "quarter": 3,
            "eps": 0.86,
            "eps_growth_year": 62.26,
            "eps_4q": 2.14,
            "eps_4q_growth_year": 49.17,
            "roe": 3.53,
            "roe_4q": 9.13,
            "gross_profit": 7389381,
            "gross_margin": 2.92,
            "gross_margin_4q_avg": 3.22,
            "net_income": 3862016,
            "net_income_4q": null,
            "revenue": 253408464,
            "revenue_4q": null,
            "common_shares": 44071466,
            "book_valuer_per_share": 23.9,
            "book_valuer_per_share_4q_avg": 23.42,
            "equity": 111085663,
            "current_ratio": 128.06,
            "debt_ratio": 74.28,
            "inventory_turnover_ratio": 2.76,
            "account_receivable_turnover_ratio": 1.26,
            "reinvestment_rate": -57.71,
            "research_to_sale_ratio": null,
            "price_fair": 68.78,
            "eps_avg_yearly": 1.97,
            "eps_latest_yearly": 3.44,
            "eps_growth_yearly": 204.21
        },
        "20184": {
            "year_quarter": 20184,
            "year": 2018,
            "quarter": 4,
            "eps": 0.39,
            "eps_growth_year": -19,
            "eps_4q": 2.05,
            "eps_4q_growth_year": 55.46,
            "roe": 1.65,
            "roe_4q": 8.76,
            "gross_profit": 8755235,
            "gross_margin": 3.12,
            "gross_margin_4q_avg": 3.18,
            "net_income": 1854814,
            "net_income_4q": null,
            "revenue": 280302021,
            "revenue_4q": null,
            "common_shares": 44071466,
            "book_valuer_per_share": 24.26,
            "book_valuer_per_share_4q_avg": 23.65,
            "equity": 113161848,
            "current_ratio": 132.29,
            "debt_ratio": 71.7,
            "inventory_turnover_ratio": 2.98,
            "account_receivable_turnover_ratio": 1.36,
            "reinvestment_rate": -70.53,
            "research_to_sale_ratio": null,
            "price_fair": 63.44,
            "eps_avg_yearly": 1.81,
            "eps_latest_yearly": 1.56,
            "eps_growth_yearly": 173.88
        },
        "20191": {
            "year_quarter": 20191,
            "year": 2019,
            "quarter": 1,
            "eps": 0.31,
            "eps_growth_year": -3.12,
            "eps_4q": 2.04,
            "eps_4q_growth_year": 46.15,
            "roe": 1.45,
            "roe_4q": 8.75,
            "gross_profit": 7662179,
            "gross_margin": 3.64,
            "gross_margin_4q_avg": 3.24,
            "net_income": 1659701,
            "net_income_4q": null,
            "revenue": 210600553,
            "revenue_4q": null,
            "common_shares": 44071466,
            "book_valuer_per_share": 24.75,
            "book_valuer_per_share_4q_avg": 24,
            "equity": 115593566,
            "current_ratio": 134.97,
            "debt_ratio": 70.38,
            "inventory_turnover_ratio": 2.37,
            "account_receivable_turnover_ratio": 1.09,
            "reinvestment_rate": -68.3,
            "research_to_sale_ratio": null,
            "price_fair": 62.04,
            "eps_avg_yearly": 1.77,
            "eps_latest_yearly": 1.24,
            "eps_growth_yearly": 182
        },
        "20192": {
            "year_quarter": 20192,
            "year": 2019,
            "quarter": 2,
            "eps": 0.41,
            "eps_growth_year": -14.58,
            "eps_4q": 1.97,
            "eps_4q_growth_year": 8.37,
            "roe": 1.79,
            "roe_4q": 8.42,
            "gross_profit": 8666679,
            "gross_margin": 3.43,
            "gross_margin_4q_avg": 3.28,
            "net_income": 2032386,
            "net_income_4q": null,
            "revenue": 252395071,
            "revenue_4q": null,
            "common_shares": 44071466,
            "book_valuer_per_share": 23.97,
            "book_valuer_per_share_4q_avg": 24.22,
            "equity": 112016469,
            "current_ratio": 128.09,
            "debt_ratio": 73.41,
            "inventory_turnover_ratio": 2.69,
            "account_receivable_turnover_ratio": 1.27,
            "reinvestment_rate": -60.71,
            "research_to_sale_ratio": null,
            "price_fair": 62.56,
            "eps_avg_yearly": 1.79,
            "eps_latest_yearly": 1.64,
            "eps_growth_yearly": 196.45
        },
        "20193": {
            "year_quarter": 20193,
            "year": 2019,
            "quarter": 3,
            "eps": 0.41,
            "eps_growth_year": -52.33,
            "eps_4q": 1.52,
            "eps_4q_growth_year": -28.77,
            "roe": 1.81,
            "roe_4q": 6.699999999999999,
            "gross_profit": 8062887,
            "gross_margin": 3.23,
            "gross_margin_4q_avg": 3.36,
            "net_income": 2044168,
            "net_income_4q": null,
            "revenue": 249923397,
            "revenue_4q": null,
            "common_shares": 44071466,
            "book_valuer_per_share": 24.29,
            "book_valuer_per_share_4q_avg": 24.32,
            "equity": 113712278,
            "current_ratio": 130.25,
            "debt_ratio": 72.78,
            "inventory_turnover_ratio": 2.42,
            "account_receivable_turnover_ratio": 1.19,
            "reinvestment_rate": -64.59,
            "research_to_sale_ratio": null,
            "price_fair": 60.29,
            "eps_avg_yearly": 1.72,
            "eps_latest_yearly": 1.64,
            "eps_growth_yearly": 173.59
        },
        "20194": {
            "year_quarter": 20194,
            "year": 2019,
            "quarter": 4,
            "eps": 0.46,
            "eps_growth_year": 18.86,
            "eps_4q": 1.6,
            "eps_4q_growth_year": -21.96,
            "roe": 1.89,
            "roe_4q": 6.94,
            "gross_profit": 9517083,
            "gross_margin": 3.56,
            "gross_margin_4q_avg": 3.47,
            "net_income": 2159464,
            "net_income_4q": null,
            "revenue": 267523325,
            "revenue_4q": null,
            "common_shares": 44071466,
            "book_valuer_per_share": 24.32,
            "book_valuer_per_share_4q_avg": 24.33,
            "equity": 114759344,
            "current_ratio": 134.14,
            "debt_ratio": 70.01,
            "inventory_turnover_ratio": 2.72,
            "account_receivable_turnover_ratio": 1.35,
            "reinvestment_rate": -63.55,
            "research_to_sale_ratio": null,
            "price_fair": 59.76,
            "eps_avg_yearly": 1.71,
            "eps_latest_yearly": 1.84,
            "eps_growth_yearly": 182.24
        },
        "20201": {
            "year_quarter": 20201,
            "year": 2020,
            "quarter": 1,
            "eps": 0.14,
            "eps_growth_year": -54.84,
            "eps_4q": 1.43,
            "eps_4q_growth_year": -29.98,
            "roe": 0.69,
            "roe_4q": 6.180000000000001,
            "gross_profit": 5945911,
            "gross_margin": 3.27,
            "gross_margin_4q_avg": 3.37,
            "net_income": 771302,
            "net_income_4q": null,
            "revenue": 182047046,
            "revenue_4q": null,
            "common_shares": 44071466,
            "book_valuer_per_share": 23.13,
            "book_valuer_per_share_4q_avg": 23.93,
            "equity": 109191234,
            "current_ratio": 135.43,
            "debt_ratio": 69.24,
            "inventory_turnover_ratio": 2.12,
            "account_receivable_turnover_ratio": 1.05,
            "reinvestment_rate": -64.4,
            "research_to_sale_ratio": null,
            "price_fair": 57.75,
            "eps_avg_yearly": 1.65,
            "eps_latest_yearly": 0.56,
            "eps_growth_yearly": 172.06
        },
        "20202": {
            "year_quarter": 20202,
            "year": 2020,
            "quarter": 2,
            "eps": 0.46,
            "eps_growth_year": 12.2,
            "eps_4q": 1.47,
            "eps_4q_growth_year": -25.25,
            "roe": 1.99,
            "roe_4q": 6.379999999999999,
            "gross_profit": 8268919,
            "gross_margin": 3.14,
            "gross_margin_4q_avg": 3.3,
            "net_income": 2185840,
            "net_income_4q": null,
            "revenue": 263653504,
            "revenue_4q": null,
            "common_shares": 44071466,
            "book_valuer_per_share": 23.3,
            "book_valuer_per_share_4q_avg": 23.76,
            "equity": 110035590,
            "current_ratio": 130.22,
            "debt_ratio": 72.99,
            "inventory_turnover_ratio": 2.93,
            "account_receivable_turnover_ratio": 1.42,
            "reinvestment_rate": -58.81,
            "research_to_sale_ratio": null,
            "price_fair": 58.28,
            "eps_avg_yearly": 1.67,
            "eps_latest_yearly": 1.84,
            "eps_growth_yearly": 227.17
        },
        "20203": {
            "year_quarter": 20203,
            "year": 2020,
            "quarter": 3,
            "eps": 0.5,
            "eps_growth_year": 21.95,
            "eps_4q": 1.56,
            "eps_4q_growth_year": 2.38,
            "roe": 2.31,
            "roe_4q": 6.88,
            "gross_profit": 8993226,
            "gross_margin": 3.34,
            "gross_margin_4q_avg": 3.33,
            "net_income": 2557510,
            "net_income_4q": null,
            "revenue": 269241623,
            "revenue_4q": null,
            "common_shares": 44071466,
            "book_valuer_per_share": 23.64,
            "book_valuer_per_share_4q_avg": 23.6,
            "equity": 111856457,
            "current_ratio": 127.26,
            "debt_ratio": 74.25,
            "inventory_turnover_ratio": 2.72,
            "account_receivable_turnover_ratio": 1.31,
            "reinvestment_rate": -44.68,
            "research_to_sale_ratio": null,
            "price_fair": 58.28,
            "eps_avg_yearly": 1.67,
            "eps_latest_yearly": 2,
            "eps_growth_yearly": 223.1
        },
        "20204": {
            "year_quarter": 20204,
            "year": 2020,
            "quarter": 4,
            "eps": 1.05,
            "eps_growth_year": 127.47,
            "eps_4q": 2.15,
            "eps_4q_growth_year": 34.59,
            "roe": 4.3,
            "roe_4q": 9.29,
            "gross_profit": 12250466,
            "gross_margin": 3.67,
            "gross_margin_4q_avg": 3.36,
            "net_income": 4894860,
            "net_income_4q": null,
            "revenue": 333987078,
            "revenue_4q": null,
            "common_shares": 44071466,
            "book_valuer_per_share": 24.52,
            "book_valuer_per_share_4q_avg": 23.65,
            "equity": 115989650,
            "current_ratio": 126.51,
            "debt_ratio": 75.16,
            "inventory_turnover_ratio": 3.2,
            "account_receivable_turnover_ratio": 1.57,
            "reinvestment_rate": -41.22,
            "research_to_sale_ratio": null,
            "price_fair": 62.21,
            "eps_avg_yearly": 1.78,
            "eps_latest_yearly": 4.2,
            "eps_growth_yearly": 245.6
        },
        "20211": {
            "year_quarter": 20211,
            "year": 2021,
            "quarter": 1,
            "eps": 0.6,
            "eps_growth_year": 328.57,
            "eps_4q": 2.61,
            "eps_4q_growth_year": 83.19,
            "roe": 2.56,
            "roe_4q": 11.16,
            "gross_profit": 9601582,
            "gross_margin": 3.56,
            "gross_margin_4q_avg": 3.43,
            "net_income": 2908635,
            "net_income_4q": null,
            "revenue": 269991533,
            "revenue_4q": null,
            "common_shares": 44071466,
            "book_valuer_per_share": 23.59,
            "book_valuer_per_share_4q_avg": 23.76,
            "equity": 111357788,
            "current_ratio": 125.69,
            "debt_ratio": 75.04,
            "inventory_turnover_ratio": 2.78,
            "account_receivable_turnover_ratio": 1.21,
            "reinvestment_rate": -22.01,
            "research_to_sale_ratio": null,
            "price_fair": 65.28,
            "eps_avg_yearly": 1.87,
            "eps_latest_yearly": 2.4,
            "eps_growth_yearly": 249.47
        },
        "20212": {
            "year_quarter": 20212,
            "year": 2021,
            "quarter": 2,
            "eps": 0.57,
            "eps_growth_year": 23.91,
            "eps_4q": 2.72,
            "eps_4q_growth_year": 85.1,
            "roe": 2.43,
            "roe_4q": 11.6,
            "gross_profit": 8771348,
            "gross_margin": 3.36,
            "gross_margin_4q_avg": 3.48,
            "net_income": 2720363,
            "net_income_4q": null,
            "revenue": 260994034,
            "revenue_4q": null,
            "common_shares": 44071466,
            "book_valuer_per_share": 23.84,
            "book_valuer_per_share_4q_avg": 23.9,
            "equity": 112748692,
            "current_ratio": 124.1,
            "debt_ratio": 75.36,
            "inventory_turnover_ratio": 2.4,
            "account_receivable_turnover_ratio": 1.24,
            "reinvestment_rate": -20.17,
            "research_to_sale_ratio": null,
            "price_fair": 69.74,
            "eps_avg_yearly": 1.99,
            "eps_latest_yearly": 2.28,
            "eps_growth_yearly": 267.22
        },
        "20213": {
            "year_quarter": 20213,
            "year": 2021,
            "quarter": 3,
            "eps": 1,
            "eps_growth_year": 100,
            "eps_4q": 3.22,
            "eps_4q_growth_year": 106.35,
            "roe": 4.02,
            "roe_4q": 13.309999999999999,
            "gross_profit": 10674306,
            "gross_margin": 3.17,
            "gross_margin_4q_avg": 3.44,
            "net_income": 4617558,
            "net_income_4q": null,
            "revenue": 336861180,
            "revenue_4q": null,
            "common_shares": 44071466,
            "book_valuer_per_share": 24.79,
            "book_valuer_per_share_4q_avg": 24.19,
            "equity": 117172764,
            "current_ratio": 120.43,
            "debt_ratio": 77.69,
            "inventory_turnover_ratio": 2.62,
            "account_receivable_turnover_ratio": 1.46,
            "reinvestment_rate": -14.96,
            "research_to_sale_ratio": null,
            "price_fair": 73.85,
            "eps_avg_yearly": 2.11,
            "eps_latest_yearly": 4,
            "eps_growth_yearly": 90.24
        },
        "20214": {
            "year_quarter": 20214,
            "year": 2021,
            "quarter": 4,
            "eps": 0.73,
            "eps_growth_year": -30.29,
            "eps_4q": 2.9,
            "eps_4q_growth_year": 34.94,
            "roe": 2.93,
            "roe_4q": 11.94,
            "gross_profit": 12444338,
            "gross_margin": 3.38,
            "gross_margin_4q_avg": 3.37,
            "net_income": 3493932,
            "net_income_4q": null,
            "revenue": 367835268,
            "revenue_4q": null,
            "common_shares": 44071466,
            "book_valuer_per_share": 25.56,
            "book_valuer_per_share_4q_avg": 24.45,
            "equity": 121539803,
            "current_ratio": 121.1,
            "debt_ratio": 77.37,
            "inventory_turnover_ratio": 2.89,
            "account_receivable_turnover_ratio": 1.34,
            "reinvestment_rate": -6.39,
            "research_to_sale_ratio": null,
            "price_fair": 76.04,
            "eps_avg_yearly": 2.17,
            "eps_latest_yearly": 2.92,
            "eps_growth_yearly": 85.85
        },
        "20221": {
            "year_quarter": 20221,
            "year": 2022,
            "quarter": 1,
            "eps": 0.5,
            "eps_growth_year": -16.67,
            "eps_4q": 2.79,
            "eps_4q_growth_year": 6.97,
            "roe": 2.01,
            "roe_4q": 11.389999999999999,
            "gross_profit": 9771784,
            "gross_margin": 3.65,
            "gross_margin_4q_avg": 3.39,
            "net_income": 2404645,
            "net_income_4q": null,
            "revenue": 267857679,
            "revenue_4q": null,
            "common_shares": 44071466,
            "book_valuer_per_share": 24.65,
            "book_valuer_per_share_4q_avg": 24.71,
            "equity": 117324144,
            "current_ratio": 119.47,
            "debt_ratio": 77.86,
            "inventory_turnover_ratio": 2.05,
            "account_receivable_turnover_ratio": 1.01,
            "reinvestment_rate": 32.17,
            "research_to_sale_ratio": null,
            "price_fair": 77.61,
            "eps_avg_yearly": 2.22,
            "eps_latest_yearly": 2,
            "eps_growth_yearly": 86.31
        },
        "20222": {
            "year_quarter": 20222,
            "year": 2022,
            "quarter": 2,
            "eps": 0.46,
            "eps_growth_year": -19.3,
            "eps_4q": 2.69,
            "eps_4q_growth_year": -1.16,
            "roe": 1.92,
            "roe_4q": 10.879999999999999,
            "gross_profit": 9639537,
            "gross_margin": 3.63,
            "gross_margin_4q_avg": 3.46,
            "net_income": 2288766,
            "net_income_4q": null,
            "revenue": 265649844,
            "revenue_4q": null,
            "common_shares": 44071466,
            "book_valuer_per_share": 25.45,
            "book_valuer_per_share_4q_avg": 25.11,
            "equity": 121267596,
            "current_ratio": 121.48,
            "debt_ratio": 77.17,
            "inventory_turnover_ratio": 1.8,
            "account_receivable_turnover_ratio": 1.15,
            "reinvestment_rate": 26.39,
            "research_to_sale_ratio": null,
            "price_fair": 77.44,
            "eps_avg_yearly": 2.21,
            "eps_latest_yearly": 1.84,
            "eps_growth_yearly": 71.81
        },
        "20223": {
            "year_quarter": 20223,
            "year": 2022,
            "quarter": 3,
            "eps": 0.47,
            "eps_growth_year": -53,
            "eps_4q": 2.16,
            "eps_4q_growth_year": -32.9,
            "roe": 1.93,
            "roe_4q": 8.79,
            "gross_profit": 10983638,
            "gross_margin": 3.77,
            "gross_margin_4q_avg": 3.61,
            "net_income": 2415097,
            "net_income_4q": null,
            "revenue": 291032347,
            "revenue_4q": null,
            "common_shares": 44071466,
            "book_valuer_per_share": 27.02,
            "book_valuer_per_share_4q_avg": 25.67,
            "equity": 128563326,
            "current_ratio": 122.26,
            "debt_ratio": 76.34,
            "inventory_turnover_ratio": 1.99,
            "account_receivable_turnover_ratio": 1.22,
            "reinvestment_rate": 29.19,
            "research_to_sale_ratio": null,
            "price_fair": 74.03,
            "eps_avg_yearly": 2.12,
            "eps_latest_yearly": 1.88,
            "eps_growth_yearly": 52.56
        },
        "20224": {
            "year_quarter": 20224,
            "year": 2022,
            "quarter": 4,
            "eps": 0.25,
            "eps_growth_year": -66.37,
            "eps_4q": 1.67,
            "eps_4q_growth_year": -42.31,
            "roe": 1.12,
            "roe_4q": 6.9799999999999995,
            "gross_profit": 9969220,
            "gross_margin": 4.01,
            "gross_margin_4q_avg": 3.77,
            "net_income": 1433019,
            "net_income_4q": null,
            "revenue": 248706045,
            "revenue_4q": null,
            "common_shares": 44071466,
            "book_valuer_per_share": 26.69,
            "book_valuer_per_share_4q_avg": 25.95,
            "equity": 127409843,
            "current_ratio": 129.21,
            "debt_ratio": 71.9,
            "inventory_turnover_ratio": 1.96,
            "account_receivable_turnover_ratio": 1.12,
            "reinvestment_rate": 26.39,
            "research_to_sale_ratio": null,
            "price_fair": 72.8,
            "eps_avg_yearly": 2.08,
            "eps_latest_yearly": 1,
            "eps_growth_yearly": 54.52
        },
        "20231": {
            "year_quarter": 20231,
            "year": 2023,
            "quarter": 1,
            "eps": 0.32,
            "eps_growth_year": -36,
            "eps_4q": 1.5,
            "eps_4q_growth_year": -46.39,
            "roe": 1.35,
            "roe_4q": 6.32,
            "gross_profit": 9338737,
            "gross_margin": 4.46,
            "gross_margin_4q_avg": 3.97,
            "net_income": 1684722,
            "net_income_4q": null,
            "revenue": 209458784,
            "revenue_4q": null,
            "common_shares": 44071466,
            "book_valuer_per_share": 25.66,
            "book_valuer_per_share_4q_avg": 26.21,
            "equity": 122214043,
            "current_ratio": 127.63,
            "debt_ratio": 72.7,
            "inventory_turnover_ratio": 1.74,
            "account_receivable_turnover_ratio": 1.15,
            "reinvestment_rate": 25.64,
            "research_to_sale_ratio": 2.09,
            "price_fair": 72.89,
            "eps_avg_yearly": 2.08,
            "eps_latest_yearly": 1.28,
            "eps_growth_yearly": 66.65
        },
        "20232": {
            "year_quarter": 20232,
            "year": 2023,
            "quarter": 2,
            "eps": 0.48,
            "eps_growth_year": 4.35,
            "eps_4q": 1.51,
            "eps_4q_growth_year": -43.7,
            "roe": 1.96,
            "roe_4q": 6.359999999999999,
            "gross_profit": 10603512,
            "gross_margin": 4.35,
            "gross_margin_4q_avg": 4.15,
            "net_income": 2441791,
            "net_income_4q": null,
            "revenue": 243870673,
            "revenue_4q": null,
            "common_shares": 44071466,
            "book_valuer_per_share": 26.51,
            "book_valuer_per_share_4q_avg": 26.47,
            "equity": 126323330,
            "current_ratio": 128.86,
            "debt_ratio": 72.56,
            "inventory_turnover_ratio": 2.11,
            "account_receivable_turnover_ratio": 1.23,
            "reinvestment_rate": 22.07,
            "research_to_sale_ratio": 1.97,
            "price_fair": 73.5,
            "eps_avg_yearly": 2.1,
            "eps_latest_yearly": 1.92,
            "eps_growth_yearly": 71.08
        },
        "20233": {
            "year_quarter": 20233,
            "year": 2023,
            "quarter": 3,
            "eps": 0.55,
            "eps_growth_year": 17.02,
            "eps_4q": 1.6,
            "eps_4q_growth_year": -26.07,
            "roe": 2.19,
            "roe_4q": 6.62,
            "gross_profit": 11232004,
            "gross_margin": 4.46,
            "gross_margin_4q_avg": 4.32,
            "net_income": 2835619,
            "net_income_4q": null,
            "revenue": 251714171,
            "revenue_4q": null,
            "common_shares": 44071466,
            "book_valuer_per_share": 27.82,
            "book_valuer_per_share_4q_avg": 26.67,
            "equity": 132533301,
            "current_ratio": 128.98,
            "debt_ratio": 72.11,
            "inventory_turnover_ratio": 2.23,
            "account_receivable_turnover_ratio": 1.13,
            "reinvestment_rate": 28.14,
            "research_to_sale_ratio": 1.91,
            "price_fair": 74.73,
            "eps_avg_yearly": 2.14,
            "eps_latest_yearly": 2.2,
            "eps_growth_yearly": 74.73
        },
        "20234": {
            "year_quarter": 20234,
            "year": 2023,
            "quarter": 4,
            "eps": 0.41,
            "eps_growth_year": 66.28,
            "eps_4q": 1.76,
            "eps_4q_growth_year": 5.2,
            "roe": 1.63,
            "roe_4q": 7.129999999999999,
            "gross_profit": 11222641,
            "gross_margin": 4.64,
            "gross_margin_4q_avg": 4.48,
            "net_income": 2168546,
            "net_income_4q": null,
            "revenue": 241671172,
            "revenue_4q": null,
            "common_shares": 44071466,
            "book_valuer_per_share": 27.45,
            "book_valuer_per_share_4q_avg": 26.86,
            "equity": 132772853,
            "current_ratio": 133.06,
            "debt_ratio": 69.6,
            "inventory_turnover_ratio": 2.21,
            "account_receivable_turnover_ratio": 1.16,
            "reinvestment_rate": 27.87,
            "research_to_sale_ratio": 2.1,
            "price_fair": 74.29,
            "eps_avg_yearly": 2.12,
            "eps_latest_yearly": 1.64,
            "eps_growth_yearly": 65.32
        }
    },
    "months": {
        "2001-06": {
            "month": "2001-06",
            "price": "41.44",
            "revenue": 6541434
        },
        "2001-07": {
            "month": "2001-07",
            "price": "36.25",
            "revenue": 6477277
        },
        "2001-08": {
            "month": "2001-08",
            "price": "36.10",
            "revenue": 5574414
        },
        "2001-09": {
            "month": "2001-09",
            "price": "28.89",
            "revenue": 6090650
        },
        "2001-10": {
            "month": "2001-10",
            "price": "26.89",
            "revenue": 8150381
        },
        "2001-11": {
            "month": "2001-11",
            "price": "31.55",
            "revenue": 9091388
        },
        "2001-12": {
            "month": "2001-12",
            "price": "41.52",
            "revenue": 8718852
        },
        "2002-01": {
            "month": "2002-01",
            "price": "49.75",
            "revenue": 8822172
        },
        "2002-02": {
            "month": "2002-02",
            "price": "46.98",
            "revenue": 6500833
        },
        "2002-03": {
            "month": "2002-03",
            "price": "46.30",
            "revenue": 8831769
        },
        "2002-04": {
            "month": "2002-04",
            "price": "47.32",
            "revenue": 10308736
        },
        "2002-05": {
            "month": "2002-05",
            "price": "42.70",
            "revenue": 8853547
        },
        "2002-06": {
            "month": "2002-06",
            "price": "35.80",
            "revenue": 9267321
        },
        "2002-07": {
            "month": "2002-07",
            "price": "30.47",
            "revenue": 9425573
        },
        "2002-08": {
            "month": "2002-08",
            "price": "32.99",
            "revenue": 8962890
        },
        "2002-09": {
            "month": "2002-09",
            "price": "30.81",
            "revenue": 9637253
        },
        "2002-10": {
            "month": "2002-10",
            "price": "33.16",
            "revenue": 12410730
        },
        "2002-11": {
            "month": "2002-11",
            "price": "37.86",
            "revenue": 12565482
        },
        "2002-12": {
            "month": "2002-12",
            "price": "39.00",
            "revenue": 10833668
        },
        "2003-01": {
            "month": "2003-01",
            "price": "39.32",
            "revenue": 10968656
        },
        "2003-02": {
            "month": "2003-02",
            "price": "37.61",
            "revenue": 8855046
        },
        "2003-03": {
            "month": "2003-03",
            "price": "35.74",
            "revenue": 10652183
        },
        "2003-04": {
            "month": "2003-04",
            "price": "37.10",
            "revenue": 11872303
        },
        "2003-05": {
            "month": "2003-05",
            "price": "38.44",
            "revenue": 10160041
        },
        "2003-06": {
            "month": "2003-06",
            "price": "44.84",
            "revenue": 9007063
        },
        "2003-07": {
            "month": "2003-07",
            "price": "51.34",
            "revenue": 12162565
        },
        "2003-08": {
            "month": "2003-08",
            "price": "51.81",
            "revenue": 12448220
        },
        "2003-09": {
            "month": "2003-09",
            "price": "51.20",
            "revenue": 16528288
        },
        "2003-10": {
            "month": "2003-10",
            "price": "51.16",
            "revenue": 18800159
        },
        "2003-11": {
            "month": "2003-11",
            "price": "50.27",
            "revenue": 20140484
        },
        "2003-12": {
            "month": "2003-12",
            "price": "47.24",
            "revenue": 20630023
        },
        "2004-01": {
            "month": "2004-01",
            "price": "46.65",
            "revenue": 15360701
        },
        "2004-02": {
            "month": "2004-02",
            "price": "44.24",
            "revenue": 12698385
        },
        "2004-03": {
            "month": "2004-03",
            "price": "43.15",
            "revenue": 14442064
        },
        "2004-04": {
            "month": "2004-04",
            "price": "41.66",
            "revenue": 14446429
        },
        "2004-05": {
            "month": "2004-05",
            "price": "38.88",
            "revenue": 15231243
        },
        "2004-06": {
            "month": "2004-06",
            "price": "37.62",
            "revenue": 19915436
        },
        "2004-07": {
            "month": "2004-07",
            "price": "33.62",
            "revenue": 20061089
        },
        "2004-08": {
            "month": "2004-08",
            "price": "30.68",
            "revenue": 15975850
        },
        "2004-09": {
            "month": "2004-09",
            "price": "32.98",
            "revenue": 18949267
        },
        "2004-10": {
            "month": "2004-10",
            "price": "31.92",
            "revenue": 23112066
        },
        "2004-11": {
            "month": "2004-11",
            "price": "31.61",
            "revenue": 23358004
        },
        "2004-12": {
            "month": "2004-12",
            "price": "31.43",
            "revenue": 17836813
        },
        "2005-01": {
            "month": "2005-01",
            "price": "29.76",
            "revenue": 17337694
        },
        "2005-02": {
            "month": "2005-02",
            "price": "30.75",
            "revenue": 15712847
        },
        "2005-03": {
            "month": "2005-03",
            "price": "28.92",
            "revenue": 17010719
        },
        "2005-04": {
            "month": "2005-04",
            "price": "28.66",
            "revenue": 17026976
        },
        "2005-05": {
            "month": "2005-05",
            "price": "29.25",
            "revenue": 15838654
        },
        "2005-06": {
            "month": "2005-06",
            "price": "30.98",
            "revenue": 18832971
        },
        "2005-07": {
            "month": "2005-07",
            "price": "31.06",
            "revenue": 19519043
        },
        "2005-08": {
            "month": "2005-08",
            "price": "32.76",
            "revenue": 17838336
        },
        "2005-09": {
            "month": "2005-09",
            "price": "32.65",
            "revenue": 18349017
        },
        "2005-10": {
            "month": "2005-10",
            "price": "31.29",
            "revenue": 21140181
        },
        "2005-11": {
            "month": "2005-11",
            "price": "29.83",
            "revenue": 21945296
        },
        "2005-12": {
            "month": "2005-12",
            "price": "30.30",
            "revenue": 20350707
        },
        "2006-01": {
            "month": "2006-01",
            "price": "30.96",
            "revenue": 19089051
        },
        "2006-02": {
            "month": "2006-02",
            "price": "29.53",
            "revenue": 17407690
        },
        "2006-03": {
            "month": "2006-03",
            "price": "31.88",
            "revenue": 23159454
        },
        "2006-04": {
            "month": "2006-04",
            "price": "35.06",
            "revenue": 21414865
        },
        "2006-05": {
            "month": "2006-05",
            "price": "33.61",
            "revenue": 16606474
        },
        "2006-06": {
            "month": "2006-06",
            "price": "31.05",
            "revenue": 22602746
        },
        "2006-07": {
            "month": "2006-07",
            "price": "29.97",
            "revenue": 27651845
        },
        "2006-08": {
            "month": "2006-08",
            "price": "28.64",
            "revenue": 25436036
        },
        "2006-09": {
            "month": "2006-09",
            "price": "29.71",
            "revenue": 26383139
        },
        "2006-10": {
            "month": "2006-10",
            "price": "28.79",
            "revenue": 32161523
        },
        "2006-11": {
            "month": "2006-11",
            "price": "28.59",
            "revenue": 35235080
        },
        "2006-12": {
            "month": "2006-12",
            "price": "29.13",
            "revenue": 35923354
        },
        "2007-01": {
            "month": "2007-01",
            "price": "29.04",
            "revenue": 34651429
        },
        "2007-02": {
            "month": "2007-02",
            "price": "29.58",
            "revenue": 27281024
        },
        "2007-03": {
            "month": "2007-03",
            "price": "28.03",
            "revenue": 35047989
        },
        "2007-04": {
            "month": "2007-04",
            "price": "29.00",
            "revenue": 31690089
        },
        "2007-05": {
            "month": "2007-05",
            "price": "29.98",
            "revenue": 30901383
        },
        "2007-06": {
            "month": "2007-06",
            "price": "33.68",
            "revenue": 36284900
        },
        "2007-07": {
            "month": "2007-07",
            "price": "36.90",
            "revenue": 38029422
        },
        "2007-08": {
            "month": "2007-08",
            "price": "35.52",
            "revenue": 37131369
        },
        "2007-09": {
            "month": "2007-09",
            "price": "36.08",
            "revenue": 40215411
        },
        "2007-10": {
            "month": "2007-10",
            "price": "36.94",
            "revenue": 45310235
        },
        "2007-11": {
            "month": "2007-11",
            "price": "39.11",
            "revenue": 39051254
        },
        "2007-12": {
            "month": "2007-12",
            "price": "35.08",
            "revenue": 31866126
        },
        "2008-01": {
            "month": "2008-01",
            "price": "29.14",
            "revenue": 34844264
        },
        "2008-02": {
            "month": "2008-02",
            "price": "27.56",
            "revenue": 31011880
        },
        "2008-03": {
            "month": "2008-03",
            "price": "28.65",
            "revenue": 35784588
        },
        "2008-04": {
            "month": "2008-04",
            "price": "31.44",
            "revenue": 28323094
        },
        "2008-05": {
            "month": "2008-05",
            "price": "35.04",
            "revenue": 30735290
        },
        "2008-06": {
            "month": "2008-06",
            "price": "32.98",
            "revenue": 27360573
        },
        "2008-07": {
            "month": "2008-07",
            "price": "31.27",
            "revenue": 34356993
        },
        "2008-08": {
            "month": "2008-08",
            "price": "30.40",
            "revenue": 31724501
        },
        "2008-09": {
            "month": "2008-09",
            "price": "24.47",
            "revenue": 44005114
        },
        "2008-10": {
            "month": "2008-10",
            "price": "22.66",
            "revenue": 46148762
        },
        "2008-11": {
            "month": "2008-11",
            "price": "19.49",
            "revenue": 29479717
        },
        "2008-12": {
            "month": "2008-12",
            "price": "17.97",
            "revenue": 31218132
        },
        "2009-01": {
            "month": "2009-01",
            "price": "16.84",
            "revenue": 27512328
        },
        "2009-02": {
            "month": "2009-02",
            "price": "18.63",
            "revenue": 38094720
        },
        "2009-03": {
            "month": "2009-03",
            "price": "22.68",
            "revenue": 43571461
        },
        "2009-04": {
            "month": "2009-04",
            "price": "26.44",
            "revenue": 42720164
        },
        "2009-05": {
            "month": "2009-05",
            "price": "29.24",
            "revenue": 36986741
        },
        "2009-06": {
            "month": "2009-06",
            "price": "26.57",
            "revenue": 42195912
        },
        "2009-07": {
            "month": "2009-07",
            "price": "30.27",
            "revenue": 52321599
        },
        "2009-08": {
            "month": "2009-08",
            "price": "31.52",
            "revenue": 54268350
        },
        "2009-09": {
            "month": "2009-09",
            "price": "37.03",
            "revenue": 66323999
        },
        "2009-10": {
            "month": "2009-10",
            "price": "40.46",
            "revenue": 74320311
        },
        "2009-11": {
            "month": "2009-11",
            "price": "42.50",
            "revenue": 77713208
        },
        "2009-12": {
            "month": "2009-12",
            "price": "43.43",
            "revenue": 70188868
        },
        "2010-01": {
            "month": "2010-01",
            "price": "45.59",
            "revenue": 72954853
        },
        "2010-02": {
            "month": "2010-02",
            "price": "44.81",
            "revenue": 67960617
        },
        "2010-03": {
            "month": "2010-03",
            "price": "43.46",
            "revenue": 75738043
        },
        "2010-04": {
            "month": "2010-04",
            "price": "42.12",
            "revenue": 71296872
        },
        "2010-05": {
            "month": "2010-05",
            "price": "40.19",
            "revenue": 72748474
        },
        "2010-06": {
            "month": "2010-06",
            "price": "39.20",
            "revenue": 73009758
        },
        "2010-07": {
            "month": "2010-07",
            "price": "40.06",
            "revenue": 59134821
        },
        "2010-08": {
            "month": "2010-08",
            "price": "38.20",
            "revenue": 65647541
        },
        "2010-09": {
            "month": "2010-09",
            "price": "37.11",
            "revenue": 78915011
        },
        "2010-10": {
            "month": "2010-10",
            "price": "37.19",
            "revenue": 76811336
        },
        "2010-11": {
            "month": "2010-11",
            "price": "38.46",
            "revenue": 70004835
        },
        "2010-12": {
            "month": "2010-12",
            "price": "39.10",
            "revenue": 60286104
        },
        "2011-01": {
            "month": "2011-01",
            "price": "37.96",
            "revenue": 52972697
        },
        "2011-02": {
            "month": "2011-02",
            "price": "36.14",
            "revenue": 43471055
        },
        "2011-03": {
            "month": "2011-03",
            "price": "32.62",
            "revenue": 66417105
        },
        "2011-04": {
            "month": "2011-04",
            "price": "30.19",
            "revenue": 56404087
        },
        "2011-05": {
            "month": "2011-05",
            "price": "33.00",
            "revenue": 55178949
        },
        "2011-06": {
            "month": "2011-06",
            "price": "34.55",
            "revenue": 56564993
        },
        "2011-07": {
            "month": "2011-07",
            "price": "35.41",
            "revenue": 55639140
        },
        "2011-08": {
            "month": "2011-08",
            "price": "29.98",
            "revenue": 54353570
        },
        "2011-09": {
            "month": "2011-09",
            "price": "29.05",
            "revenue": 53784994
        },
        "2011-10": {
            "month": "2011-10",
            "price": "27.40",
            "revenue": 55149322
        },
        "2011-11": {
            "month": "2011-11",
            "price": "27.76",
            "revenue": 52571913
        },
        "2011-12": {
            "month": "2011-12",
            "price": "28.60",
            "revenue": 46969682
        },
        "2012-01": {
            "month": "2012-01",
            "price": "31.79",
            "revenue": 43751959
        },
        "2012-02": {
            "month": "2012-02",
            "price": "34.34",
            "revenue": 58079449
        },
        "2012-03": {
            "month": "2012-03",
            "price": "34.00",
            "revenue": 59242662
        },
        "2012-04": {
            "month": "2012-04",
            "price": "33.10",
            "revenue": 50484741
        },
        "2012-05": {
            "month": "2012-05",
            "price": "32.72",
            "revenue": 51580521
        },
        "2012-06": {
            "month": "2012-06",
            "price": "28.13",
            "revenue": 62978090
        },
        "2012-07": {
            "month": "2012-07",
            "price": "27.38",
            "revenue": 56080121
        },
        "2012-08": {
            "month": "2012-08",
            "price": "27.41",
            "revenue": 51755087
        },
        "2012-09": {
            "month": "2012-09",
            "price": "25.99",
            "revenue": 64520177
        },
        "2012-10": {
            "month": "2012-10",
            "price": "21.72",
            "revenue": 60188457
        },
        "2012-11": {
            "month": "2012-11",
            "price": "18.48",
            "revenue": 63346986
        },
        "2012-12": {
            "month": "2012-12",
            "price": "19.70",
            "revenue": 60766347
        },
        "2013-01": {
            "month": "2013-01",
            "price": "20.43",
            "revenue": 57184487
        },
        "2013-02": {
            "month": "2013-02",
            "price": "20.85",
            "revenue": 45286426
        },
        "2013-03": {
            "month": "2013-03",
            "price": "20.61",
            "revenue": 64756064
        },
        "2013-04": {
            "month": "2013-04",
            "price": "19.52",
            "revenue": 57124128
        },
        "2013-05": {
            "month": "2013-05",
            "price": "18.65",
            "revenue": 53017799
        },
        "2013-06": {
            "month": "2013-06",
            "price": "17.23",
            "revenue": 57000807
        },
        "2013-07": {
            "month": "2013-07",
            "price": "19.25",
            "revenue": 50864590
        },
        "2013-08": {
            "month": "2013-08",
            "price": "19.31",
            "revenue": 52101687
        },
        "2013-09": {
            "month": "2013-09",
            "price": "21.08",
            "revenue": 61936567
        },
        "2013-10": {
            "month": "2013-10",
            "price": "22.97",
            "revenue": 62774194
        },
        "2013-11": {
            "month": "2013-11",
            "price": "21.79",
            "revenue": 65973907
        },
        "2013-12": {
            "month": "2013-12",
            "price": "22.22",
            "revenue": 64672232
        },
        "2014-01": {
            "month": "2014-01",
            "price": "23.05",
            "revenue": 53474220
        },
        "2014-02": {
            "month": "2014-02",
            "price": "20.77",
            "revenue": 49513912
        },
        "2014-03": {
            "month": "2014-03",
            "price": "20.27",
            "revenue": 67584341
        },
        "2014-04": {
            "month": "2014-04",
            "price": "22.16",
            "revenue": 57168231
        },
        "2014-05": {
            "month": "2014-05",
            "price": "23.03",
            "revenue": 68000745
        },
        "2014-06": {
            "month": "2014-06",
            "price": "24.47",
            "revenue": 76706488
        },
        "2014-07": {
            "month": "2014-07",
            "price": "27.14",
            "revenue": 69602576
        },
        "2014-08": {
            "month": "2014-08",
            "price": "27.08",
            "revenue": 72390987
        },
        "2014-09": {
            "month": "2014-09",
            "price": "24.83",
            "revenue": 84850181
        },
        "2014-10": {
            "month": "2014-10",
            "price": "21.71",
            "revenue": 81141683
        },
        "2014-11": {
            "month": "2014-11",
            "price": "20.52",
            "revenue": 82444776
        },
        "2014-12": {
            "month": "2014-12",
            "price": "20.96",
            "revenue": 82922079
        },
        "2015-01": {
            "month": "2015-01",
            "price": "23.12",
            "revenue": 68738070
        },
        "2015-02": {
            "month": "2015-02",
            "price": "23.15",
            "revenue": 54610335
        },
        "2015-03": {
            "month": "2015-03",
            "price": "26.53",
            "revenue": 74956190
        },
        "2015-04": {
            "month": "2015-04",
            "price": "27.36",
            "revenue": 61634402
        },
        "2015-05": {
            "month": "2015-05",
            "price": "26.25",
            "revenue": 64545385
        },
        "2015-06": {
            "month": "2015-06",
            "price": "23.84",
            "revenue": 72678618
        },
        "2015-07": {
            "month": "2015-07",
            "price": "22.18",
            "revenue": 60127150
        },
        "2015-08": {
            "month": "2015-08",
            "price": "18.30",
            "revenue": 64225273
        },
        "2015-09": {
            "month": "2015-09",
            "price": "18.78",
            "revenue": 91546877
        },
        "2015-10": {
            "month": "2015-10",
            "price": "20.31",
            "revenue": 73096725
        },
        "2015-11": {
            "month": "2015-11",
            "price": "19.38",
            "revenue": 77892602
        },
        "2015-12": {
            "month": "2015-12",
            "price": "18.40",
            "revenue": 83172851
        },
        "2016-01": {
            "month": "2016-01",
            "price": "17.90",
            "revenue": 56082579
        },
        "2016-02": {
            "month": "2016-02",
            "price": "19.19",
            "revenue": 50979213
        },
        "2016-03": {
            "month": "2016-03",
            "price": "20.42",
            "revenue": 69583522
        },
        "2016-04": {
            "month": "2016-04",
            "price": "19.84",
            "revenue": 46306264
        },
        "2016-05": {
            "month": "2016-05",
            "price": "18.24",
            "revenue": 56708205
        },
        "2016-06": {
            "month": "2016-06",
            "price": "19.85",
            "revenue": 69904440
        },
        "2016-07": {
            "month": "2016-07",
            "price": "20.69",
            "revenue": 56938914
        },
        "2016-08": {
            "month": "2016-08",
            "price": "19.79",
            "revenue": 64598508
        },
        "2016-09": {
            "month": "2016-09",
            "price": "19.00",
            "revenue": 76347414
        },
        "2016-10": {
            "month": "2016-10",
            "price": "19.22",
            "revenue": 76880430
        },
        "2016-11": {
            "month": "2016-11",
            "price": "18.54",
            "revenue": 70812709
        },
        "2016-12": {
            "month": "2016-12",
            "price": "18.21",
            "revenue": 71669284
        },
        "2017-01": {
            "month": "2017-01",
            "price": "18.78",
            "revenue": 51279187
        },
        "2017-02": {
            "month": "2017-02",
            "price": "18.97",
            "revenue": 57033732
        },
        "2017-03": {
            "month": "2017-03",
            "price": "19.67",
            "revenue": 79114990
        },
        "2017-04": {
            "month": "2017-04",
            "price": "20.25",
            "revenue": 61033426
        },
        "2017-05": {
            "month": "2017-05",
            "price": "20.48",
            "revenue": 70121281
        },
        "2017-06": {
            "month": "2017-06",
            "price": "20.45",
            "revenue": 82605747
        },
        "2017-07": {
            "month": "2017-07",
            "price": "20.69",
            "revenue": 70523412
        },
        "2017-08": {
            "month": "2017-08",
            "price": "20.54",
            "revenue": 78540314
        },
        "2017-09": {
            "month": "2017-09",
            "price": "21.73",
            "revenue": 82534867
        },
        "2017-10": {
            "month": "2017-10",
            "price": "21.67",
            "revenue": 86183599
        },
        "2017-11": {
            "month": "2017-11",
            "price": "21.25",
            "revenue": 93899540
        },
        "2017-12": {
            "month": "2017-12",
            "price": "20.97",
            "revenue": 74778216
        },
        "2018-01": {
            "month": "2018-01",
            "price": "21.00",
            "revenue": 59794654
        },
        "2018-02": {
            "month": "2018-02",
            "price": "20.29",
            "revenue": 57941906
        },
        "2018-03": {
            "month": "2018-03",
            "price": "20.27",
            "revenue": 78363795
        },
        "2018-04": {
            "month": "2018-04",
            "price": "19.66",
            "revenue": 69411149
        },
        "2018-05": {
            "month": "2018-05",
            "price": "19.74",
            "revenue": 79359639
        },
        "2018-06": {
            "month": "2018-06",
            "price": "19.60",
            "revenue": 89107230
        },
        "2018-07": {
            "month": "2018-07",
            "price": "19.19",
            "revenue": 80466155
        },
        "2018-08": {
            "month": "2018-08",
            "price": "18.95",
            "revenue": 82941074
        },
        "2018-09": {
            "month": "2018-09",
            "price": "18.90",
            "revenue": 89990759
        },
        "2018-10": {
            "month": "2018-10",
            "price": "17.64",
            "revenue": 99149818
        },
        "2018-11": {
            "month": "2018-11",
            "price": "17.53",
            "revenue": 95450756
        },
        "2018-12": {
            "month": "2018-12",
            "price": "17.57",
            "revenue": 85702608
        },
        "2019-01": {
            "month": "2019-01",
            "price": "17.61",
            "revenue": 70122332
        },
        "2019-02": {
            "month": "2019-02",
            "price": "18.41",
            "revenue": 54351462
        },
        "2019-03": {
            "month": "2019-03",
            "price": "18.94",
            "revenue": 86125640
        },
        "2019-04": {
            "month": "2019-04",
            "price": "19.54",
            "revenue": 81821066
        },
        "2019-05": {
            "month": "2019-05",
            "price": "19.26",
            "revenue": 84599086
        },
        "2019-06": {
            "month": "2019-06",
            "price": "19.91",
            "revenue": 85978823
        },
        "2019-07": {
            "month": "2019-07",
            "price": "19.77",
            "revenue": 78508246
        },
        "2019-08": {
            "month": "2019-08",
            "price": "18.07",
            "revenue": 74609805
        },
        "2019-09": {
            "month": "2019-09",
            "price": "18.15",
            "revenue": 96806861
        },
        "2019-10": {
            "month": "2019-10",
            "price": "18.02",
            "revenue": 98916490
        },
        "2019-11": {
            "month": "2019-11",
            "price": "18.72",
            "revenue": 86464827
        },
        "2019-12": {
            "month": "2019-12",
            "price": "18.89",
            "revenue": 82135263
        },
        "2020-01": {
            "month": "2020-01",
            "price": "18.81",
            "revenue": 61766224
        },
        "2020-02": {
            "month": "2020-02",
            "price": "18.42",
            "revenue": 39510198
        },
        "2020-03": {
            "month": "2020-03",
            "price": "17.20",
            "revenue": 80770843
        },
        "2020-04": {
            "month": "2020-04",
            "price": "18.56",
            "revenue": 94304826
        },
        "2020-05": {
            "month": "2020-05",
            "price": "18.63",
            "revenue": 87650410
        },
        "2020-06": {
            "month": "2020-06",
            "price": "19.19",
            "revenue": 81698189
        },
        "2020-07": {
            "month": "2020-07",
            "price": "19.32",
            "revenue": 89771191
        },
        "2020-08": {
            "month": "2020-08",
            "price": "18.66",
            "revenue": 83952978
        },
        "2020-09": {
            "month": "2020-09",
            "price": "19.20",
            "revenue": 95517314
        },
        "2020-10": {
            "month": "2020-10",
            "price": "18.71",
            "revenue": 112734561
        },
        "2020-11": {
            "month": "2020-11",
            "price": "19.23",
            "revenue": 106871487
        },
        "2020-12": {
            "month": "2020-12",
            "price": "20.38",
            "revenue": 114381030
        },
        "2021-01": {
            "month": "2021-01",
            "price": "21.49",
            "revenue": 91177558
        },
        "2021-02": {
            "month": "2021-02",
            "price": "21.83",
            "revenue": 70665916
        },
        "2021-03": {
            "month": "2021-03",
            "price": "23.59",
            "revenue": 108148060
        },
        "2021-04": {
            "month": "2021-04",
            "price": "26.57",
            "revenue": 89350327
        },
        "2021-05": {
            "month": "2021-05",
            "price": "23.36",
            "revenue": 80201551
        },
        "2021-06": {
            "month": "2021-06",
            "price": "22.71",
            "revenue": 91440133
        },
        "2021-07": {
            "month": "2021-07",
            "price": "22.05",
            "revenue": 107988216
        },
        "2021-08": {
            "month": "2021-08",
            "price": "22.04",
            "revenue": 102386413
        },
        "2021-09": {
            "month": "2021-09",
            "price": "23.33",
            "revenue": 126488573
        },
        "2021-10": {
            "month": "2021-10",
            "price": "24.12",
            "revenue": 116834681
        },
        "2021-11": {
            "month": "2021-11",
            "price": "23.87",
            "revenue": 123291570
        },
        "2021-12": {
            "month": "2021-12",
            "price": "23.89",
            "revenue": 127709100
        },
        "2022-01": {
            "month": "2022-01",
            "price": "25.03",
            "revenue": 82650402
        },
        "2022-02": {
            "month": "2022-02",
            "price": "25.57",
            "revenue": 82443683
        },
        "2022-03": {
            "month": "2022-03",
            "price": "26.32",
            "revenue": 102763594
        },
        "2022-04": {
            "month": "2022-04",
            "price": "24.67",
            "revenue": 53921071
        },
        "2022-05": {
            "month": "2022-05",
            "price": "22.72",
            "revenue": 89268104
        },
        "2022-06": {
            "month": "2022-06",
            "price": "22.86",
            "revenue": 122460669
        },
        "2022-07": {
            "month": "2022-07",
            "price": "22.23",
            "revenue": 97630554
        },
        "2022-08": {
            "month": "2022-08",
            "price": "22.91",
            "revenue": 88842373
        },
        "2022-09": {
            "month": "2022-09",
            "price": "22.40",
            "revenue": 104559420
        },
        "2022-10": {
            "month": "2022-10",
            "price": "21.20",
            "revenue": 94847052
        },
        "2022-11": {
            "month": "2022-11",
            "price": "21.50",
            "revenue": 81336751
        },
        "2022-12": {
            "month": "2022-12",
            "price": "22.34",
            "revenue": 72523203
        },
        "2023-01": {
            "month": "2023-01",
            "price": "22.97",
            "revenue": 62723148
        },
        "2023-02": {
            "month": "2023-02",
            "price": "23.52",
            "revenue": 66983396
        },
        "2023-03": {
            "month": "2023-03",
            "price": "24.60",
            "revenue": 79752240
        },
        "2023-04": {
            "month": "2023-04",
            "price": "24.86",
            "revenue": 79008173
        },
        "2023-05": {
            "month": "2023-05",
            "price": "26.09",
            "revenue": 83242644
        },
        "2023-06": {
            "month": "2023-06",
            "price": "28.73",
            "revenue": 81619856
        },
        "2023-07": {
            "month": "2023-07",
            "price": "30.75",
            "revenue": 84846601
        },
        "2023-08": {
            "month": "2023-08",
            "price": "32.85",
            "revenue": 81736993
        },
        "2023-09": {
            "month": "2023-09",
            "price": "31.25",
            "revenue": 85130577
        },
        "2023-10": {
            "month": "2023-10",
            "price": "29.66",
            "revenue": 87494016
        },
        "2023-11": {
            "month": "2023-11",
            "price": "30.11",
            "revenue": 84639578
        },
        "2023-12": {
            "month": "2023-12",
            "price": "34.45",
            "revenue": 69537578
        },
        "2024-01": {
            "month": "2024-01",
            "price": "36.51",
            "revenue": 64059254
        },
        "2024-02": {
            "month": "2024-02",
            "price": "36.40",
            "revenue": 57521876
        }
    }
}
