{
    "summary": {
        "stock_name": "矽品",
        "stock_id": "2325",
        "category": "電子工業",
        "main_business": "1.積體電路、電晶體、發光二極體數字顯示板、發光二極<br>體顯示燈、液晶時鐘蕊、光電晶體、合成電路、薄膜電路、<br>厚膜電路等製造、加工買賣業務。2.電子零組件製造業。",
        "website_url": "",
        "ceo": "蔡祺文",
        "pe_ratio": 26,
        "report_year_from": 2001,
        "report_year_to": 2019,
        "age": 22,
        "eps_negative_percentage": 17,
        "eps_growth_avg": {
            "last_all": 10.4,
            "last_2y": -37.91,
            "last_4y": -8.15,
            "last_8y": -7.67,
            "last_12y": -3.31,
            "last_16y": 10.4,
            "last_20y": null,
            "at_2006_last_3y": 62.73,
            "at_2007_last_3y": 41.03,
            "at_2008_last_3y": 13.94,
            "at_2009_last_3y": 6.49,
            "at_2010_last_3y": -12.78,
            "at_2011_last_3y": -19.53,
            "at_2012_last_3y": 1.08,
            "at_2013_last_3y": -7.07,
            "at_2014_last_3y": 26.44,
            "at_2015_last_3y": 23.52,
            "at_2016_last_3y": 22.49,
            "at_2017_last_3y": 13.91,
            "at_2018_last_3y": -34.8,
            "at_2019_last_3y": -34.8,
            "at_2020_last_3y": -34.8,
            "at_2021_last_3y": -34.8,
            "at_2022_last_3y": -34.8,
            "at_2023_last_3y": -34.8,
            "at_2006_last_all": 62.73,
            "at_2007_last_all": 52.82,
            "at_2008_last_all": 33.16,
            "at_2009_last_all": 33.63,
            "at_2010_last_all": 24.98,
            "at_2011_last_all": 20.67,
            "at_2012_last_all": 20.33,
            "at_2013_last_all": 18.83,
            "at_2014_last_all": 25.46,
            "at_2015_last_all": 21.54,
            "at_2016_last_all": 20.95,
            "at_2017_last_all": 17.52,
            "at_2018_last_all": 10.4,
            "at_2019_last_all": 10.4,
            "at_2020_last_all": 10.4,
            "at_2021_last_all": 10.4,
            "at_2022_last_all": 10.4,
            "at_2023_last_all": 10.4
        },
        "latest_eps": 1.96,
        "latest_price": 51,
        "latest_roe": 8.72,
        "latest_gross_margin": 15.83,
        "latest_equity": 74054119,
        "latest_revenue": 18912711,
        "latest_gross_profit": 2994625,
        "latest_net_income": 264483,
        "latest_debt_ratio": 41.72,
        "latest_current_ratio": 138.01,
        "latest_account_receivable_turnover_ratio": 1.21,
        "latest_inventory_turnover_ratio": 2.7,
        "latest_reinvestment_rate": 18.58,
        "latest_research_to_sale_ratio": 4.91
    },
    "eps_dividends": {
        "1991": {
            "cash": 0,
            "stock": 2,
            "eps": 0
        },
        "1992": {
            "cash": 0,
            "stock": 1,
            "eps": 0
        },
        "1993": {
            "cash": 0,
            "stock": 3,
            "eps": 0
        },
        "1994": {
            "cash": 0,
            "stock": 3,
            "eps": 0
        },
        "1995": {
            "cash": 0,
            "stock": 4,
            "eps": 0
        },
        "1996": {
            "cash": 0,
            "stock": 6,
            "eps": 0
        },
        "1997": {
            "cash": 0,
            "stock": 4,
            "eps": 0
        },
        "1998": {
            "cash": 0,
            "stock": 4,
            "eps": 0
        },
        "1999": {
            "cash": 0,
            "stock": 2,
            "eps": 0
        },
        "2000": {
            "cash": 0,
            "stock": 1,
            "eps": 0
        },
        "2001": {
            "cash": 0,
            "stock": 1,
            "eps": -0.62
        },
        "2002": {
            "cash": 0,
            "stock": 0,
            "eps": 0.24
        },
        "2003": {
            "cash": 0,
            "stock": 0,
            "eps": 1.55
        },
        "2004": {
            "cash": 0,
            "stock": 1,
            "eps": 2.22
        },
        "2005": {
            "cash": 1,
            "stock": 1,
            "eps": 3.69
        },
        "2006": {
            "cash": 2,
            "stock": 1,
            "eps": 5.22
        },
        "2007": {
            "cash": 3,
            "stock": 0,
            "eps": 5.91
        },
        "2008": {
            "cash": 5,
            "stock": 0,
            "eps": 2.06
        },
        "2009": {
            "cash": 2,
            "stock": 0,
            "eps": 2.81
        },
        "2010": {
            "cash": 3,
            "stock": 0,
            "eps": 1.81
        },
        "2011": {
            "cash": 2,
            "stock": 0,
            "eps": 1.56
        },
        "2012": {
            "cash": 1,
            "stock": 0,
            "eps": 1.83
        },
        "2013": {
            "cash": 2,
            "stock": 0,
            "eps": 1.9
        },
        "2014": {
            "cash": 2,
            "stock": 0,
            "eps": 3.77
        },
        "2015": {
            "cash": 3,
            "stock": 0,
            "eps": 2.81
        },
        "2016": {
            "cash": 4,
            "stock": 0,
            "eps": 3.18
        },
        "2017": {
            "cash": 2,
            "stock": 0,
            "eps": 2.21
        },
        "2018": {
            "cash": 0,
            "stock": 0,
            "eps": 0.08
        }
    },
    "dividends": {
        "1991-06-24": {
            "cash": 0.3,
            "stock": 2
        },
        "1992-03-20": {
            "cash": 0.3,
            "stock": 1
        },
        "1993-03-22": {
            "cash": 0,
            "stock": 2.5
        },
        "1994-05-06": {
            "cash": 0,
            "stock": 3
        },
        "1995-04-26": {
            "cash": 0,
            "stock": 4
        },
        "1996-04-29": {
            "cash": 0,
            "stock": 6
        },
        "1997-04-22": {
            "cash": 0,
            "stock": 4
        },
        "1998-04-15": {
            "cash": 0,
            "stock": 3.6
        },
        "1999-04-02": {
            "cash": 0,
            "stock": 2.3
        },
        "2000-06-15": {
            "cash": 0,
            "stock": 1.4
        },
        "2001-05-30": {
            "cash": 0,
            "stock": 1.45
        },
        "2004-03-22": {
            "cash": 0.35,
            "stock": 1
        },
        "2005-03-28": {
            "cash": 0.75,
            "stock": 0.8
        },
        "2006-03-23": {
            "cash": 1.66,
            "stock": 0.96
        },
        "2007-03-22": {
            "cash": 3.35,
            "stock": 0.2
        },
        "2008-03-20": {
            "cash": 4.5,
            "stock": 0.1
        },
        "2009-03-19": {
            "cash": 1.8,
            "stock": 0
        },
        "2010-03-25": {
            "cash": 2.58,
            "stock": 0
        },
        "2011-03-24": {
            "cash": 1.62,
            "stock": 0
        },
        "2012-03-21": {
            "cash": 1.42,
            "stock": 0
        },
        "2013-03-21": {
            "cash": 1.67,
            "stock": 0
        },
        "2014-08-13": {
            "cash": 1.8,
            "stock": 0
        },
        "2015-08-21": {
            "cash": 3,
            "stock": 0
        },
        "2016-07-21": {
            "cash": 3.8,
            "stock": 0
        },
        "2017-08-25": {
            "cash": 1.75,
            "stock": 0
        }
    },
    "prices": {
        "200101": "23.30",
        "200102": "28.36",
        "200103": "26.14",
        "200104": "27.14",
        "200105": "23.69",
        "200106": "20.72",
        "200107": "17.60",
        "200108": "19.34",
        "200109": "18.14",
        "200110": "17.78",
        "200111": "21.82",
        "200112": "27.27",
        "200201": "29.81",
        "200202": "26.66",
        "200203": "33.25",
        "200204": "35.96",
        "200205": "29.80",
        "200206": "25.57",
        "200207": "23.05",
        "200208": "19.89",
        "200209": "19.17",
        "200210": "18.33",
        "200211": "19.92",
        "200212": "18.55",
        "200301": "18.13",
        "200302": "16.42",
        "200303": "17.20",
        "200304": "17.40",
        "200305": "17.10",
        "200306": "21.04",
        "200307": "24.23",
        "200308": "26.53",
        "200309": "28.96",
        "200310": "29.65",
        "200311": "35.13",
        "200312": "33.72",
        "200401": "38.65",
        "200402": "37.62",
        "200403": "35.14",
        "200404": "33.96",
        "200405": "25.51",
        "200406": "25.02",
        "200407": "23.65",
        "200408": "23.22",
        "200409": "23.84",
        "200410": "24.15",
        "200411": "26.22",
        "200412": "25.53",
        "200501": "23.93",
        "200502": "27.97",
        "200503": "27.39",
        "200504": "27.73",
        "200505": "28.58",
        "200506": "31.21",
        "200507": "33.50",
        "200508": "31.84",
        "200509": "32.30",
        "200510": "32.26",
        "200511": "32.72",
        "200512": "40.95",
        "200601": "44.81",
        "200602": "43.47",
        "200603": "40.75",
        "200604": "44.73",
        "200605": "43.67",
        "200606": "37.99",
        "200607": "37.55",
        "200608": "37.53",
        "200609": "40.24",
        "200610": "40.86",
        "200611": "46.57",
        "200612": "49.75",
        "200701": "51.58",
        "200702": "56.93",
        "200703": "60.47",
        "200704": "65.04",
        "200705": "66.97",
        "200706": "70.19",
        "200707": "69.84",
        "200708": "62.87",
        "200709": "68.89",
        "200710": "70.48",
        "200711": "58.00",
        "200712": "57.31",
        "200801": "47.75",
        "200802": "50.26",
        "200803": "48.96",
        "200804": "54.23",
        "200805": "51.82",
        "200806": "48.12",
        "200807": "43.18",
        "200808": "42.24",
        "200809": "38.00",
        "200810": "32.00",
        "200811": "28.46",
        "200812": "26.75",
        "200901": "28.47",
        "200902": "29.13",
        "200903": "34.18",
        "200904": "38.75",
        "200905": "42.46",
        "200906": "39.69",
        "200907": "41.56",
        "200908": "41.50",
        "200909": "45.14",
        "200910": "45.87",
        "200911": "44.33",
        "200912": "42.36",
        "201001": "44.18",
        "201002": "39.32",
        "201003": "38.37",
        "201004": "40.28",
        "201005": "36.30",
        "201006": "35.84",
        "201007": "34.38",
        "201008": "31.50",
        "201009": "30.81",
        "201010": "32.58",
        "201011": "32.10",
        "201012": "34.59",
        "201101": "36.62",
        "201102": "39.80",
        "201103": "37.16",
        "201104": "35.72",
        "201105": "38.06",
        "201106": "36.38",
        "201107": "31.49",
        "201108": "25.77",
        "201109": "27.75",
        "201110": "30.47",
        "201111": "28.48",
        "201112": "26.66",
        "201201": "29.69",
        "201202": "33.46",
        "201203": "34.44",
        "201204": "34.60",
        "201205": "32.48",
        "201206": "30.22",
        "201207": "30.45",
        "201208": "33.41",
        "201209": "33.44",
        "201210": "31.56",
        "201211": "29.00",
        "201212": "31.08",
        "201301": "30.84",
        "201302": "31.10",
        "201303": "33.45",
        "201304": "33.40",
        "201305": "35.39",
        "201306": "35.92",
        "201307": "35.38",
        "201308": "33.16",
        "201309": "34.85",
        "201310": "35.80",
        "201311": "34.42",
        "201312": "35.30",
        "201401": "37.01",
        "201402": "37.61",
        "201403": "39.68",
        "201404": "42.44",
        "201405": "45.04",
        "201406": "49.26",
        "201407": "48.44",
        "201408": "43.11",
        "201409": "43.08",
        "201410": "41.02",
        "201411": "44.14",
        "201412": "46.79",
        "201501": "49.38",
        "201502": "54.41",
        "201503": "54.61",
        "201504": "50.85",
        "201505": "50.23",
        "201506": "46.92",
        "201507": "41.97",
        "201508": "35.79",
        "201509": "41.13",
        "201510": "41.82",
        "201511": "44.14",
        "201512": "48.57",
        "201601": "51.88",
        "201602": "51.50",
        "201603": "50.33",
        "201604": "50.32",
        "201605": "47.26",
        "201606": "51.10",
        "201607": "48.25",
        "201608": "48.01",
        "201609": "46.94",
        "201610": "47.50",
        "201611": "47.21",
        "201612": "47.43",
        "201701": "47.71",
        "201702": "48.37",
        "201703": "48.76",
        "201704": "49.34",
        "201705": "49.33",
        "201706": "49.85",
        "201707": "49.91",
        "201708": "48.20",
        "201709": "47.71",
        "201710": "48.29",
        "201711": "48.32",
        "201712": "49.98",
        "201801": "50.28",
        "201802": "50.47",
        "201803": "50.79",
        "201804": "50.89",
        "201805": "無",
        "201806": "無",
        "201807": "無",
        "201808": "無",
        "201809": "無",
        "201810": "無",
        "201811": "無",
        "201812": "無",
        "201901": "無",
        "201902": "無",
        "201903": "無",
        "201904": "無",
        "201905": "無",
        "201906": "無",
        "201907": "無",
        "201908": "無",
        "201909": "無",
        "201910": "無",
        "201911": "無",
        "201912": "無",
        "202001": "無",
        "202002": "無",
        "202003": "無",
        "202004": "無",
        "202005": "無",
        "202006": "無",
        "202007": "無",
        "202008": "無",
        "202009": "無",
        "202010": "無",
        "202011": "無",
        "202012": "無",
        "202101": "無",
        "202102": "無",
        "202103": "無",
        "202104": "無",
        "202105": "無",
        "202106": "無",
        "202107": "無",
        "202108": "無",
        "202109": "無",
        "202110": "無",
        "202111": "無",
        "202112": "無",
        "202201": "無",
        "202202": "無",
        "202203": "無",
        "202204": "無",
        "202205": "無",
        "202206": "無",
        "202207": "無",
        "202208": "無",
        "202209": "無",
        "202210": "無",
        "202211": "無",
        "202212": "無",
        "202301": "無",
        "202302": "無",
        "202303": "無",
        "202304": "無",
        "202305": "無"
    },
    "quarters": {
        "20011": {
            "year_quarter": 20011,
            "year": 2001,
            "quarter": 1,
            "eps": 0.24,
            "eps_growth_year": -36.84,
            "eps_4q": 1.98,
            "eps_4q_growth_year": 26.88,
            "roe": 1.36,
            "gross_profit": 638371,
            "gross_margin": 14.01,
            "net_income": 384631,
            "revenue": 4557745,
            "common_shares": 16235946,
            "equity": 28856064,
            "current_ratio": 373.72,
            "debt_ratio": 31.93,
            "inventory_turnover_ratio": 2.55,
            "account_receivable_turnover_ratio": null,
            "reinvestment_rate": null,
            "research_to_sale_ratio": null,
            "price_fair": 0,
            "eps_avg_yearly": 0,
            "eps_latest_yearly": 0,
            "eps_growth_yearly": 0
        },
        "20012": {
            "year_quarter": 20012,
            "year": 2001,
            "quarter": 2,
            "eps": -0.13,
            "eps_growth_year": -114.13,
            "eps_4q": 1.17,
            "eps_4q_growth_year": -39.14,
            "roe": -0.75,
            "gross_profit": 157339,
            "gross_margin": 4.52,
            "net_income": -215450,
            "revenue": 3480036,
            "common_shares": 16235946,
            "equity": 28466854,
            "current_ratio": 386.44,
            "debt_ratio": 31.88,
            "inventory_turnover_ratio": 2.37,
            "account_receivable_turnover_ratio": null,
            "reinvestment_rate": null,
            "research_to_sale_ratio": null,
            "price_fair": 0,
            "eps_avg_yearly": 0,
            "eps_latest_yearly": 0,
            "eps_growth_yearly": 0
        },
        "20013": {
            "year_quarter": 20013,
            "year": 2001,
            "quarter": 3,
            "eps": -0.09,
            "eps_growth_year": -114.29,
            "eps_4q": 0.47,
            "eps_4q_growth_year": -76.77,
            "roe": -0.58,
            "gross_profit": 235103,
            "gross_margin": 6.18,
            "net_income": -160747,
            "revenue": 3804587,
            "common_shares": 18851737,
            "equity": 27404351,
            "current_ratio": 228.62,
            "debt_ratio": 35.64,
            "inventory_turnover_ratio": 2.75,
            "account_receivable_turnover_ratio": null,
            "reinvestment_rate": null,
            "research_to_sale_ratio": null,
            "price_fair": 0,
            "eps_avg_yearly": 0,
            "eps_latest_yearly": 0,
            "eps_growth_yearly": 0
        },
        "20014": {
            "year_quarter": 20014,
            "year": 2001,
            "quarter": 4,
            "eps": -0.64,
            "eps_growth_year": -201.59,
            "eps_4q": -0.63,
            "eps_4q_growth_year": -127.27,
            "roe": -4.46,
            "gross_profit": 390080,
            "gross_margin": 8.32,
            "net_income": -1191645,
            "revenue": 4688026,
            "common_shares": 18851737,
            "equity": 26046390,
            "current_ratio": 205.7,
            "debt_ratio": 38.81,
            "inventory_turnover_ratio": 3.23,
            "account_receivable_turnover_ratio": null,
            "reinvestment_rate": null,
            "research_to_sale_ratio": null,
            "price_fair": 0,
            "eps_avg_yearly": 0,
            "eps_latest_yearly": 0,
            "eps_growth_yearly": 0
        },
        "20021": {
            "year_quarter": 20021,
            "year": 2002,
            "quarter": 1,
            "eps": 0.09,
            "eps_growth_year": -62.5,
            "eps_4q": -0.82,
            "eps_4q_growth_year": -141.23,
            "roe": 0.6,
            "gross_profit": 552581,
            "gross_margin": 10.52,
            "net_income": 155691,
            "revenue": 5251620,
            "common_shares": 18851737,
            "equity": 26201902,
            "current_ratio": 320.03,
            "debt_ratio": 48.51,
            "inventory_turnover_ratio": 3.27,
            "account_receivable_turnover_ratio": null,
            "reinvestment_rate": null,
            "research_to_sale_ratio": null,
            "price_fair": 0,
            "eps_avg_yearly": 0,
            "eps_latest_yearly": 0,
            "eps_growth_yearly": 0
        },
        "20022": {
            "year_quarter": 20022,
            "year": 2002,
            "quarter": 2,
            "eps": 0.1,
            "eps_growth_year": null,
            "eps_4q": -0.55,
            "eps_4q_growth_year": -146.6,
            "roe": 0.7,
            "gross_profit": 545407,
            "gross_margin": 10.1,
            "net_income": 184948,
            "revenue": 5397967,
            "common_shares": 18851737,
            "equity": 26327818,
            "current_ratio": 228.65,
            "debt_ratio": 43.46,
            "inventory_turnover_ratio": 3.17,
            "account_receivable_turnover_ratio": null,
            "reinvestment_rate": null,
            "research_to_sale_ratio": null,
            "price_fair": 14,
            "eps_avg_yearly": 0.4,
            "eps_latest_yearly": 0.4,
            "eps_growth_yearly": 44.44
        },
        "20023": {
            "year_quarter": 20023,
            "year": 2002,
            "quarter": 3,
            "eps": 0.02,
            "eps_growth_year": null,
            "eps_4q": -0.47,
            "eps_4q_growth_year": -199.36,
            "roe": 0.13,
            "gross_profit": 464279,
            "gross_margin": 8.43,
            "net_income": 34996,
            "revenue": 5510478,
            "common_shares": 18851737,
            "equity": 26165870,
            "current_ratio": 219,
            "debt_ratio": 43.1,
            "inventory_turnover_ratio": 3.15,
            "account_receivable_turnover_ratio": null,
            "reinvestment_rate": null,
            "research_to_sale_ratio": null,
            "price_fair": 0.72,
            "eps_avg_yearly": 0.24,
            "eps_latest_yearly": 0.08,
            "eps_growth_yearly": -137.78
        },
        "20024": {
            "year_quarter": 20024,
            "year": 2002,
            "quarter": 4,
            "eps": 0.03,
            "eps_growth_year": null,
            "eps_4q": 0.26,
            "eps_4q_growth_year": null,
            "roe": 0.19,
            "gross_profit": 526328,
            "gross_margin": 8.57,
            "net_income": 49560,
            "revenue": 6138465,
            "common_shares": 18851737,
            "equity": 26178552,
            "current_ratio": 216.78,
            "debt_ratio": 43.38,
            "inventory_turnover_ratio": 3.76,
            "account_receivable_turnover_ratio": null,
            "reinvestment_rate": 428.79,
            "research_to_sale_ratio": null,
            "price_fair": 0.6,
            "eps_avg_yearly": 0.2,
            "eps_latest_yearly": 0.12,
            "eps_growth_yearly": -25.19
        },
        "20031": {
            "year_quarter": 20031,
            "year": 2003,
            "quarter": 1,
            "eps": -0.16,
            "eps_growth_year": -277.78,
            "eps_4q": -0.01,
            "eps_4q_growth_year": null,
            "roe": -1.14,
            "gross_profit": 517356,
            "gross_margin": 9.24,
            "net_income": -295487,
            "revenue": 5600932,
            "common_shares": 18851737,
            "equity": 25684131,
            "current_ratio": 203.11,
            "debt_ratio": 43.44,
            "inventory_turnover_ratio": 3.74,
            "account_receivable_turnover_ratio": null,
            "reinvestment_rate": 477.86,
            "research_to_sale_ratio": null,
            "price_fair": 0.6,
            "eps_avg_yearly": 0.2,
            "eps_latest_yearly": 0.12,
            "eps_growth_yearly": -25.19
        },
        "20032": {
            "year_quarter": 20032,
            "year": 2003,
            "quarter": 2,
            "eps": 0.35,
            "eps_growth_year": 250,
            "eps_4q": 0.23,
            "eps_4q_growth_year": null,
            "roe": 2.43,
            "gross_profit": 946127,
            "gross_margin": 14.48,
            "net_income": 638963,
            "revenue": 6533281,
            "common_shares": 18851737,
            "equity": 26828339,
            "current_ratio": 200.03,
            "debt_ratio": 41.7,
            "inventory_turnover_ratio": 3.94,
            "account_receivable_turnover_ratio": null,
            "reinvestment_rate": 460.3,
            "research_to_sale_ratio": null,
            "price_fair": 0.6,
            "eps_avg_yearly": 0.2,
            "eps_latest_yearly": 0.12,
            "eps_growth_yearly": -25.19
        },
        "20033": {
            "year_quarter": 20033,
            "year": 2003,
            "quarter": 3,
            "eps": 0.61,
            "eps_growth_year": 2950,
            "eps_4q": 0.83,
            "eps_4q_growth_year": null,
            "roe": 4.04,
            "gross_profit": 1324108,
            "gross_margin": 18.39,
            "net_income": 1114116,
            "revenue": 7200276,
            "common_shares": 18851737,
            "equity": 28311338,
            "current_ratio": 105.31,
            "debt_ratio": 40.19,
            "inventory_turnover_ratio": 3.85,
            "account_receivable_turnover_ratio": null,
            "reinvestment_rate": 347.67,
            "research_to_sale_ratio": null,
            "price_fair": 26.6,
            "eps_avg_yearly": 0.76,
            "eps_latest_yearly": 2.44,
            "eps_growth_yearly": 55.4
        },
        "20034": {
            "year_quarter": 20034,
            "year": 2003,
            "quarter": 4,
            "eps": 0.75,
            "eps_growth_year": 2400,
            "eps_4q": 1.54,
            "eps_4q_growth_year": 498.92,
            "roe": 4.76,
            "gross_profit": 1361567,
            "gross_margin": 16.92,
            "net_income": 1381124,
            "revenue": 8048436,
            "common_shares": 18851737,
            "equity": 29698209,
            "current_ratio": 129.55,
            "debt_ratio": 45.67,
            "inventory_turnover_ratio": 3.87,
            "account_receivable_turnover_ratio": null,
            "reinvestment_rate": 272.94,
            "research_to_sale_ratio": null,
            "price_fair": 42.28,
            "eps_avg_yearly": 1.21,
            "eps_latest_yearly": 3,
            "eps_growth_yearly": 62.68
        },
        "20041": {
            "year_quarter": 20041,
            "year": 2004,
            "quarter": 1,
            "eps": 0.75,
            "eps_growth_year": null,
            "eps_4q": 2.42,
            "eps_4q_growth_year": null,
            "roe": 4.59,
            "gross_profit": 1559188,
            "gross_margin": 18.9,
            "net_income": 1404213,
            "revenue": 8247694,
            "common_shares": 18945758,
            "equity": 31522663,
            "current_ratio": 134.69,
            "debt_ratio": 46.28,
            "inventory_turnover_ratio": 3.39,
            "account_receivable_turnover_ratio": null,
            "reinvestment_rate": 230.48,
            "research_to_sale_ratio": null,
            "price_fair": 52.73,
            "eps_avg_yearly": 1.51,
            "eps_latest_yearly": 3,
            "eps_growth_yearly": 52.23
        },
        "20042": {
            "year_quarter": 20042,
            "year": 2004,
            "quarter": 2,
            "eps": 0.78,
            "eps_growth_year": 122.86,
            "eps_4q": 2.87,
            "eps_4q_growth_year": 1125.07,
            "roe": 4.56,
            "gross_profit": 1684373,
            "gross_margin": 19.33,
            "net_income": 1453697,
            "revenue": 8712406,
            "common_shares": 18945758,
            "equity": 32173592,
            "current_ratio": 183.42,
            "debt_ratio": 47.65,
            "inventory_turnover_ratio": 3.28,
            "account_receivable_turnover_ratio": null,
            "reinvestment_rate": 217.68,
            "research_to_sale_ratio": null,
            "price_fair": 60.8,
            "eps_avg_yearly": 1.74,
            "eps_latest_yearly": 3.12,
            "eps_growth_yearly": 47.06
        },
        "20043": {
            "year_quarter": 20043,
            "year": 2004,
            "quarter": 3,
            "eps": 0.53,
            "eps_growth_year": -13.11,
            "eps_4q": 2.59,
            "eps_4q_growth_year": 214.43,
            "roe": 3.32,
            "gross_profit": 1687083,
            "gross_margin": 18.86,
            "net_income": 1088154,
            "revenue": 8945679,
            "common_shares": 21050731,
            "equity": 33282107,
            "current_ratio": 253.06,
            "debt_ratio": 43.37,
            "inventory_turnover_ratio": 3.47,
            "account_receivable_turnover_ratio": null,
            "reinvestment_rate": 194.56,
            "research_to_sale_ratio": null,
            "price_fair": 62.48,
            "eps_avg_yearly": 1.79,
            "eps_latest_yearly": 2.12,
            "eps_growth_yearly": 25.15
        },
        "20044": {
            "year_quarter": 20044,
            "year": 2004,
            "quarter": 4,
            "eps": 0.16,
            "eps_growth_year": -78.67,
            "eps_4q": 2.04,
            "eps_4q_growth_year": 32.24,
            "roe": 1.01,
            "gross_profit": 1522233,
            "gross_margin": 16.72,
            "net_income": 336113,
            "revenue": 9103256,
            "common_shares": 21050731,
            "equity": 33493043,
            "current_ratio": 253.45,
            "debt_ratio": 43.2,
            "inventory_turnover_ratio": 3.86,
            "account_receivable_turnover_ratio": null,
            "reinvestment_rate": 92.8,
            "research_to_sale_ratio": null,
            "price_fair": 4.97,
            "eps_avg_yearly": 1.66,
            "eps_latest_yearly": 0.64,
            "eps_growth_yearly": -8.67
        },
        "20051": {
            "year_quarter": 20051,
            "year": 2005,
            "quarter": 1,
            "eps": 0.57,
            "eps_growth_year": -24,
            "eps_4q": 1.94,
            "eps_4q_growth_year": -19.89,
            "roe": 3.5,
            "gross_profit": 1182280,
            "gross_margin": 14.81,
            "net_income": 1195808,
            "revenue": 7981790,
            "common_shares": 21111226,
            "equity": 34772500,
            "current_ratio": 407.61,
            "debt_ratio": 37.32,
            "inventory_turnover_ratio": 3.74,
            "account_receivable_turnover_ratio": null,
            "reinvestment_rate": 50.73,
            "research_to_sale_ratio": null,
            "price_fair": 60.2,
            "eps_avg_yearly": 1.72,
            "eps_latest_yearly": 2.28,
            "eps_growth_yearly": 94.69
        },
        "20052": {
            "year_quarter": 20052,
            "year": 2005,
            "quarter": 2,
            "eps": 0.61,
            "eps_growth_year": -21.79,
            "eps_4q": 1.85,
            "eps_4q_growth_year": -35.69,
            "roe": 3.74,
            "gross_profit": 1636528,
            "gross_margin": 18.1,
            "net_income": 1291950,
            "revenue": 9040455,
            "common_shares": 21144393,
            "equity": 34323407,
            "current_ratio": 230.78,
            "debt_ratio": 42.47,
            "inventory_turnover_ratio": 3.93,
            "account_receivable_turnover_ratio": null,
            "reinvestment_rate": 55.1,
            "research_to_sale_ratio": null,
            "price_fair": 62.49,
            "eps_avg_yearly": 1.79,
            "eps_latest_yearly": 2.44,
            "eps_growth_yearly": 88.64
        },
        "20053": {
            "year_quarter": 20053,
            "year": 2005,
            "quarter": 3,
            "eps": 0.93,
            "eps_growth_year": 75.47,
            "eps_4q": 2.16,
            "eps_4q_growth_year": -16.66,
            "roe": 5.99,
            "gross_profit": 2628470,
            "gross_margin": 22.8,
            "net_income": 2130917,
            "revenue": 11528913,
            "common_shares": 23152325,
            "equity": 36777655,
            "current_ratio": 229.97,
            "debt_ratio": 39.99,
            "inventory_turnover_ratio": 3.89,
            "account_receivable_turnover_ratio": null,
            "reinvestment_rate": 54.62,
            "research_to_sale_ratio": null,
            "price_fair": 68.13,
            "eps_avg_yearly": 1.95,
            "eps_latest_yearly": 3.72,
            "eps_growth_yearly": 98.74
        },
        "20054": {
            "year_quarter": 20054,
            "year": 2005,
            "quarter": 4,
            "eps": 1.58,
            "eps_growth_year": 887.5,
            "eps_4q": 3.59,
            "eps_4q_growth_year": 76.26,
            "roe": 9.34,
            "gross_profit": 4156770,
            "gross_margin": 28.62,
            "net_income": 3625227,
            "revenue": 14526409,
            "common_shares": 23289193,
            "equity": 40825007,
            "current_ratio": 234.94,
            "debt_ratio": 39.23,
            "inventory_turnover_ratio": 3.94,
            "account_receivable_turnover_ratio": null,
            "reinvestment_rate": 48,
            "research_to_sale_ratio": null,
            "price_fair": 79.91,
            "eps_avg_yearly": 2.28,
            "eps_latest_yearly": 6.32,
            "eps_growth_yearly": 112.65
        },
        "20061": {
            "year_quarter": 20061,
            "year": 2006,
            "quarter": 1,
            "eps": 1.18,
            "eps_growth_year": 107.02,
            "eps_4q": 4.13,
            "eps_4q_growth_year": 112.44,
            "roe": 5.98,
            "gross_profit": 3604505,
            "gross_margin": 26.82,
            "net_income": 2823890,
            "revenue": 13439341,
            "common_shares": 24141992,
            "equity": 53569996,
            "current_ratio": 176.42,
            "debt_ratio": 29.72,
            "inventory_turnover_ratio": 3.52,
            "account_receivable_turnover_ratio": null,
            "reinvestment_rate": 37.98,
            "research_to_sale_ratio": null,
            "price_fair": 86,
            "eps_avg_yearly": 2.46,
            "eps_latest_yearly": 4.72,
            "eps_growth_yearly": 97.37
        },
        "20062": {
            "year_quarter": 20062,
            "year": 2006,
            "quarter": 2,
            "eps": 1.45,
            "eps_growth_year": 137.7,
            "eps_4q": 5.01,
            "eps_4q_growth_year": 171.37,
            "roe": 6.57,
            "gross_profit": 3515495,
            "gross_margin": 25.77,
            "net_income": 3492282,
            "revenue": 13640499,
            "common_shares": 25062567,
            "equity": 52690600,
            "current_ratio": 176.28,
            "debt_ratio": 30.52,
            "inventory_turnover_ratio": 3.51,
            "account_receivable_turnover_ratio": null,
            "reinvestment_rate": 33.33,
            "research_to_sale_ratio": null,
            "price_fair": 99.5,
            "eps_avg_yearly": 2.84,
            "eps_latest_yearly": 5.8,
            "eps_growth_yearly": 100.73
        },
        "20063": {
            "year_quarter": 20063,
            "year": 2006,
            "quarter": 3,
            "eps": 1.16,
            "eps_growth_year": 24.73,
            "eps_4q": 4.84,
            "eps_4q_growth_year": 123.69,
            "roe": 5.79,
            "gross_profit": 3965457,
            "gross_margin": 27.15,
            "net_income": 3136166,
            "revenue": 14607882,
            "common_shares": 27768883,
            "equity": 55633775,
            "current_ratio": 191.53,
            "debt_ratio": 25.8,
            "inventory_turnover_ratio": 3.61,
            "account_receivable_turnover_ratio": null,
            "reinvestment_rate": 32.85,
            "research_to_sale_ratio": null,
            "price_fair": 110.9,
            "eps_avg_yearly": 3.17,
            "eps_latest_yearly": 4.64,
            "eps_growth_yearly": 117.87
        },
        "20064": {
            "year_quarter": 20064,
            "year": 2006,
            "quarter": 4,
            "eps": 1.43,
            "eps_growth_year": -9.49,
            "eps_4q": 4.92,
            "eps_4q_growth_year": 36.84,
            "roe": 6.54,
            "gross_profit": 4191816,
            "gross_margin": 28.58,
            "net_income": 3876731,
            "revenue": 14665868,
            "common_shares": 28877574,
            "equity": 62936213,
            "current_ratio": 288.11,
            "debt_ratio": 20.33,
            "inventory_turnover_ratio": 3.65,
            "account_receivable_turnover_ratio": null,
            "reinvestment_rate": 34.69,
            "research_to_sale_ratio": null,
            "price_fair": 124.9,
            "eps_avg_yearly": 3.57,
            "eps_latest_yearly": 5.72,
            "eps_growth_yearly": 110.24
        },
        "20071": {
            "year_quarter": 20071,
            "year": 2007,
            "quarter": 1,
            "eps": 1.33,
            "eps_growth_year": 12.71,
            "eps_4q": 4.98,
            "eps_4q_growth_year": 20.61,
            "roe": 5.81,
            "gross_profit": 3806466,
            "gross_margin": 27.68,
            "net_income": 3832948,
            "revenue": 13750997,
            "common_shares": 29424577,
            "equity": 69017268,
            "current_ratio": 321.75,
            "debt_ratio": 16.78,
            "inventory_turnover_ratio": 3.72,
            "account_receivable_turnover_ratio": null,
            "reinvestment_rate": 27.06,
            "research_to_sale_ratio": null,
            "price_fair": 128.99,
            "eps_avg_yearly": 3.69,
            "eps_latest_yearly": 5.32,
            "eps_growth_yearly": 101.02
        },
        "20072": {
            "year_quarter": 20072,
            "year": 2007,
            "quarter": 2,
            "eps": 1.32,
            "eps_growth_year": -8.97,
            "eps_4q": 5.06,
            "eps_4q_growth_year": 0.91,
            "roe": 5.77,
            "gross_profit": 4639938,
            "gross_margin": 30.46,
            "net_income": 3830014,
            "revenue": 15233345,
            "common_shares": 29739667,
            "equity": 63834986,
            "current_ratio": 176.01,
            "debt_ratio": 27.87,
            "inventory_turnover_ratio": 3.93,
            "account_receivable_turnover_ratio": null,
            "reinvestment_rate": 30.95,
            "research_to_sale_ratio": null,
            "price_fair": 132.48,
            "eps_avg_yearly": 3.79,
            "eps_latest_yearly": 5.28,
            "eps_growth_yearly": 94.52
        },
        "20073": {
            "year_quarter": 20073,
            "year": 2007,
            "quarter": 3,
            "eps": 1.68,
            "eps_growth_year": 44.83,
            "eps_4q": 5.51,
            "eps_4q_growth_year": 13.99,
            "roe": 7.74,
            "gross_profit": 5684089,
            "gross_margin": 31.74,
            "net_income": 5056727,
            "revenue": 17909274,
            "common_shares": 30726442,
            "equity": 66825454,
            "current_ratio": 274.13,
            "debt_ratio": 18.85,
            "inventory_turnover_ratio": 4.11,
            "account_receivable_turnover_ratio": null,
            "reinvestment_rate": 34.48,
            "research_to_sale_ratio": null,
            "price_fair": 141.84,
            "eps_avg_yearly": 4.05,
            "eps_latest_yearly": 6.72,
            "eps_growth_yearly": 82.77
        },
        "20074": {
            "year_quarter": 20074,
            "year": 2007,
            "quarter": 4,
            "eps": 1.58,
            "eps_growth_year": 10.49,
            "eps_4q": 5.79,
            "eps_4q_growth_year": 17.83,
            "roe": 7.03,
            "gross_profit": 5048258,
            "gross_margin": 28.47,
            "net_income": 4769662,
            "revenue": 17728794,
            "common_shares": 30734245,
            "equity": 68908154,
            "current_ratio": 292.72,
            "debt_ratio": 19.66,
            "inventory_turnover_ratio": 3.89,
            "account_receivable_turnover_ratio": null,
            "reinvestment_rate": 32.81,
            "research_to_sale_ratio": null,
            "price_fair": 149.1,
            "eps_avg_yearly": 4.26,
            "eps_latest_yearly": 6.32,
            "eps_growth_yearly": 75.54
        },
        "20081": {
            "year_quarter": 20081,
            "year": 2008,
            "quarter": 1,
            "eps": 0.58,
            "eps_growth_year": -56.39,
            "eps_4q": 5.1,
            "eps_4q_growth_year": 2.48,
            "roe": 2.53,
            "gross_profit": 3118839,
            "gross_margin": 20.32,
            "net_income": 1752956,
            "revenue": 15349912,
            "common_shares": 30746975,
            "equity": 69425948,
            "current_ratio": 286.58,
            "debt_ratio": 19.82,
            "inventory_turnover_ratio": 3.68,
            "account_receivable_turnover_ratio": null,
            "reinvestment_rate": 33.49,
            "research_to_sale_ratio": null,
            "price_fair": 147.61,
            "eps_avg_yearly": 4.22,
            "eps_latest_yearly": 2.32,
            "eps_growth_yearly": 59.72
        },
        "20082": {
            "year_quarter": 20082,
            "year": 2008,
            "quarter": 2,
            "eps": 0.79,
            "eps_growth_year": -40.15,
            "eps_4q": 4.59,
            "eps_4q_growth_year": -9.27,
            "roe": 3.84,
            "gross_profit": 3291283,
            "gross_margin": 20.19,
            "net_income": 2407890,
            "revenue": 16300183,
            "common_shares": 30746975,
            "equity": 56102229,
            "current_ratio": 145.5,
            "debt_ratio": 36.09,
            "inventory_turnover_ratio": 4.11,
            "account_receivable_turnover_ratio": null,
            "reinvestment_rate": 32.46,
            "research_to_sale_ratio": null,
            "price_fair": 147.7,
            "eps_avg_yearly": 4.22,
            "eps_latest_yearly": 3.16,
            "eps_growth_yearly": 67.77
        },
        "20083": {
            "year_quarter": 20083,
            "year": 2008,
            "quarter": 3,
            "eps": 1.02,
            "eps_growth_year": -39.29,
            "eps_4q": 3.88,
            "eps_4q_growth_year": -29.65,
            "roe": 5.55,
            "gross_profit": 4088904,
            "gross_margin": 22.96,
            "net_income": 3186263,
            "revenue": 17807919,
            "common_shares": 31525899,
            "equity": 58748217,
            "current_ratio": 211.4,
            "debt_ratio": 23.54,
            "inventory_turnover_ratio": 4.39,
            "account_receivable_turnover_ratio": null,
            "reinvestment_rate": 29.95,
            "research_to_sale_ratio": null,
            "price_fair": 151.99,
            "eps_avg_yearly": 4.34,
            "eps_latest_yearly": 4.08,
            "eps_growth_yearly": 83.06
        },
        "20084": {
            "year_quarter": 20084,
            "year": 2008,
            "quarter": 4,
            "eps": -0.33,
            "eps_growth_year": -120.89,
            "eps_4q": 2.03,
            "eps_4q_growth_year": -64.96,
            "roe": -1.75,
            "gross_profit": 2450407,
            "gross_margin": 18.93,
            "net_income": -1033579,
            "revenue": 12944920,
            "common_shares": 31525899,
            "equity": 59314121,
            "current_ratio": 258.42,
            "debt_ratio": 19.17,
            "inventory_turnover_ratio": 3.82,
            "account_receivable_turnover_ratio": 3.53,
            "reinvestment_rate": 25.68,
            "research_to_sale_ratio": null,
            "price_fair": 160.63,
            "eps_avg_yearly": 4.59,
            "eps_latest_yearly": 4.08,
            "eps_growth_yearly": 107.22
        },
        "20091": {
            "year_quarter": 20091,
            "year": 2009,
            "quarter": 1,
            "eps": 0.08,
            "eps_growth_year": -86.21,
            "eps_4q": 1.47,
            "eps_4q_growth_year": -71.1,
            "roe": 0.44,
            "gross_profit": 849362,
            "gross_margin": 8.83,
            "net_income": 261785,
            "revenue": 9619285,
            "common_shares": 31525899,
            "equity": 60146909,
            "current_ratio": 321.68,
            "debt_ratio": 16.31,
            "inventory_turnover_ratio": 3.95,
            "account_receivable_turnover_ratio": 1.3,
            "reinvestment_rate": 25.34,
            "research_to_sale_ratio": null,
            "price_fair": 166.4,
            "eps_avg_yearly": 4.75,
            "eps_latest_yearly": 4.08,
            "eps_growth_yearly": 41.66
        },
        "20092": {
            "year_quarter": 20092,
            "year": 2009,
            "quarter": 2,
            "eps": 0.53,
            "eps_growth_year": -32.91,
            "eps_4q": 1.3,
            "eps_4q_growth_year": -71.7,
            "roe": 2.85,
            "gross_profit": 3022199,
            "gross_margin": 20.59,
            "net_income": 1664305,
            "revenue": 14680980,
            "common_shares": 31525899,
            "equity": 56473473,
            "current_ratio": 190.5,
            "debt_ratio": 24.49,
            "inventory_turnover_ratio": 5.08,
            "account_receivable_turnover_ratio": 1.6,
            "reinvestment_rate": 19.27,
            "research_to_sale_ratio": null,
            "price_fair": 165.6,
            "eps_avg_yearly": 4.73,
            "eps_latest_yearly": 2.12,
            "eps_growth_yearly": 200.37
        },
        "20093": {
            "year_quarter": 20093,
            "year": 2009,
            "quarter": 3,
            "eps": 0.82,
            "eps_growth_year": -19.61,
            "eps_4q": 1.11,
            "eps_4q_growth_year": -71.49,
            "roe": 4.39,
            "gross_profit": 4048469,
            "gross_margin": 23.18,
            "net_income": 2561127,
            "revenue": 17466474,
            "common_shares": 31163611,
            "equity": 60148239,
            "current_ratio": 226.4,
            "debt_ratio": 20.56,
            "inventory_turnover_ratio": 4.82,
            "account_receivable_turnover_ratio": 1.49,
            "reinvestment_rate": 17.08,
            "research_to_sale_ratio": null,
            "price_fair": 164.5,
            "eps_avg_yearly": 4.7,
            "eps_latest_yearly": 3.28,
            "eps_growth_yearly": 201.02
        },
        "20094": {
            "year_quarter": 20094,
            "year": 2009,
            "quarter": 4,
            "eps": 1.38,
            "eps_growth_year": null,
            "eps_4q": 2.82,
            "eps_4q_growth_year": 38.94,
            "roe": 6.98,
            "gross_profit": 3522790,
            "gross_margin": 20.1,
            "net_income": 4302612,
            "revenue": 17527853,
            "common_shares": 31163611,
            "equity": 63081226,
            "current_ratio": 239.81,
            "debt_ratio": 19.45,
            "inventory_turnover_ratio": 4.64,
            "account_receivable_turnover_ratio": 3.09,
            "reinvestment_rate": 30.14,
            "research_to_sale_ratio": null,
            "price_fair": 162.5,
            "eps_avg_yearly": 4.64,
            "eps_latest_yearly": 5.52,
            "eps_growth_yearly": 200.56
        },
        "20101": {
            "year_quarter": 20101,
            "year": 2010,
            "quarter": 1,
            "eps": 0.49,
            "eps_growth_year": 512.5,
            "eps_4q": 3.22,
            "eps_4q_growth_year": 118.65,
            "roe": 2.38,
            "gross_profit": 2513281,
            "gross_margin": 16.02,
            "net_income": 1513611,
            "revenue": 15688515,
            "common_shares": 31163611,
            "equity": 64315233,
            "current_ratio": 230.48,
            "debt_ratio": 20.07,
            "inventory_turnover_ratio": 4.32,
            "account_receivable_turnover_ratio": 1.42,
            "reinvestment_rate": 34.32,
            "research_to_sale_ratio": 2.09,
            "price_fair": 155.6,
            "eps_avg_yearly": 4.45,
            "eps_latest_yearly": 1.96,
            "eps_growth_yearly": 189.37
        },
        "20102": {
            "year_quarter": 20102,
            "year": 2010,
            "quarter": 2,
            "eps": 0.48,
            "eps_growth_year": -8.6,
            "eps_4q": 3.17,
            "eps_4q_growth_year": 144.26,
            "roe": 2.46,
            "gross_profit": 2774341,
            "gross_margin": 16.93,
            "net_income": 1509646,
            "revenue": 16386717,
            "common_shares": 31163611,
            "equity": 58620874,
            "current_ratio": 153.82,
            "debt_ratio": 30.04,
            "inventory_turnover_ratio": 4.2,
            "account_receivable_turnover_ratio": 1.48,
            "reinvestment_rate": 40.4,
            "research_to_sale_ratio": 2.28,
            "price_fair": 145.9,
            "eps_avg_yearly": 4.17,
            "eps_latest_yearly": 1.92,
            "eps_growth_yearly": 182.24
        },
        "20103": {
            "year_quarter": 20103,
            "year": 2010,
            "quarter": 3,
            "eps": 0.48,
            "eps_growth_year": -41.7,
            "eps_4q": 2.83,
            "eps_4q_growth_year": 155.83,
            "roe": 2.5,
            "gross_profit": 2321612,
            "gross_margin": 14.24,
            "net_income": 1489787,
            "revenue": 16303253,
            "common_shares": 31163611,
            "equity": 60557052,
            "current_ratio": 157.5,
            "debt_ratio": 23.14,
            "inventory_turnover_ratio": 4.23,
            "account_receivable_turnover_ratio": 1.46,
            "reinvestment_rate": 52.16,
            "research_to_sale_ratio": 2.55,
            "price_fair": 139.1,
            "eps_avg_yearly": 3.97,
            "eps_latest_yearly": 1.92,
            "eps_growth_yearly": 187.96
        },
        "20104": {
            "year_quarter": 20104,
            "year": 2010,
            "quarter": 4,
            "eps": 0.36,
            "eps_growth_year": -74.1,
            "eps_4q": 1.81,
            "eps_4q_growth_year": -35.98,
            "roe": 1.83,
            "gross_profit": 2206972,
            "gross_margin": 14.26,
            "net_income": 1113863,
            "revenue": 15478985,
            "common_shares": 31163611,
            "equity": 61296181,
            "current_ratio": 188.54,
            "debt_ratio": 25.75,
            "inventory_turnover_ratio": 3.93,
            "account_receivable_turnover_ratio": 1.51,
            "reinvestment_rate": 40.72,
            "research_to_sale_ratio": 2.71,
            "price_fair": 128.4,
            "eps_avg_yearly": 3.67,
            "eps_latest_yearly": 1.44,
            "eps_growth_yearly": 174.17
        },
        "20111": {
            "year_quarter": 20111,
            "year": 2011,
            "quarter": 1,
            "eps": 0.34,
            "eps_growth_year": -30.61,
            "eps_4q": 1.66,
            "eps_4q_growth_year": -48.38,
            "roe": 1.73,
            "gross_profit": 2194917,
            "gross_margin": 15.17,
            "net_income": 1070068,
            "revenue": 14467119,
            "common_shares": 31163611,
            "equity": 62127286,
            "current_ratio": 197.05,
            "debt_ratio": 23.84,
            "inventory_turnover_ratio": 3.48,
            "account_receivable_turnover_ratio": 1.45,
            "reinvestment_rate": 49.95,
            "research_to_sale_ratio": 3.15,
            "price_fair": 118.5,
            "eps_avg_yearly": 3.39,
            "eps_latest_yearly": 1.36,
            "eps_growth_yearly": 174.58
        },
        "20112": {
            "year_quarter": 20112,
            "year": 2011,
            "quarter": 2,
            "eps": 0.36,
            "eps_growth_year": -25.51,
            "eps_4q": 1.54,
            "eps_4q_growth_year": -51.47,
            "roe": 1.87,
            "gross_profit": 2301907,
            "gross_margin": 15.62,
            "net_income": 1124581,
            "revenue": 14735496,
            "common_shares": 31163611,
            "equity": 58231259,
            "current_ratio": 145.28,
            "debt_ratio": 30.32,
            "inventory_turnover_ratio": 3.36,
            "account_receivable_turnover_ratio": 1.45,
            "reinvestment_rate": 51.84,
            "research_to_sale_ratio": 3.35,
            "price_fair": 108.9,
            "eps_avg_yearly": 3.11,
            "eps_latest_yearly": 1.44,
            "eps_growth_yearly": 176.47
        },
        "20113": {
            "year_quarter": 20113,
            "year": 2011,
            "quarter": 3,
            "eps": 0.48,
            "eps_growth_year": -0.02,
            "eps_4q": 1.55,
            "eps_4q_growth_year": -45.11,
            "roe": 2.52,
            "gross_profit": 2482059,
            "gross_margin": 15.2,
            "net_income": 1471290,
            "revenue": 16324530,
            "common_shares": 31163611,
            "equity": 58326847,
            "current_ratio": 187.36,
            "debt_ratio": 31.82,
            "inventory_turnover_ratio": 3.3,
            "account_receivable_turnover_ratio": 1.47,
            "reinvestment_rate": 48.59,
            "research_to_sale_ratio": 3.12,
            "price_fair": 96.9,
            "eps_avg_yearly": 2.77,
            "eps_latest_yearly": 1.92,
            "eps_growth_yearly": 178.2
        },
        "20114": {
            "year_quarter": 20114,
            "year": 2011,
            "quarter": 4,
            "eps": 0.38,
            "eps_growth_year": 6.46,
            "eps_4q": 1.57,
            "eps_4q_growth_year": -12.97,
            "roe": 2,
            "gross_profit": 2511534,
            "gross_margin": 15.99,
            "net_income": 1171304,
            "revenue": 15709747,
            "common_shares": 31163611,
            "equity": 58794870,
            "current_ratio": 212.68,
            "debt_ratio": 29.75,
            "inventory_turnover_ratio": 3.1,
            "account_receivable_turnover_ratio": 1.41,
            "reinvestment_rate": 42.35,
            "research_to_sale_ratio": 3.46,
            "price_fair": 84.9,
            "eps_avg_yearly": 2.43,
            "eps_latest_yearly": 1.52,
            "eps_growth_yearly": 173.95
        },
        "20121": {
            "year_quarter": 20121,
            "year": 2012,
            "quarter": 1,
            "eps": 0.29,
            "eps_growth_year": -14.71,
            "eps_4q": 1.51,
            "eps_4q_growth_year": -9.02,
            "roe": 1.49,
            "gross_profit": 2226552,
            "gross_margin": 14.73,
            "net_income": 891252,
            "revenue": 15117682,
            "common_shares": 31163611,
            "equity": 60535463,
            "current_ratio": 224.36,
            "debt_ratio": 29.08,
            "inventory_turnover_ratio": 3.23,
            "account_receivable_turnover_ratio": 1.45,
            "reinvestment_rate": 39.05,
            "research_to_sale_ratio": 3.68,
            "price_fair": 82,
            "eps_avg_yearly": 2.34,
            "eps_latest_yearly": 1.16,
            "eps_growth_yearly": 185.27
        },
        "20122": {
            "year_quarter": 20122,
            "year": 2012,
            "quarter": 2,
            "eps": 0.48,
            "eps_growth_year": 32.3,
            "eps_4q": 1.63,
            "eps_4q_growth_year": 5.57,
            "roe": 2.5,
            "gross_profit": 3187549,
            "gross_margin": 19.27,
            "net_income": 1469673,
            "revenue": 16545486,
            "common_shares": 31163611,
            "equity": 56954402,
            "current_ratio": 152.45,
            "debt_ratio": 35.78,
            "inventory_turnover_ratio": 3.42,
            "account_receivable_turnover_ratio": 1.49,
            "reinvestment_rate": 42.57,
            "research_to_sale_ratio": 3.73,
            "price_fair": 78.9,
            "eps_avg_yearly": 2.25,
            "eps_latest_yearly": 1.92,
            "eps_growth_yearly": 193.64
        },
        "20123": {
            "year_quarter": 20123,
            "year": 2012,
            "quarter": 3,
            "eps": 0.55,
            "eps_growth_year": 15.44,
            "eps_4q": 1.7,
            "eps_4q_growth_year": 9.43,
            "roe": 2.93,
            "gross_profit": 3317184,
            "gross_margin": 19.69,
            "net_income": 1698528,
            "revenue": 16845815,
            "common_shares": 31163611,
            "equity": 58993464,
            "current_ratio": 170.62,
            "debt_ratio": 37.02,
            "inventory_turnover_ratio": 3.68,
            "account_receivable_turnover_ratio": 1.39,
            "reinvestment_rate": 72.49,
            "research_to_sale_ratio": 3.99,
            "price_fair": 74.2,
            "eps_avg_yearly": 2.12,
            "eps_latest_yearly": 2.2,
            "eps_growth_yearly": 189.49
        },
        "20124": {
            "year_quarter": 20124,
            "year": 2012,
            "quarter": 4,
            "eps": 0.51,
            "eps_growth_year": 33.2,
            "eps_4q": 1.83,
            "eps_4q_growth_year": 16.17,
            "roe": 2.63,
            "gross_profit": 3046057,
            "gross_margin": 18.87,
            "net_income": 1560149,
            "revenue": 16145575,
            "common_shares": 31163611,
            "equity": 59708219,
            "current_ratio": 178.01,
            "debt_ratio": 34.55,
            "inventory_turnover_ratio": 3.92,
            "account_receivable_turnover_ratio": 1.26,
            "reinvestment_rate": 67.41,
            "research_to_sale_ratio": 4.39,
            "price_fair": 74.01,
            "eps_avg_yearly": 2.11,
            "eps_latest_yearly": 2.04,
            "eps_growth_yearly": 174.92
        },
        "20131": {
            "year_quarter": 20131,
            "year": 2013,
            "quarter": 1,
            "eps": -0.09,
            "eps_growth_year": -131.03,
            "eps_4q": 1.44,
            "eps_4q_growth_year": -4.76,
            "roe": -0.49,
            "gross_profit": 2016866,
            "gross_margin": 14.59,
            "net_income": -291857,
            "revenue": 13819210,
            "common_shares": 31163611,
            "equity": 59765231,
            "current_ratio": 145.01,
            "debt_ratio": 38.06,
            "inventory_turnover_ratio": 3.58,
            "account_receivable_turnover_ratio": 1.14,
            "reinvestment_rate": 96.34,
            "research_to_sale_ratio": 5.03,
            "price_fair": 74.01,
            "eps_avg_yearly": 2.11,
            "eps_latest_yearly": 2.04,
            "eps_growth_yearly": 174.92
        },
        "20132": {
            "year_quarter": 20132,
            "year": 2013,
            "quarter": 2,
            "eps": 0.56,
            "eps_growth_year": 17.3,
            "eps_4q": 1.51,
            "eps_4q_growth_year": -7.07,
            "roe": 2.95,
            "gross_profit": 3676302,
            "gross_margin": 20.89,
            "net_income": 1740203,
            "revenue": 17601598,
            "common_shares": 31163611,
            "equity": 58328384,
            "current_ratio": 118.33,
            "debt_ratio": 43.37,
            "inventory_turnover_ratio": 3.77,
            "account_receivable_turnover_ratio": 1.39,
            "reinvestment_rate": 117,
            "research_to_sale_ratio": 5.47,
            "price_fair": 74,
            "eps_avg_yearly": 2.11,
            "eps_latest_yearly": 2.04,
            "eps_growth_yearly": 26.7
        },
        "20133": {
            "year_quarter": 20133,
            "year": 2013,
            "quarter": 3,
            "eps": 0.7,
            "eps_growth_year": 26.86,
            "eps_4q": 1.67,
            "eps_4q_growth_year": -1.94,
            "roe": 3.68,
            "gross_profit": 4416160,
            "gross_margin": 23.13,
            "net_income": 2184405,
            "revenue": 19091619,
            "common_shares": 31163611,
            "equity": 60327604,
            "current_ratio": 147.29,
            "debt_ratio": 40.39,
            "inventory_turnover_ratio": 3.72,
            "account_receivable_turnover_ratio": 1.28,
            "reinvestment_rate": 117.5,
            "research_to_sale_ratio": 4.53,
            "price_fair": 58.67,
            "eps_avg_yearly": 2.08,
            "eps_latest_yearly": 2.8,
            "eps_growth_yearly": 18.21
        },
        "20134": {
            "year_quarter": 20134,
            "year": 2013,
            "quarter": 4,
            "eps": 0.73,
            "eps_growth_year": 43.06,
            "eps_4q": 1.89,
            "eps_4q_growth_year": 3.57,
            "roe": 3.68,
            "gross_profit": 4321190,
            "gross_margin": 22.93,
            "net_income": 2259532,
            "revenue": 18843765,
            "common_shares": 31163611,
            "equity": 62469936,
            "current_ratio": 167.89,
            "debt_ratio": 38.64,
            "inventory_turnover_ratio": 3.81,
            "account_receivable_turnover_ratio": 1.21,
            "reinvestment_rate": 81.02,
            "research_to_sale_ratio": 4.69,
            "price_fair": 5.68,
            "eps_avg_yearly": 1.89,
            "eps_latest_yearly": 2.92,
            "eps_growth_yearly": -0.08
        },
        "20141": {
            "year_quarter": 20141,
            "year": 2014,
            "quarter": 1,
            "eps": 0.67,
            "eps_growth_year": null,
            "eps_4q": 2.66,
            "eps_4q_growth_year": 84.25,
            "roe": 3.26,
            "gross_profit": 3994639,
            "gross_margin": 22.12,
            "net_income": 2091030,
            "revenue": 18060370,
            "common_shares": 31163611,
            "equity": 65799772,
            "current_ratio": 164.5,
            "debt_ratio": 37.58,
            "inventory_turnover_ratio": 3.61,
            "account_receivable_turnover_ratio": 1.18,
            "reinvestment_rate": 80.1,
            "research_to_sale_ratio": 4.62,
            "price_fair": 50.59,
            "eps_avg_yearly": 1.95,
            "eps_latest_yearly": 2.68,
            "eps_growth_yearly": 16
        },
        "20142": {
            "year_quarter": 20142,
            "year": 2014,
            "quarter": 2,
            "eps": 1.08,
            "eps_growth_year": 92.86,
            "eps_4q": 3.18,
            "eps_4q_growth_year": 110.46,
            "roe": 5.11,
            "gross_profit": 5664997,
            "gross_margin": 25.83,
            "net_income": 3371332,
            "revenue": 21928049,
            "common_shares": 31163611,
            "equity": 66044705,
            "current_ratio": 130.05,
            "debt_ratio": 41.51,
            "inventory_turnover_ratio": 3.84,
            "account_receivable_turnover_ratio": 1.29,
            "reinvestment_rate": 81.34,
            "research_to_sale_ratio": 3.89,
            "price_fair": 74.1,
            "eps_avg_yearly": 2.12,
            "eps_latest_yearly": 4.32,
            "eps_growth_yearly": 34.07
        },
        "20143": {
            "year_quarter": 20143,
            "year": 2014,
            "quarter": 3,
            "eps": 1.05,
            "eps_growth_year": 50,
            "eps_4q": 3.52,
            "eps_4q_growth_year": 111.42,
            "roe": 4.85,
            "gross_profit": 5548962,
            "gross_margin": 25.63,
            "net_income": 3256873,
            "revenue": 21652107,
            "common_shares": 31163611,
            "equity": 68182424,
            "current_ratio": 152.95,
            "debt_ratio": 39.85,
            "inventory_turnover_ratio": 3.66,
            "account_receivable_turnover_ratio": 1.15,
            "reinvestment_rate": 50.12,
            "research_to_sale_ratio": 4.46,
            "price_fair": 79.8,
            "eps_avg_yearly": 2.28,
            "eps_latest_yearly": 4.2,
            "eps_growth_yearly": 33.27
        },
        "20144": {
            "year_quarter": 20144,
            "year": 2014,
            "quarter": 4,
            "eps": 0.97,
            "eps_growth_year": 33.3,
            "eps_4q": 3.76,
            "eps_4q_growth_year": 99.09,
            "roe": 4.29,
            "gross_profit": 5772783,
            "gross_margin": 26.94,
            "net_income": 3011967,
            "revenue": 21430915,
            "common_shares": 31163611,
            "equity": 72112231,
            "current_ratio": 174.84,
            "debt_ratio": 44.42,
            "inventory_turnover_ratio": 3.55,
            "account_receivable_turnover_ratio": 1.14,
            "reinvestment_rate": 82.57,
            "research_to_sale_ratio": 4.55,
            "price_fair": 85.9,
            "eps_avg_yearly": 2.45,
            "eps_latest_yearly": 3.88,
            "eps_growth_yearly": 38.24
        },
        "20151": {
            "year_quarter": 20151,
            "year": 2015,
            "quarter": 1,
            "eps": 0.84,
            "eps_growth_year": 25.37,
            "eps_4q": 3.93,
            "eps_4q_growth_year": 48.09,
            "roe": 3.55,
            "gross_profit": 5446449,
            "gross_margin": 26.18,
            "net_income": 2614500,
            "revenue": 20805242,
            "common_shares": 31163611,
            "equity": 75035155,
            "current_ratio": 175.26,
            "debt_ratio": 41.07,
            "inventory_turnover_ratio": 3.46,
            "account_receivable_turnover_ratio": 1.16,
            "reinvestment_rate": 77.12,
            "research_to_sale_ratio": 4.37,
            "price_fair": 90.9,
            "eps_avg_yearly": 2.6,
            "eps_latest_yearly": 3.36,
            "eps_growth_yearly": 36
        },
        "20152": {
            "year_quarter": 20152,
            "year": 2015,
            "quarter": 2,
            "eps": 1.18,
            "eps_growth_year": 9.26,
            "eps_4q": 4.03,
            "eps_4q_growth_year": 26.8,
            "roe": 5.14,
            "gross_profit": 5780981,
            "gross_margin": 27.22,
            "net_income": 3677490,
            "revenue": 21240037,
            "common_shares": 31163611,
            "equity": 67922485,
            "current_ratio": 138.28,
            "debt_ratio": 47.18,
            "inventory_turnover_ratio": 3.44,
            "account_receivable_turnover_ratio": 1.19,
            "reinvestment_rate": 69.66,
            "research_to_sale_ratio": 4.63,
            "price_fair": 99.1,
            "eps_avg_yearly": 2.83,
            "eps_latest_yearly": 4.72,
            "eps_growth_yearly": 45.88
        },
        "20153": {
            "year_quarter": 20153,
            "year": 2015,
            "quarter": 3,
            "eps": 0.86,
            "eps_growth_year": -18.1,
            "eps_4q": 3.85,
            "eps_4q_growth_year": 9.18,
            "roe": 3.91,
            "gross_profit": 4939587,
            "gross_margin": 24.66,
            "net_income": 2682304,
            "revenue": 20029703,
            "common_shares": 31163611,
            "equity": 69238748,
            "current_ratio": 164.73,
            "debt_ratio": 42.16,
            "inventory_turnover_ratio": 3.44,
            "account_receivable_turnover_ratio": 1.13,
            "reinvestment_rate": 64.62,
            "research_to_sale_ratio": 4.82,
            "price_fair": 102.9,
            "eps_avg_yearly": 2.94,
            "eps_latest_yearly": 3.44,
            "eps_growth_yearly": 28.61
        },
        "20154": {
            "year_quarter": 20154,
            "year": 2015,
            "quarter": 4,
            "eps": -0.07,
            "eps_growth_year": -107.04,
            "eps_4q": 2.81,
            "eps_4q_growth_year": -25.31,
            "roe": -0.3,
            "gross_profit": 5442283,
            "gross_margin": 26.21,
            "net_income": -212037,
            "revenue": 20764940,
            "common_shares": 31163611,
            "equity": 70600642,
            "current_ratio": 159.03,
            "debt_ratio": 42.72,
            "inventory_turnover_ratio": 3.48,
            "account_receivable_turnover_ratio": 1.26,
            "reinvestment_rate": 71.57,
            "research_to_sale_ratio": 4.24,
            "price_fair": 106.72,
            "eps_avg_yearly": 3.05,
            "eps_latest_yearly": 3.44,
            "eps_growth_yearly": 37.22
        },
        "20161": {
            "year_quarter": 20161,
            "year": 2016,
            "quarter": 1,
            "eps": 0.51,
            "eps_growth_year": -39.29,
            "eps_4q": 2.49,
            "eps_4q_growth_year": -36.74,
            "roe": 2.24,
            "gross_profit": 3969894,
            "gross_margin": 20.57,
            "net_income": 1604028,
            "revenue": 19299310,
            "common_shares": 31163611,
            "equity": 72408504,
            "current_ratio": 153.95,
            "debt_ratio": 41.06,
            "inventory_turnover_ratio": 3.01,
            "account_receivable_turnover_ratio": 1.27,
            "reinvestment_rate": 73.56,
            "research_to_sale_ratio": 4.76,
            "price_fair": 112.23,
            "eps_avg_yearly": 3.21,
            "eps_latest_yearly": 3.44,
            "eps_growth_yearly": 48.22
        },
        "20162": {
            "year_quarter": 20162,
            "year": 2016,
            "quarter": 2,
            "eps": 0.9,
            "eps_growth_year": -23.73,
            "eps_4q": 2.21,
            "eps_4q_growth_year": -45.2,
            "roe": 4.15,
            "gross_profit": 5098622,
            "gross_margin": 23.52,
            "net_income": 2808703,
            "revenue": 21679907,
            "common_shares": 31163611,
            "equity": 62879271,
            "current_ratio": 114.28,
            "debt_ratio": 50.26,
            "inventory_turnover_ratio": 2.83,
            "account_receivable_turnover_ratio": 1.34,
            "reinvestment_rate": 67.92,
            "research_to_sale_ratio": 4.93,
            "price_fair": 117.13,
            "eps_avg_yearly": 3.35,
            "eps_latest_yearly": 3.6,
            "eps_growth_yearly": 51.87
        },
        "20163": {
            "year_quarter": 20163,
            "year": 2016,
            "quarter": 3,
            "eps": 0.86,
            "eps_growth_year": 0,
            "eps_4q": 2.21,
            "eps_4q_growth_year": -42.5,
            "roe": 4.23,
            "gross_profit": 5053421,
            "gross_margin": 23.02,
            "net_income": 2691530,
            "revenue": 21955188,
            "common_shares": 31163611,
            "equity": 64284689,
            "current_ratio": 147.59,
            "debt_ratio": 46.54,
            "inventory_turnover_ratio": 2.73,
            "account_receivable_turnover_ratio": 1.24,
            "reinvestment_rate": 47.47,
            "research_to_sale_ratio": 4.68,
            "price_fair": 120.75,
            "eps_avg_yearly": 3.45,
            "eps_latest_yearly": 3.44,
            "eps_growth_yearly": 45.52
        },
        "20164": {
            "year_quarter": 20164,
            "year": 2016,
            "quarter": 4,
            "eps": 0.91,
            "eps_growth_year": null,
            "eps_4q": 3.19,
            "eps_4q_growth_year": 13.36,
            "roe": 4.34,
            "gross_profit": 5227785,
            "gross_margin": 23.57,
            "net_income": 2828899,
            "revenue": 22177508,
            "common_shares": 31163611,
            "equity": 66187320,
            "current_ratio": 122.79,
            "debt_ratio": 46.52,
            "inventory_turnover_ratio": 2.64,
            "account_receivable_turnover_ratio": 1.27,
            "reinvestment_rate": 43.48,
            "research_to_sale_ratio": 4.64,
            "price_fair": 125.42,
            "eps_avg_yearly": 3.58,
            "eps_latest_yearly": 3.64,
            "eps_growth_yearly": 49.89
        },
        "20171": {
            "year_quarter": 20171,
            "year": 2017,
            "quarter": 1,
            "eps": 0.32,
            "eps_growth_year": -37.25,
            "eps_4q": 2.99,
            "eps_4q_growth_year": 20.3,
            "roe": 1.49,
            "gross_profit": 3756735,
            "gross_margin": 19.21,
            "net_income": 996524,
            "revenue": 19551585,
            "common_shares": 31163611,
            "equity": 67393884,
            "current_ratio": 125.12,
            "debt_ratio": 44.9,
            "inventory_turnover_ratio": 2.37,
            "account_receivable_turnover_ratio": 1.19,
            "reinvestment_rate": 33.35,
            "research_to_sale_ratio": 4.94,
            "price_fair": 119.22,
            "eps_avg_yearly": 3.41,
            "eps_latest_yearly": 1.28,
            "eps_growth_yearly": 26.1
        },
        "20172": {
            "year_quarter": 20172,
            "year": 2017,
            "quarter": 2,
            "eps": 0.69,
            "eps_growth_year": -23.33,
            "eps_4q": 2.78,
            "eps_4q_growth_year": 26.04,
            "roe": 3.26,
            "gross_profit": 3757347,
            "gross_margin": 18.4,
            "net_income": 2158138,
            "revenue": 20424642,
            "common_shares": 31163611,
            "equity": 65003131,
            "current_ratio": 113.6,
            "debt_ratio": 48.35,
            "inventory_turnover_ratio": 2.47,
            "account_receivable_turnover_ratio": 1.25,
            "reinvestment_rate": 25.81,
            "research_to_sale_ratio": 4.57,
            "price_fair": 117.6,
            "eps_avg_yearly": 3.36,
            "eps_latest_yearly": 2.76,
            "eps_growth_yearly": 57.27
        },
        "20173": {
            "year_quarter": 20173,
            "year": 2017,
            "quarter": 3,
            "eps": 0.72,
            "eps_growth_year": -16.28,
            "eps_4q": 2.64,
            "eps_4q_growth_year": 19.56,
            "roe": 3.41,
            "gross_profit": 4814769,
            "gross_margin": 21.93,
            "net_income": 2256514,
            "revenue": 21955373,
            "common_shares": 31163611,
            "equity": 67383301,
            "current_ratio": 121.82,
            "debt_ratio": 44.33,
            "inventory_turnover_ratio": 2.58,
            "account_receivable_turnover_ratio": 1.27,
            "reinvestment_rate": 23.17,
            "research_to_sale_ratio": 4.55,
            "price_fair": 117.8,
            "eps_avg_yearly": 3.37,
            "eps_latest_yearly": 2.88,
            "eps_growth_yearly": 51.37
        },
        "20174": {
            "year_quarter": 20174,
            "year": 2017,
            "quarter": 4,
            "eps": 0.48,
            "eps_growth_year": -47.37,
            "eps_4q": 2.21,
            "eps_4q_growth_year": -30.53,
            "roe": 2.19,
            "gross_profit": 4485244,
            "gross_margin": 20.74,
            "net_income": 1488989,
            "revenue": 21622785,
            "common_shares": 31163611,
            "equity": 68319792,
            "current_ratio": 187.31,
            "debt_ratio": 43.48,
            "inventory_turnover_ratio": 2.7,
            "account_receivable_turnover_ratio": 1.26,
            "reinvestment_rate": 20.27,
            "research_to_sale_ratio": 4.37,
            "price_fair": 115.3,
            "eps_avg_yearly": 3.29,
            "eps_latest_yearly": 1.92,
            "eps_growth_yearly": 40.62
        },
        "20181": {
            "year_quarter": 20181,
            "year": 2018,
            "quarter": 1,
            "eps": 0.08,
            "eps_growth_year": -75,
            "eps_4q": 1.96,
            "eps_4q_growth_year": -34.39,
            "roe": 0.37,
            "gross_profit": 2994625,
            "gross_margin": 15.83,
            "net_income": 264483,
            "revenue": 18912711,
            "common_shares": 31292699,
            "equity": 74054119,
            "current_ratio": 138.01,
            "debt_ratio": 41.72,
            "inventory_turnover_ratio": 2.7,
            "account_receivable_turnover_ratio": 1.21,
            "reinvestment_rate": 18.58,
            "research_to_sale_ratio": 4.91,
            "price_fair": 91.15,
            "eps_avg_yearly": 3.13,
            "eps_latest_yearly": 0.32,
            "eps_growth_yearly": 19.16
        }
    },
    "months": {
        "2001-06": {
            "month": "2001-06",
            "price": "20.72",
            "revenue": 1008307
        },
        "2001-07": {
            "month": "2001-07",
            "price": "17.60",
            "revenue": 1205962
        },
        "2001-08": {
            "month": "2001-08",
            "price": "19.34",
            "revenue": 1301154
        },
        "2001-09": {
            "month": "2001-09",
            "price": "18.14",
            "revenue": 1297471
        },
        "2001-10": {
            "month": "2001-10",
            "price": "17.78",
            "revenue": 1531676
        },
        "2001-11": {
            "month": "2001-11",
            "price": "21.82",
            "revenue": 1553846
        },
        "2001-12": {
            "month": "2001-12",
            "price": "27.27",
            "revenue": 1602505
        },
        "2002-01": {
            "month": "2002-01",
            "price": "29.81",
            "revenue": 1655007
        },
        "2002-02": {
            "month": "2002-02",
            "price": "26.66",
            "revenue": 1721152
        },
        "2002-03": {
            "month": "2002-03",
            "price": "33.25",
            "revenue": 1875460
        },
        "2002-04": {
            "month": "2002-04",
            "price": "35.96",
            "revenue": 1723429
        },
        "2002-05": {
            "month": "2002-05",
            "price": "29.80",
            "revenue": 1816934
        },
        "2002-06": {
            "month": "2002-06",
            "price": "25.57",
            "revenue": 1857607
        },
        "2002-07": {
            "month": "2002-07",
            "price": "23.05",
            "revenue": 1755267
        },
        "2002-08": {
            "month": "2002-08",
            "price": "19.89",
            "revenue": 1813458
        },
        "2002-09": {
            "month": "2002-09",
            "price": "19.17",
            "revenue": 1941750
        },
        "2002-10": {
            "month": "2002-10",
            "price": "18.33",
            "revenue": 2140548
        },
        "2002-11": {
            "month": "2002-11",
            "price": "19.92",
            "revenue": 1900083
        },
        "2002-12": {
            "month": "2002-12",
            "price": "18.55",
            "revenue": 2097834
        },
        "2003-01": {
            "month": "2003-01",
            "price": "18.13",
            "revenue": 1857958
        },
        "2003-02": {
            "month": "2003-02",
            "price": "16.42",
            "revenue": 1629787
        },
        "2003-03": {
            "month": "2003-03",
            "price": "17.20",
            "revenue": 2113187
        },
        "2003-04": {
            "month": "2003-04",
            "price": "17.40",
            "revenue": 2181868
        },
        "2003-05": {
            "month": "2003-05",
            "price": "17.10",
            "revenue": 2189185
        },
        "2003-06": {
            "month": "2003-06",
            "price": "21.04",
            "revenue": 2162228
        },
        "2003-07": {
            "month": "2003-07",
            "price": "24.23",
            "revenue": 2353046
        },
        "2003-08": {
            "month": "2003-08",
            "price": "26.53",
            "revenue": 2378240
        },
        "2003-09": {
            "month": "2003-09",
            "price": "28.96",
            "revenue": 2468990
        },
        "2003-10": {
            "month": "2003-10",
            "price": "29.65",
            "revenue": 2637947
        },
        "2003-11": {
            "month": "2003-11",
            "price": "35.13",
            "revenue": 2638343
        },
        "2003-12": {
            "month": "2003-12",
            "price": "33.72",
            "revenue": 2772146
        },
        "2004-01": {
            "month": "2004-01",
            "price": "38.65",
            "revenue": 2573754
        },
        "2004-02": {
            "month": "2004-02",
            "price": "37.62",
            "revenue": 2708382
        },
        "2004-03": {
            "month": "2004-03",
            "price": "35.14",
            "revenue": 2965558
        },
        "2004-04": {
            "month": "2004-04",
            "price": "33.96",
            "revenue": 2831591
        },
        "2004-05": {
            "month": "2004-05",
            "price": "25.51",
            "revenue": 2918315
        },
        "2004-06": {
            "month": "2004-06",
            "price": "25.02",
            "revenue": 2962500
        },
        "2004-07": {
            "month": "2004-07",
            "price": "23.65",
            "revenue": 2936122
        },
        "2004-08": {
            "month": "2004-08",
            "price": "23.22",
            "revenue": 2960679
        },
        "2004-09": {
            "month": "2004-09",
            "price": "23.84",
            "revenue": 3048878
        },
        "2004-10": {
            "month": "2004-10",
            "price": "24.15",
            "revenue": 3362277
        },
        "2004-11": {
            "month": "2004-11",
            "price": "26.22",
            "revenue": 3013508
        },
        "2004-12": {
            "month": "2004-12",
            "price": "25.53",
            "revenue": 2727472
        },
        "2005-01": {
            "month": "2005-01",
            "price": "23.93",
            "revenue": 2861122
        },
        "2005-02": {
            "month": "2005-02",
            "price": "27.97",
            "revenue": 2235058
        },
        "2005-03": {
            "month": "2005-03",
            "price": "27.39",
            "revenue": 2885611
        },
        "2005-04": {
            "month": "2005-04",
            "price": "27.73",
            "revenue": 2864670
        },
        "2005-05": {
            "month": "2005-05",
            "price": "28.58",
            "revenue": 3041047
        },
        "2005-06": {
            "month": "2005-06",
            "price": "31.21",
            "revenue": 3134738
        },
        "2005-07": {
            "month": "2005-07",
            "price": "33.50",
            "revenue": 3469570
        },
        "2005-08": {
            "month": "2005-08",
            "price": "31.84",
            "revenue": 3888889
        },
        "2005-09": {
            "month": "2005-09",
            "price": "32.30",
            "revenue": 4170454
        },
        "2005-10": {
            "month": "2005-10",
            "price": "32.26",
            "revenue": 4686077
        },
        "2005-11": {
            "month": "2005-11",
            "price": "32.72",
            "revenue": 4796428
        },
        "2005-12": {
            "month": "2005-12",
            "price": "40.95",
            "revenue": 5043903
        },
        "2006-01": {
            "month": "2006-01",
            "price": "44.81",
            "revenue": 4647738
        },
        "2006-02": {
            "month": "2006-02",
            "price": "43.47",
            "revenue": 4214497
        },
        "2006-03": {
            "month": "2006-03",
            "price": "40.75",
            "revenue": 4577106
        },
        "2006-04": {
            "month": "2006-04",
            "price": "44.73",
            "revenue": 4722903
        },
        "2006-05": {
            "month": "2006-05",
            "price": "43.67",
            "revenue": 4666687
        },
        "2006-06": {
            "month": "2006-06",
            "price": "37.99",
            "revenue": 4250909
        },
        "2006-07": {
            "month": "2006-07",
            "price": "37.55",
            "revenue": 4445325
        },
        "2006-08": {
            "month": "2006-08",
            "price": "37.53",
            "revenue": 5053689
        },
        "2006-09": {
            "month": "2006-09",
            "price": "40.24",
            "revenue": 5108868
        },
        "2006-10": {
            "month": "2006-10",
            "price": "40.86",
            "revenue": 5119883
        },
        "2006-11": {
            "month": "2006-11",
            "price": "46.57",
            "revenue": 4811818
        },
        "2006-12": {
            "month": "2006-12",
            "price": "49.75",
            "revenue": 4734167
        },
        "2007-01": {
            "month": "2007-01",
            "price": "51.58",
            "revenue": 4621586
        },
        "2007-02": {
            "month": "2007-02",
            "price": "56.93",
            "revenue": 4249068
        },
        "2007-03": {
            "month": "2007-03",
            "price": "60.47",
            "revenue": 4880342
        },
        "2007-04": {
            "month": "2007-04",
            "price": "65.04",
            "revenue": 4844789
        },
        "2007-05": {
            "month": "2007-05",
            "price": "66.97",
            "revenue": 5150035
        },
        "2007-06": {
            "month": "2007-06",
            "price": "70.19",
            "revenue": 5238521
        },
        "2007-07": {
            "month": "2007-07",
            "price": "69.84",
            "revenue": 5628764
        },
        "2007-08": {
            "month": "2007-08",
            "price": "62.87",
            "revenue": 6072484
        },
        "2007-09": {
            "month": "2007-09",
            "price": "68.89",
            "revenue": 6208027
        },
        "2007-10": {
            "month": "2007-10",
            "price": "70.48",
            "revenue": 6293304
        },
        "2007-11": {
            "month": "2007-11",
            "price": "58.00",
            "revenue": 5900951
        },
        "2007-12": {
            "month": "2007-12",
            "price": "57.31",
            "revenue": 5534539
        },
        "2008-01": {
            "month": "2008-01",
            "price": "47.75",
            "revenue": 5119191
        },
        "2008-02": {
            "month": "2008-02",
            "price": "50.26",
            "revenue": 4591441
        },
        "2008-03": {
            "month": "2008-03",
            "price": "48.96",
            "revenue": 5220590
        },
        "2008-04": {
            "month": "2008-04",
            "price": "54.23",
            "revenue": 4970162
        },
        "2008-05": {
            "month": "2008-05",
            "price": "51.82",
            "revenue": 5344758
        },
        "2008-06": {
            "month": "2008-06",
            "price": "48.12",
            "revenue": 5537464
        },
        "2008-07": {
            "month": "2008-07",
            "price": "43.18",
            "revenue": 5575946
        },
        "2008-08": {
            "month": "2008-08",
            "price": "42.24",
            "revenue": 5886298
        },
        "2008-09": {
            "month": "2008-09",
            "price": "38.00",
            "revenue": 5779796
        },
        "2008-10": {
            "month": "2008-10",
            "price": "32.00",
            "revenue": 5572488
        },
        "2008-11": {
            "month": "2008-11",
            "price": "28.46",
            "revenue": 4229565
        },
        "2008-12": {
            "month": "2008-12",
            "price": "26.75",
            "revenue": 2646769
        },
        "2009-01": {
            "month": "2009-01",
            "price": "28.47",
            "revenue": 2334745
        },
        "2009-02": {
            "month": "2009-02",
            "price": "29.13",
            "revenue": 3000999
        },
        "2009-03": {
            "month": "2009-03",
            "price": "34.18",
            "revenue": 3867592
        },
        "2009-04": {
            "month": "2009-04",
            "price": "38.75",
            "revenue": 4201395
        },
        "2009-05": {
            "month": "2009-05",
            "price": "42.46",
            "revenue": 4828374
        },
        "2009-06": {
            "month": "2009-06",
            "price": "39.69",
            "revenue": 5107019
        },
        "2009-07": {
            "month": "2009-07",
            "price": "41.56",
            "revenue": 5164116
        },
        "2009-08": {
            "month": "2009-08",
            "price": "41.50",
            "revenue": 5590317
        },
        "2009-09": {
            "month": "2009-09",
            "price": "45.14",
            "revenue": 5978271
        },
        "2009-10": {
            "month": "2009-10",
            "price": "45.87",
            "revenue": 5988801
        },
        "2009-11": {
            "month": "2009-11",
            "price": "44.33",
            "revenue": 5481661
        },
        "2009-12": {
            "month": "2009-12",
            "price": "42.36",
            "revenue": 5343064
        },
        "2010-01": {
            "month": "2010-01",
            "price": "44.18",
            "revenue": 5307307
        },
        "2010-02": {
            "month": "2010-02",
            "price": "39.32",
            "revenue": 4869174
        },
        "2010-03": {
            "month": "2010-03",
            "price": "38.37",
            "revenue": 5512034
        },
        "2010-04": {
            "month": "2010-04",
            "price": "40.28",
            "revenue": 5379419
        },
        "2010-05": {
            "month": "2010-05",
            "price": "36.30",
            "revenue": 5537406
        },
        "2010-06": {
            "month": "2010-06",
            "price": "35.84",
            "revenue": 5469892
        },
        "2010-07": {
            "month": "2010-07",
            "price": "34.38",
            "revenue": 5516165
        },
        "2010-08": {
            "month": "2010-08",
            "price": "31.50",
            "revenue": 5571602
        },
        "2010-09": {
            "month": "2010-09",
            "price": "30.81",
            "revenue": 5215486
        },
        "2010-10": {
            "month": "2010-10",
            "price": "32.58",
            "revenue": 5034954
        },
        "2010-11": {
            "month": "2010-11",
            "price": "32.10",
            "revenue": 5135060
        },
        "2010-12": {
            "month": "2010-12",
            "price": "34.59",
            "revenue": 5308972
        },
        "2011-01": {
            "month": "2011-01",
            "price": "36.62",
            "revenue": 5010554
        },
        "2011-02": {
            "month": "2011-02",
            "price": "39.80",
            "revenue": 4415401
        },
        "2011-03": {
            "month": "2011-03",
            "price": "37.16",
            "revenue": 5041164
        },
        "2011-04": {
            "month": "2011-04",
            "price": "35.72",
            "revenue": 4785653
        },
        "2011-05": {
            "month": "2011-05",
            "price": "38.06",
            "revenue": 4851770
        },
        "2011-06": {
            "month": "2011-06",
            "price": "36.38",
            "revenue": 5098073
        },
        "2011-07": {
            "month": "2011-07",
            "price": "31.49",
            "revenue": 5314834
        },
        "2011-08": {
            "month": "2011-08",
            "price": "25.77",
            "revenue": 5670520
        },
        "2011-09": {
            "month": "2011-09",
            "price": "27.75",
            "revenue": 5339176
        },
        "2011-10": {
            "month": "2011-10",
            "price": "30.47",
            "revenue": 5349214
        },
        "2011-11": {
            "month": "2011-11",
            "price": "28.48",
            "revenue": 5257091
        },
        "2011-12": {
            "month": "2011-12",
            "price": "26.66",
            "revenue": 5103442
        },
        "2012-01": {
            "month": "2012-01",
            "price": "29.69",
            "revenue": 4887779
        },
        "2012-02": {
            "month": "2012-02",
            "price": "33.46",
            "revenue": 4692014
        },
        "2012-03": {
            "month": "2012-03",
            "price": "34.44",
            "revenue": 5537889
        },
        "2012-04": {
            "month": "2012-04",
            "price": "34.60",
            "revenue": 5432170
        },
        "2012-05": {
            "month": "2012-05",
            "price": "32.48",
            "revenue": 5725464
        },
        "2012-06": {
            "month": "2012-06",
            "price": "30.22",
            "revenue": 5387853
        },
        "2012-07": {
            "month": "2012-07",
            "price": "30.45",
            "revenue": 5541393
        },
        "2012-08": {
            "month": "2012-08",
            "price": "33.41",
            "revenue": 5647183
        },
        "2012-09": {
            "month": "2012-09",
            "price": "33.44",
            "revenue": 5657238
        },
        "2012-10": {
            "month": "2012-10",
            "price": "31.56",
            "revenue": 5805456
        },
        "2012-11": {
            "month": "2012-11",
            "price": "29.00",
            "revenue": 5527770
        },
        "2012-12": {
            "month": "2012-12",
            "price": "31.08",
            "revenue": 4812349
        },
        "2013-01": {
            "month": "2013-01",
            "price": "30.84",
            "revenue": 4601663
        },
        "2013-02": {
            "month": "2013-02",
            "price": "31.10",
            "revenue": 4251047
        },
        "2013-03": {
            "month": "2013-03",
            "price": "33.45",
            "revenue": 4966500
        },
        "2013-04": {
            "month": "2013-04",
            "price": "33.40",
            "revenue": 5621663
        },
        "2013-05": {
            "month": "2013-05",
            "price": "35.39",
            "revenue": 5977934
        },
        "2013-06": {
            "month": "2013-06",
            "price": "35.92",
            "revenue": 6002002
        },
        "2013-07": {
            "month": "2013-07",
            "price": "35.38",
            "revenue": 6130196
        },
        "2013-08": {
            "month": "2013-08",
            "price": "33.16",
            "revenue": 6510082
        },
        "2013-09": {
            "month": "2013-09",
            "price": "34.85",
            "revenue": 6451341
        },
        "2013-10": {
            "month": "2013-10",
            "price": "35.80",
            "revenue": 6554824
        },
        "2013-11": {
            "month": "2013-11",
            "price": "34.42",
            "revenue": 6199447
        },
        "2013-12": {
            "month": "2013-12",
            "price": "35.30",
            "revenue": 6089495
        },
        "2014-01": {
            "month": "2014-01",
            "price": "37.01",
            "revenue": 6024374
        },
        "2014-02": {
            "month": "2014-02",
            "price": "37.61",
            "revenue": 5573969
        },
        "2014-03": {
            "month": "2014-03",
            "price": "39.68",
            "revenue": 6462027
        },
        "2014-04": {
            "month": "2014-04",
            "price": "42.44",
            "revenue": 6823407
        },
        "2014-05": {
            "month": "2014-05",
            "price": "45.04",
            "revenue": 7421764
        },
        "2014-06": {
            "month": "2014-06",
            "price": "49.26",
            "revenue": 7682877
        },
        "2014-07": {
            "month": "2014-07",
            "price": "48.44",
            "revenue": 7387884
        },
        "2014-08": {
            "month": "2014-08",
            "price": "43.11",
            "revenue": 7008296
        },
        "2014-09": {
            "month": "2014-09",
            "price": "43.08",
            "revenue": 7255927
        },
        "2014-10": {
            "month": "2014-10",
            "price": "41.02",
            "revenue": 7380840
        },
        "2014-11": {
            "month": "2014-11",
            "price": "44.14",
            "revenue": 7204876
        },
        "2014-12": {
            "month": "2014-12",
            "price": "46.79",
            "revenue": 6845199
        },
        "2015-01": {
            "month": "2015-01",
            "price": "49.38",
            "revenue": 6885863
        },
        "2015-02": {
            "month": "2015-02",
            "price": "54.41",
            "revenue": 6476189
        },
        "2015-03": {
            "month": "2015-03",
            "price": "54.61",
            "revenue": 7443190
        },
        "2015-04": {
            "month": "2015-04",
            "price": "50.85",
            "revenue": 6955179
        },
        "2015-05": {
            "month": "2015-05",
            "price": "50.23",
            "revenue": 7407877
        },
        "2015-06": {
            "month": "2015-06",
            "price": "46.92",
            "revenue": 6876981
        },
        "2015-07": {
            "month": "2015-07",
            "price": "41.97",
            "revenue": 6351098
        },
        "2015-08": {
            "month": "2015-08",
            "price": "35.79",
            "revenue": 6714407
        },
        "2015-09": {
            "month": "2015-09",
            "price": "41.13",
            "revenue": 6964198
        },
        "2015-10": {
            "month": "2015-10",
            "price": "41.82",
            "revenue": 7064948
        },
        "2015-11": {
            "month": "2015-11",
            "price": "44.14",
            "revenue": 6767613
        },
        "2015-12": {
            "month": "2015-12",
            "price": "48.57",
            "revenue": 6932379
        },
        "2016-01": {
            "month": "2016-01",
            "price": "51.88",
            "revenue": 6632825
        },
        "2016-02": {
            "month": "2016-02",
            "price": "51.50",
            "revenue": 6245483
        },
        "2016-03": {
            "month": "2016-03",
            "price": "50.33",
            "revenue": 6421002
        },
        "2016-04": {
            "month": "2016-04",
            "price": "50.32",
            "revenue": 6826285
        },
        "2016-05": {
            "month": "2016-05",
            "price": "47.26",
            "revenue": 7461045
        },
        "2016-06": {
            "month": "2016-06",
            "price": "51.10",
            "revenue": 7392577
        },
        "2016-07": {
            "month": "2016-07",
            "price": "48.25",
            "revenue": 7315286
        },
        "2016-08": {
            "month": "2016-08",
            "price": "48.01",
            "revenue": 7432746
        },
        "2016-09": {
            "month": "2016-09",
            "price": "46.94",
            "revenue": 7207156
        },
        "2016-10": {
            "month": "2016-10",
            "price": "47.50",
            "revenue": 7437965
        },
        "2016-11": {
            "month": "2016-11",
            "price": "47.21",
            "revenue": 7270957
        },
        "2016-12": {
            "month": "2016-12",
            "price": "47.43",
            "revenue": 7468586
        },
        "2017-01": {
            "month": "2017-01",
            "price": "47.71",
            "revenue": 6881166
        },
        "2017-02": {
            "month": "2017-02",
            "price": "48.37",
            "revenue": 6002380
        },
        "2017-03": {
            "month": "2017-03",
            "price": "48.76",
            "revenue": 6668039
        },
        "2017-04": {
            "month": "2017-04",
            "price": "49.34",
            "revenue": 6553835
        },
        "2017-05": {
            "month": "2017-05",
            "price": "49.33",
            "revenue": 6992987
        },
        "2017-06": {
            "month": "2017-06",
            "price": "49.85",
            "revenue": 6877820
        },
        "2017-07": {
            "month": "2017-07",
            "price": "49.91",
            "revenue": 7260651
        },
        "2017-08": {
            "month": "2017-08",
            "price": "48.20",
            "revenue": 7376432
        },
        "2017-09": {
            "month": "2017-09",
            "price": "47.71",
            "revenue": 7318290
        },
        "2017-10": {
            "month": "2017-10",
            "price": "48.29",
            "revenue": 7409379
        },
        "2017-11": {
            "month": "2017-11",
            "price": "48.32",
            "revenue": 7136837
        },
        "2017-12": {
            "month": "2017-12",
            "price": "49.98",
            "revenue": 7076569
        },
        "2018-01": {
            "month": "2018-01",
            "price": "50.28",
            "revenue": 6227638
        },
        "2018-02": {
            "month": "2018-02",
            "price": "50.47",
            "revenue": 5877368
        },
        "2018-03": {
            "month": "2018-03",
            "price": "50.79",
            "revenue": 6807705
        },
        "2018-04": {
            "month": "2018-04",
            "price": "50.89",
            "revenue": 7256329
        }
    }
}
