{
    "summary": {
        "stock_name": "國巨",
        "stock_id": "2327",
        "category": "電子零組件",
        "main_business": "被動元件、電阻原料半成品<br>天線、主動元件<br>機器設備、零件製造及銷售。",
        "website_url": "http://www.yageo.com",
        "ceo": "王淡如",
        "pe_ratio": 14,
        "report_year_from": 2001,
        "report_year_to": 2023,
        "age": 23,
        "eps_negative_percentage": 13,
        "eps_growth_avg": {
            "last_all": 27.23,
            "last_2y": 19.77,
            "last_4y": 9.34,
            "last_8y": 41.57,
            "last_12y": 34.03,
            "last_16y": 30.44,
            "last_20y": 34.3,
            "at_2006_last_3y": 100,
            "at_2007_last_3y": 54.88,
            "at_2008_last_3y": 11.4,
            "at_2009_last_3y": 18.78,
            "at_2010_last_3y": 18.78,
            "at_2011_last_3y": 1.26,
            "at_2012_last_3y": 11.15,
            "at_2013_last_3y": 17.07,
            "at_2014_last_3y": 17.07,
            "at_2015_last_3y": 57.15,
            "at_2016_last_3y": 72.99,
            "at_2017_last_3y": 81.84,
            "at_2018_last_3y": 81.84,
            "at_2019_last_3y": 36.81,
            "at_2020_last_3y": 46.85,
            "at_2021_last_3y": 39.29,
            "at_2022_last_3y": 13.33,
            "at_2023_last_3y": 31.71,
            "at_2024_last_3y": 31.71,
            "at_2006_last_all": 0,
            "at_2007_last_all": 3.25,
            "at_2008_last_all": -16.45,
            "at_2009_last_all": -4.98,
            "at_2010_last_all": 12.52,
            "at_2011_last_all": 2.11,
            "at_2012_last_all": -2.65,
            "at_2013_last_all": 4.82,
            "at_2014_last_all": 14.34,
            "at_2015_last_all": 22.13,
            "at_2016_last_all": 22.56,
            "at_2017_last_all": 28.52,
            "at_2018_last_all": 33.62,
            "at_2019_last_all": 26.04,
            "at_2020_last_all": 28.63,
            "at_2021_last_all": 31.05,
            "at_2022_last_all": 29.11,
            "at_2023_last_all": 27.23,
            "at_2024_last_all": 27.23
        },
        "latest_eps": 41.64,
        "latest_price": 579,
        "latest_roe": 13.6,
        "latest_gross_margin": 34.47,
        "latest_equity": 136618546,
        "latest_revenue": 27361435,
        "latest_gross_profit": 9431041,
        "latest_net_income": 4774607,
        "latest_debt_ratio": 58.77,
        "latest_current_ratio": 113.49,
        "latest_account_receivable_turnover_ratio": 1.31,
        "latest_inventory_turnover_ratio": 0.69,
        "latest_reinvestment_rate": 62.39,
        "latest_research_to_sale_ratio": 3.17
    },
    "eps_dividends": {
        "1991": {
            "cash": 0,
            "stock": 2.8,
            "eps": 0
        },
        "1992": {
            "cash": 0,
            "stock": 3,
            "eps": 0
        },
        "1993": {
            "cash": 0,
            "stock": 2.5,
            "eps": 0
        },
        "1994": {
            "cash": 0,
            "stock": 3.6,
            "eps": 0
        },
        "1995": {
            "cash": 0,
            "stock": 5,
            "eps": 0
        },
        "1996": {
            "cash": 0,
            "stock": 4,
            "eps": 0
        },
        "1997": {
            "cash": 0,
            "stock": 4,
            "eps": 0
        },
        "1998": {
            "cash": 0,
            "stock": 4,
            "eps": 0
        },
        "2000": {
            "cash": 0,
            "stock": 1.5,
            "eps": 0
        },
        "2001": {
            "cash": 0,
            "stock": 0,
            "eps": 2.07
        },
        "2002": {
            "cash": 0,
            "stock": 0.8,
            "eps": -2.19
        },
        "2003": {
            "cash": 0,
            "stock": 0,
            "eps": -0.36
        },
        "2004": {
            "cash": 0,
            "stock": 0,
            "eps": -4.52
        },
        "2005": {
            "cash": 0,
            "stock": 0,
            "eps": 0.12
        },
        "2006": {
            "cash": 0,
            "stock": 0,
            "eps": 0.82
        },
        "2007": {
            "cash": 0.5,
            "stock": 0,
            "eps": 0.9
        },
        "2008": {
            "cash": 0.31,
            "stock": 0,
            "eps": 0.22
        },
        "2009": {
            "cash": 0.1,
            "stock": 0,
            "eps": 0.31
        },
        "2010": {
            "cash": 0.15,
            "stock": 0,
            "eps": 1.89
        },
        "2011": {
            "cash": 0.1,
            "stock": 0,
            "eps": 0.75
        },
        "2012": {
            "cash": 0,
            "stock": 0,
            "eps": 0.48
        },
        "2013": {
            "cash": 0,
            "stock": 0,
            "eps": 0.79
        },
        "2014": {
            "cash": 0.1,
            "stock": 0,
            "eps": 2.74
        },
        "2015": {
            "cash": 4,
            "stock": 0,
            "eps": 5.48
        },
        "2016": {
            "cash": 2,
            "stock": 0,
            "eps": 6.98
        },
        "2017": {
            "cash": 3,
            "stock": 0,
            "eps": 17.75
        },
        "2018": {
            "cash": 15,
            "stock": 2,
            "eps": 82.29
        },
        "2019": {
            "cash": 45,
            "stock": 0,
            "eps": 16.35
        },
        "2020": {
            "cash": 15,
            "stock": 0,
            "eps": 27.39
        },
        "2021": {
            "cash": 10,
            "stock": 0,
            "eps": 46.5
        },
        "2022": {
            "cash": 10,
            "stock": 0,
            "eps": 44.71
        },
        "2023": {
            "cash": 10,
            "stock": 0,
            "eps": 41.76
        },
        "2024": {
            "cash": 20,
            "stock": 2,
            "eps": 0
        }
    },
    "dividends": {
        "1991-04-29": {
            "cash": 0,
            "stock": 2.8
        },
        "1992-04-14": {
            "cash": 0,
            "stock": 3
        },
        "1993-06-03": {
            "cash": 0,
            "stock": 2.5
        },
        "1994-04-19": {
            "cash": 0,
            "stock": 3.6
        },
        "1995-04-28": {
            "cash": 0,
            "stock": 5
        },
        "1996-04-23": {
            "cash": 0,
            "stock": 4
        },
        "1997-05-14": {
            "cash": 0,
            "stock": 4
        },
        "1998-06-02": {
            "cash": 0,
            "stock": 4
        },
        "2000-06-14": {
            "cash": 0,
            "stock": 1.5
        },
        "2002-06-18": {
            "cash": 0,
            "stock": 0.8
        },
        "2007-04-20": {
            "cash": 0.5,
            "stock": 0
        },
        "2008-04-29": {
            "cash": 0.31,
            "stock": 0
        },
        "2009-04-28": {
            "cash": 0.1,
            "stock": 0
        },
        "2010-03-25": {
            "cash": 0.15,
            "stock": 0
        },
        "2011-06-10": {
            "cash": 0.1,
            "stock": 0
        },
        "2014-06-11": {
            "cash": 0.1,
            "stock": 0
        },
        "2015-07-15": {
            "cash": 4,
            "stock": 0
        },
        "2016-07-07": {
            "cash": 2,
            "stock": 0
        },
        "2017-07-12": {
            "cash": 3,
            "stock": 0
        },
        "2018-08-08": {
            "cash": 15,
            "stock": 2
        },
        "2019-10-03": {
            "cash": 45,
            "stock": 0
        },
        "2020-07-10": {
            "cash": 15,
            "stock": 0
        },
        "2021-08-20": {
            "cash": 10,
            "stock": 0
        },
        "2022-07-22": {
            "cash": 10,
            "stock": 0
        },
        "2023-07-26": {
            "cash": 10,
            "stock": 0
        },
        "2024-02-29": {
            "cash": 20,
            "stock": 2
        }
    },
    "prices": {
        "200101": "34.48",
        "200102": "44.69",
        "200103": "45.60",
        "200104": "48.05",
        "200105": "39.24",
        "200106": "35.36",
        "200107": "25.70",
        "200108": "27.61",
        "200109": "20.59",
        "200110": "19.82",
        "200111": "21.98",
        "200112": "23.92",
        "200201": "25.19",
        "200202": "26.03",
        "200203": "30.60",
        "200204": "31.68",
        "200205": "21.66",
        "200206": "18.40",
        "200207": "14.56",
        "200208": "13.75",
        "200209": "10.61",
        "200210": "9.45",
        "200211": "10.19",
        "200212": "10.19",
        "200301": "10.14",
        "200302": "9.72",
        "200303": "9.46",
        "200304": "8.77",
        "200305": "7.42",
        "200306": "9.42",
        "200307": "11.54",
        "200308": "11.30",
        "200309": "14.35",
        "200310": "16.06",
        "200311": "16.26",
        "200312": "14.96",
        "200401": "16.09",
        "200402": "17.77",
        "200403": "18.40",
        "200404": "21.03",
        "200405": "16.98",
        "200406": "16.04",
        "200407": "14.94",
        "200408": "13.24",
        "200409": "13.14",
        "200410": "12.23",
        "200411": "11.47",
        "200412": "10.95",
        "200501": "10.56",
        "200502": "11.70",
        "200503": "11.43",
        "200504": "10.30",
        "200505": "10.43",
        "200506": "12.51",
        "200507": "12.27",
        "200508": "11.64",
        "200509": "11.15",
        "200510": "10.59",
        "200511": "10.79",
        "200512": "13.16",
        "200601": "13.23",
        "200602": "12.89",
        "200603": "12.22",
        "200604": "13.57",
        "200605": "12.73",
        "200606": "10.91",
        "200607": "11.05",
        "200608": "11.36",
        "200609": "11.39",
        "200610": "12.13",
        "200611": "13.15",
        "200612": "14.85",
        "200701": "14.19",
        "200702": "14.32",
        "200703": "13.48",
        "200704": "13.78",
        "200705": "13.52",
        "200706": "15.35",
        "200707": "15.61",
        "200708": "13.28",
        "200709": "13.02",
        "200710": "13.23",
        "200711": "11.54",
        "200712": "11.01",
        "200801": "9.84",
        "200802": "9.16",
        "200803": "10.12",
        "200804": "10.93",
        "200805": "10.60",
        "200806": "9.69",
        "200807": "9.22",
        "200808": "9.21",
        "200809": "7.80",
        "200810": "5.86",
        "200811": "4.09",
        "200812": "3.86",
        "200901": "4.07",
        "200902": "4.49",
        "200903": "5.81",
        "200904": "6.85",
        "200905": "7.68",
        "200906": "6.77",
        "200907": "7.32",
        "200908": "8.52",
        "200909": "9.03",
        "200910": "9.34",
        "200911": "9.33",
        "200912": "10.15",
        "201001": "11.68",
        "201002": "10.93",
        "201003": "11.92",
        "201004": "14.05",
        "201005": "14.42",
        "201006": "13.99",
        "201007": "13.65",
        "201008": "13.81",
        "201009": "12.99",
        "201010": "12.84",
        "201011": "13.05",
        "201012": "14.20",
        "201101": "14.68",
        "201102": "14.88",
        "201103": "14.41",
        "201104": "15.43",
        "201105": "15.57",
        "201106": "14.35",
        "201107": "11.74",
        "201108": "10.01",
        "201109": "8.95",
        "201110": "8.98",
        "201111": "8.96",
        "201112": "8.05",
        "201201": "7.92",
        "201202": "9.88",
        "201203": "9.78",
        "201204": "8.67",
        "201205": "8.45",
        "201206": "8.93",
        "201207": "8.45",
        "201208": "8.54",
        "201209": "8.95",
        "201210": "8.39",
        "201211": "8.55",
        "201212": "9.04",
        "201301": "8.87",
        "201302": "9.00",
        "201303": "9.29",
        "201304": "9.34",
        "201305": "10.22",
        "201306": "10.17",
        "201307": "10.01",
        "201308": "9.94",
        "201309": "10.38",
        "201310": "10.31",
        "201311": "9.91",
        "201312": "10.53",
        "201401": "12.39",
        "201402": "14.03",
        "201403": "14.07",
        "201404": "14.14",
        "201405": "17.21",
        "201406": "20.18",
        "201407": "20.57",
        "201408": "22.38",
        "201409": "23.03",
        "201410": "44.31",
        "201411": "46.19",
        "201412": "48.96",
        "201501": "51.17",
        "201502": "59.26",
        "201503": "63.44",
        "201504": "62.72",
        "201505": "60.46",
        "201506": "53.28",
        "201507": "46.67",
        "201508": "47.31",
        "201509": "49.52",
        "201510": "52.37",
        "201511": "51.53",
        "201512": "51.36",
        "201601": "52.56",
        "201602": "54.18",
        "201603": "53.78",
        "201604": "56.15",
        "201605": "53.66",
        "201606": "54.07",
        "201607": "53.48",
        "201608": "65.59",
        "201609": "64.93",
        "201610": "63.46",
        "201611": "60.11",
        "201612": "57.86",
        "201701": "64.44",
        "201702": "71.83",
        "201703": "82.19",
        "201704": "92.63",
        "201705": "101.78",
        "201706": "104.57",
        "201707": "106.17",
        "201708": "162.86",
        "201709": "210.89",
        "201710": "230.13",
        "201711": "279.57",
        "201712": "318.12",
        "201801": "382.68",
        "201802": "346.73",
        "201803": "442.28",
        "201804": "590.00",
        "201805": "873.05",
        "201806": "1073.00",
        "201807": "975.36",
        "201808": "683.83",
        "201809": "531.37",
        "201810": "390.86",
        "201811": "329.86",
        "201812": "336.69",
        "201901": "311.83",
        "201902": "366.15",
        "201903": "334.00",
        "201904": "324.80",
        "201905": "265.14",
        "201906": "259.39",
        "201907": "265.76",
        "201908": "249.02",
        "201909": "233.97",
        "201910": "301.17",
        "201911": "317.40",
        "201912": "383.75",
        "202001": "411.83",
        "202002": "440.50",
        "202003": "323.48",
        "202004": "339.90",
        "202005": "388.25",
        "202006": "393.08",
        "202007": "383.24",
        "202008": "364.57",
        "202009": "344.89",
        "202010": "356.66",
        "202011": "401.74",
        "202012": "489.63",
        "202101": "581.70",
        "202102": "604.08",
        "202103": "561.14",
        "202104": "558.16",
        "202105": "471.90",
        "202106": "516.32",
        "202107": "580.36",
        "202108": "502.95",
        "202109": "469.40",
        "202110": "418.28",
        "202111": "441.84",
        "202112": "462.14",
        "202201": "496.19",
        "202202": "466.77",
        "202203": "434.65",
        "202204": "406.79",
        "202205": "395.19",
        "202206": "366.69",
        "202207": "316.05",
        "202208": "326.54",
        "202209": "315.36",
        "202210": "286.46",
        "202211": "430.80",
        "202212": "473.57",
        "202301": "510.62",
        "202302": "540.50",
        "202303": "522.54",
        "202304": "519.94",
        "202305": "497.59",
        "202306": "497.42",
        "202307": "482.00",
        "202308": "466.30",
        "202309": "513.10",
        "202310": "531.90",
        "202311": "556.91",
        "202312": "606.38",
        "202401": "562.59",
        "202402": "549.92",
        "202403": "570.14"
    },
    "quarters": {
        "20011": {
            "year_quarter": 20011,
            "year": 2001,
            "quarter": 1,
            "eps": 0.99,
            "eps_growth_year": 94.12,
            "eps_4q": 3.87,
            "eps_4q_growth_year": 111.26,
            "roe": 4.16,
            "roe_4q": 4.16,
            "gross_profit": 604736,
            "gross_margin": 32.44,
            "gross_margin_4q_avg": 32.44,
            "net_income": 1361038,
            "net_income_4q": null,
            "revenue": 1864089,
            "revenue_4q": null,
            "common_shares": 13797684,
            "book_valuer_per_share": 23.94,
            "book_valuer_per_share_4q_avg": 23.94,
            "equity": 33031509,
            "current_ratio": 54.03,
            "debt_ratio": 35.47,
            "inventory_turnover_ratio": 0.39,
            "account_receivable_turnover_ratio": null,
            "reinvestment_rate": null,
            "research_to_sale_ratio": null,
            "price_fair": 0,
            "eps_avg_yearly": 0,
            "eps_latest_yearly": 0,
            "eps_growth_yearly": 0
        },
        "20012": {
            "year_quarter": 20012,
            "year": 2001,
            "quarter": 2,
            "eps": 0.54,
            "eps_growth_year": -6.9,
            "eps_4q": 2.98,
            "eps_4q_growth_year": 42.44,
            "roe": 2.99,
            "roe_4q": 7.15,
            "gross_profit": 480468,
            "gross_margin": 31.58,
            "gross_margin_4q_avg": 32.01,
            "net_income": 1000706,
            "net_income_4q": null,
            "revenue": 1521604,
            "revenue_4q": null,
            "common_shares": 18507928,
            "book_valuer_per_share": 18.36,
            "book_valuer_per_share_4q_avg": 21.15,
            "equity": 33986972,
            "current_ratio": 89.07,
            "debt_ratio": 37.18,
            "inventory_turnover_ratio": 0.65,
            "account_receivable_turnover_ratio": null,
            "reinvestment_rate": null,
            "research_to_sale_ratio": null,
            "price_fair": 0,
            "eps_avg_yearly": 0,
            "eps_latest_yearly": 0,
            "eps_growth_yearly": 0
        },
        "20013": {
            "year_quarter": 20013,
            "year": 2001,
            "quarter": 3,
            "eps": 0.52,
            "eps_growth_year": -62.32,
            "eps_4q": 2.43,
            "eps_4q_growth_year": -28.87,
            "roe": 2.68,
            "roe_4q": 9.83,
            "gross_profit": 502112,
            "gross_margin": 32.94,
            "gross_margin_4q_avg": 32.32,
            "net_income": 984104,
            "net_income_4q": null,
            "revenue": 1524332,
            "revenue_4q": null,
            "common_shares": 20507928,
            "book_valuer_per_share": 19.3,
            "book_valuer_per_share_4q_avg": 20.53,
            "equity": 39588702,
            "current_ratio": 91.43,
            "debt_ratio": 34.24,
            "inventory_turnover_ratio": 0.57,
            "account_receivable_turnover_ratio": null,
            "reinvestment_rate": null,
            "research_to_sale_ratio": null,
            "price_fair": 0,
            "eps_avg_yearly": 0,
            "eps_latest_yearly": 0,
            "eps_growth_yearly": 0
        },
        "20014": {
            "year_quarter": 20014,
            "year": 2001,
            "quarter": 4,
            "eps": 0.02,
            "eps_growth_year": -97.8,
            "eps_4q": 1.8,
            "eps_4q_growth_year": -45.6,
            "roe": 0.09,
            "roe_4q": 9.92,
            "gross_profit": 293943,
            "gross_margin": 38.85,
            "gross_margin_4q_avg": 33.95,
            "net_income": 37603,
            "net_income_4q": null,
            "revenue": 756577,
            "revenue_4q": null,
            "common_shares": 20507928,
            "book_valuer_per_share": 19.55,
            "book_valuer_per_share_4q_avg": 20.29,
            "equity": 40100023,
            "current_ratio": 139.49,
            "debt_ratio": 41.01,
            "inventory_turnover_ratio": 0.12,
            "account_receivable_turnover_ratio": null,
            "reinvestment_rate": null,
            "research_to_sale_ratio": null,
            "price_fair": 0,
            "eps_avg_yearly": 0,
            "eps_latest_yearly": 0,
            "eps_growth_yearly": 0
        },
        "20021": {
            "year_quarter": 20021,
            "year": 2002,
            "quarter": 1,
            "eps": -0.44,
            "eps_growth_year": -144.44,
            "eps_4q": 0.54,
            "eps_4q_growth_year": -85.94,
            "roe": -2.28,
            "roe_4q": 3.4800000000000004,
            "gross_profit": 928600,
            "gross_margin": 25.95,
            "gross_margin_4q_avg": 32.33,
            "net_income": -904800,
            "net_income_4q": null,
            "revenue": 3578000,
            "revenue_4q": null,
            "common_shares": null,
            "book_valuer_per_share": null,
            "book_valuer_per_share_4q_avg": 14.3,
            "equity": 39242000,
            "current_ratio": null,
            "debt_ratio": 42.08,
            "inventory_turnover_ratio": 0.43,
            "account_receivable_turnover_ratio": null,
            "reinvestment_rate": null,
            "research_to_sale_ratio": null,
            "price_fair": 0,
            "eps_avg_yearly": 0,
            "eps_latest_yearly": 0,
            "eps_growth_yearly": 0
        },
        "20022": {
            "year_quarter": 20022,
            "year": 2002,
            "quarter": 2,
            "eps": -1.16,
            "eps_growth_year": -314.81,
            "eps_4q": null,
            "eps_4q_growth_year": null,
            "roe": -6.22,
            "roe_4q": -5.73,
            "gross_profit": 1176800,
            "gross_margin": 29.05,
            "gross_margin_4q_avg": 31.7,
            "net_income": -2379400,
            "net_income_4q": null,
            "revenue": 4050600,
            "revenue_4q": null,
            "common_shares": null,
            "book_valuer_per_share": null,
            "book_valuer_per_share_4q_avg": 9.71,
            "equity": 37205000,
            "current_ratio": null,
            "debt_ratio": 43.59,
            "inventory_turnover_ratio": null,
            "account_receivable_turnover_ratio": null,
            "reinvestment_rate": null,
            "research_to_sale_ratio": null,
            "price_fair": 0,
            "eps_avg_yearly": 0,
            "eps_latest_yearly": 0,
            "eps_growth_yearly": 0
        },
        "20023": {
            "year_quarter": 20023,
            "year": 2002,
            "quarter": 3,
            "eps": -0.27,
            "eps_growth_year": -151.92,
            "eps_4q": null,
            "eps_4q_growth_year": null,
            "roe": -1.68,
            "roe_4q": -10.09,
            "gross_profit": 1055500,
            "gross_margin": 27.04,
            "gross_margin_4q_avg": 30.22,
            "net_income": -615700,
            "net_income_4q": null,
            "revenue": 3903100,
            "revenue_4q": null,
            "common_shares": null,
            "book_valuer_per_share": null,
            "book_valuer_per_share_4q_avg": 4.89,
            "equity": 36225000,
            "current_ratio": null,
            "debt_ratio": 44.85,
            "inventory_turnover_ratio": null,
            "account_receivable_turnover_ratio": null,
            "reinvestment_rate": null,
            "research_to_sale_ratio": null,
            "price_fair": 0,
            "eps_avg_yearly": 0,
            "eps_latest_yearly": 0,
            "eps_growth_yearly": 0
        },
        "20024": {
            "year_quarter": 20024,
            "year": 2002,
            "quarter": 4,
            "eps": -0.32,
            "eps_growth_year": -1700,
            "eps_4q": -2.05,
            "eps_4q_growth_year": -213.92,
            "roe": -2.01,
            "roe_4q": -12.19,
            "gross_profit": 866675,
            "gross_margin": 22.69,
            "gross_margin_4q_avg": 26.18,
            "net_income": -728259,
            "net_income_4q": null,
            "revenue": 3820297,
            "revenue_4q": null,
            "common_shares": 22540415,
            "book_valuer_per_share": 16.15,
            "book_valuer_per_share_4q_avg": 4.04,
            "equity": 36400593,
            "current_ratio": 101.19,
            "debt_ratio": 41.93,
            "inventory_turnover_ratio": 0.55,
            "account_receivable_turnover_ratio": null,
            "reinvestment_rate": 180.94,
            "research_to_sale_ratio": null,
            "price_fair": 0,
            "eps_avg_yearly": 0,
            "eps_latest_yearly": 0,
            "eps_growth_yearly": 0
        },
        "20031": {
            "year_quarter": 20031,
            "year": 2003,
            "quarter": 1,
            "eps": -0.3,
            "eps_growth_year": null,
            "eps_4q": -1.96,
            "eps_4q_growth_year": -460.49,
            "roe": -1.87,
            "roe_4q": -11.78,
            "gross_profit": 820900,
            "gross_margin": 20.5,
            "gross_margin_4q_avg": 24.82,
            "net_income": -673200,
            "net_income_4q": null,
            "revenue": 4005000,
            "revenue_4q": null,
            "common_shares": null,
            "book_valuer_per_share": null,
            "book_valuer_per_share_4q_avg": 4.04,
            "equity": 35728000,
            "current_ratio": null,
            "debt_ratio": 38.63,
            "inventory_turnover_ratio": 0.59,
            "account_receivable_turnover_ratio": null,
            "reinvestment_rate": -118.76,
            "research_to_sale_ratio": null,
            "price_fair": 0,
            "eps_avg_yearly": 0,
            "eps_latest_yearly": 0,
            "eps_growth_yearly": 0
        },
        "20032": {
            "year_quarter": 20032,
            "year": 2003,
            "quarter": 2,
            "eps": -0.17,
            "eps_growth_year": null,
            "eps_4q": -1.06,
            "eps_4q_growth_year": null,
            "roe": -1.05,
            "roe_4q": -6.609999999999999,
            "gross_profit": 882813,
            "gross_margin": 24.89,
            "gross_margin_4q_avg": 23.78,
            "net_income": -375428,
            "net_income_4q": null,
            "revenue": 3546742,
            "revenue_4q": null,
            "common_shares": 22540415,
            "book_valuer_per_share": 15.78,
            "book_valuer_per_share_4q_avg": 7.98,
            "equity": 35571637,
            "current_ratio": 124.3,
            "debt_ratio": 39.8,
            "inventory_turnover_ratio": 0.57,
            "account_receivable_turnover_ratio": null,
            "reinvestment_rate": 366.36,
            "research_to_sale_ratio": null,
            "price_fair": 0,
            "eps_avg_yearly": 0,
            "eps_latest_yearly": 0,
            "eps_growth_yearly": 0
        },
        "20033": {
            "year_quarter": 20033,
            "year": 2003,
            "quarter": 3,
            "eps": 0.1,
            "eps_growth_year": null,
            "eps_4q": -0.68,
            "eps_4q_growth_year": null,
            "roe": 0.64,
            "roe_4q": -4.29,
            "gross_profit": 1120087,
            "gross_margin": 26.11,
            "gross_margin_4q_avg": 23.55,
            "net_income": 227128,
            "net_income_4q": null,
            "revenue": 4289758,
            "revenue_4q": null,
            "common_shares": null,
            "book_valuer_per_share": null,
            "book_valuer_per_share_4q_avg": 7.98,
            "equity": 35697000,
            "current_ratio": null,
            "debt_ratio": 38.09,
            "inventory_turnover_ratio": 0.68,
            "account_receivable_turnover_ratio": null,
            "reinvestment_rate": -132.42,
            "research_to_sale_ratio": null,
            "price_fair": 0,
            "eps_avg_yearly": 0,
            "eps_latest_yearly": 0,
            "eps_growth_yearly": 0
        },
        "20034": {
            "year_quarter": 20034,
            "year": 2003,
            "quarter": 4,
            "eps": 0.01,
            "eps_growth_year": null,
            "eps_4q": -0.35,
            "eps_4q_growth_year": null,
            "roe": 0.08,
            "roe_4q": -2.2,
            "gross_profit": 1212635,
            "gross_margin": 29.17,
            "gross_margin_4q_avg": 25.17,
            "net_income": 27273,
            "net_income_4q": null,
            "revenue": 4156788,
            "revenue_4q": null,
            "common_shares": 22540415,
            "book_valuer_per_share": 15.95,
            "book_valuer_per_share_4q_avg": 7.93,
            "equity": 35952609,
            "current_ratio": 211.87,
            "debt_ratio": 41.61,
            "inventory_turnover_ratio": 0.65,
            "account_receivable_turnover_ratio": null,
            "reinvestment_rate": 513.16,
            "research_to_sale_ratio": null,
            "price_fair": 0.12,
            "eps_avg_yearly": 0.04,
            "eps_latest_yearly": 0.04,
            "eps_growth_yearly": -360
        },
        "20041": {
            "year_quarter": 20041,
            "year": 2004,
            "quarter": 1,
            "eps": 0.18,
            "eps_growth_year": null,
            "eps_4q": 0.13,
            "eps_4q_growth_year": null,
            "roe": 1.14,
            "roe_4q": 0.8099999999999998,
            "gross_profit": 1246900,
            "gross_margin": 29.69,
            "gross_margin_4q_avg": 27.47,
            "net_income": 415000,
            "net_income_4q": null,
            "revenue": 4199300,
            "revenue_4q": null,
            "common_shares": null,
            "book_valuer_per_share": null,
            "book_valuer_per_share_4q_avg": 7.93,
            "equity": 36812000,
            "current_ratio": null,
            "debt_ratio": 39.71,
            "inventory_turnover_ratio": 0.65,
            "account_receivable_turnover_ratio": null,
            "reinvestment_rate": -129.9,
            "research_to_sale_ratio": null,
            "price_fair": 13.3,
            "eps_avg_yearly": 0.38,
            "eps_latest_yearly": 0.72,
            "eps_growth_yearly": 3220
        },
        "20042": {
            "year_quarter": 20042,
            "year": 2004,
            "quarter": 2,
            "eps": 0.07,
            "eps_growth_year": null,
            "eps_4q": 0.37,
            "eps_4q_growth_year": null,
            "roe": 0.42,
            "roe_4q": 2.28,
            "gross_profit": 1312947,
            "gross_margin": 29.2,
            "gross_margin_4q_avg": 28.54,
            "net_income": 156217,
            "net_income_4q": null,
            "revenue": 4496263,
            "revenue_4q": null,
            "common_shares": 22748635,
            "book_valuer_per_share": 16.21,
            "book_valuer_per_share_4q_avg": 8.04,
            "equity": 36864398,
            "current_ratio": 191.42,
            "debt_ratio": 38.13,
            "inventory_turnover_ratio": 0.55,
            "account_receivable_turnover_ratio": null,
            "reinvestment_rate": 729.08,
            "research_to_sale_ratio": null,
            "price_fair": 12.13,
            "eps_avg_yearly": 0.35,
            "eps_latest_yearly": 0.28,
            "eps_growth_yearly": 2065.19
        },
        "20043": {
            "year_quarter": 20043,
            "year": 2004,
            "quarter": 3,
            "eps": 0.07,
            "eps_growth_year": -30,
            "eps_4q": 0.33,
            "eps_4q_growth_year": null,
            "roe": 0.44,
            "roe_4q": 2.08,
            "gross_profit": 1276453,
            "gross_margin": 29.69,
            "gross_margin_4q_avg": 29.44,
            "net_income": 161983,
            "net_income_4q": null,
            "revenue": 4298837,
            "revenue_4q": null,
            "common_shares": 22749000,
            "book_valuer_per_share": 16.21,
            "book_valuer_per_share_4q_avg": 12.09,
            "equity": 36879000,
            "current_ratio": 189.72,
            "debt_ratio": 39.72,
            "inventory_turnover_ratio": 0.53,
            "account_receivable_turnover_ratio": null,
            "reinvestment_rate": null,
            "research_to_sale_ratio": null,
            "price_fair": 11.55,
            "eps_avg_yearly": 0.33,
            "eps_latest_yearly": 0.28,
            "eps_growth_yearly": 1548.89
        },
        "20044": {
            "year_quarter": 20044,
            "year": 2004,
            "quarter": 4,
            "eps": -4.84,
            "eps_growth_year": -48500,
            "eps_4q": -4.51,
            "eps_4q_growth_year": null,
            "roe": -35.98,
            "roe_4q": -33.98,
            "gross_profit": 754408,
            "gross_margin": 20.93,
            "gross_margin_4q_avg": 27.38,
            "net_income": -10960710,
            "net_income_4q": null,
            "revenue": 3603978,
            "revenue_4q": null,
            "common_shares": 22748635,
            "book_valuer_per_share": 10.57,
            "book_valuer_per_share_4q_avg": 10.75,
            "equity": 24045848,
            "current_ratio": 125.5,
            "debt_ratio": 49.45,
            "inventory_turnover_ratio": 0.55,
            "account_receivable_turnover_ratio": null,
            "reinvestment_rate": null,
            "research_to_sale_ratio": null,
            "price_fair": 11.55,
            "eps_avg_yearly": 0.33,
            "eps_latest_yearly": 0.28,
            "eps_growth_yearly": 1548.89
        },
        "20051": {
            "year_quarter": 20051,
            "year": 2005,
            "quarter": 1,
            "eps": -0.04,
            "eps_growth_year": -122.22,
            "eps_4q": -4.32,
            "eps_4q_growth_year": -3490.19,
            "roe": -0.39,
            "roe_4q": -35.51,
            "gross_profit": 747900,
            "gross_margin": 20.09,
            "gross_margin_4q_avg": 24.98,
            "net_income": -99400,
            "net_income_4q": null,
            "revenue": 3722900,
            "revenue_4q": null,
            "common_shares": 24065000,
            "book_valuer_per_share": 11,
            "book_valuer_per_share_4q_avg": 13.5,
            "equity": 26463000,
            "current_ratio": 138.17,
            "debt_ratio": 41.14,
            "inventory_turnover_ratio": 0.57,
            "account_receivable_turnover_ratio": null,
            "reinvestment_rate": null,
            "research_to_sale_ratio": null,
            "price_fair": 11.55,
            "eps_avg_yearly": 0.33,
            "eps_latest_yearly": 0.28,
            "eps_growth_yearly": 1548.89
        },
        "20052": {
            "year_quarter": 20052,
            "year": 2005,
            "quarter": 2,
            "eps": 0,
            "eps_growth_year": -100,
            "eps_4q": -4.79,
            "eps_4q_growth_year": -1394.42,
            "roe": 0.02,
            "roe_4q": -35.91,
            "gross_profit": 808280,
            "gross_margin": 22.57,
            "gross_margin_4q_avg": 23.32,
            "net_income": 4356,
            "net_income_4q": null,
            "revenue": 3581035,
            "revenue_4q": null,
            "common_shares": 22748635,
            "book_valuer_per_share": 10.15,
            "book_valuer_per_share_4q_avg": 11.98,
            "equity": 23085252,
            "current_ratio": 125.41,
            "debt_ratio": 49.33,
            "inventory_turnover_ratio": 0.66,
            "account_receivable_turnover_ratio": null,
            "reinvestment_rate": null,
            "research_to_sale_ratio": null,
            "price_fair": 11.55,
            "eps_avg_yearly": 0.33,
            "eps_latest_yearly": 0.28,
            "eps_growth_yearly": 1548.89
        },
        "20053": {
            "year_quarter": 20053,
            "year": 2005,
            "quarter": 3,
            "eps": 0.08,
            "eps_growth_year": 14.29,
            "eps_4q": null,
            "eps_4q_growth_year": null,
            "roe": null,
            "roe_4q": -36.349999999999994,
            "gross_profit": 1108420,
            "gross_margin": 24.29,
            "gross_margin_4q_avg": 21.97,
            "net_income": null,
            "net_income_4q": null,
            "revenue": 4562865,
            "revenue_4q": null,
            "common_shares": 24065000,
            "book_valuer_per_share": 10.56,
            "book_valuer_per_share_4q_avg": 10.57,
            "equity": 25402000,
            "current_ratio": 118.32,
            "debt_ratio": 50.4,
            "inventory_turnover_ratio": 0.82,
            "account_receivable_turnover_ratio": null,
            "reinvestment_rate": null,
            "research_to_sale_ratio": null,
            "price_fair": 11.55,
            "eps_avg_yearly": 0.33,
            "eps_latest_yearly": 0.28,
            "eps_growth_yearly": 1548.89
        },
        "20054": {
            "year_quarter": 20054,
            "year": 2005,
            "quarter": 4,
            "eps": 0.08,
            "eps_growth_year": null,
            "eps_4q": null,
            "eps_4q_growth_year": null,
            "roe": null,
            "roe_4q": -0.37,
            "gross_profit": 1359556,
            "gross_margin": 28.89,
            "gross_margin_4q_avg": 23.96,
            "net_income": null,
            "net_income_4q": null,
            "revenue": 4706505,
            "revenue_4q": null,
            "common_shares": 24064694,
            "book_valuer_per_share": 10.53,
            "book_valuer_per_share_4q_avg": 10.56,
            "equity": 26072445,
            "current_ratio": 128.45,
            "debt_ratio": 43.57,
            "inventory_turnover_ratio": 0.79,
            "account_receivable_turnover_ratio": null,
            "reinvestment_rate": null,
            "research_to_sale_ratio": null,
            "price_fair": 11.48,
            "eps_avg_yearly": 0.33,
            "eps_latest_yearly": 0.32,
            "eps_growth_yearly": 1239.11
        },
        "20061": {
            "year_quarter": 20061,
            "year": 2006,
            "quarter": 1,
            "eps": 0.18,
            "eps_growth_year": null,
            "eps_4q": null,
            "eps_4q_growth_year": null,
            "roe": 1.63,
            "roe_4q": 1.65,
            "gross_profit": 613565,
            "gross_margin": 23.1,
            "gross_margin_4q_avg": 24.71,
            "net_income": 421928,
            "net_income_4q": null,
            "revenue": 2656678,
            "revenue_4q": null,
            "common_shares": 24064694,
            "book_valuer_per_share": 10.7,
            "book_valuer_per_share_4q_avg": 10.49,
            "equity": 25748726,
            "current_ratio": 85.83,
            "debt_ratio": 41.7,
            "inventory_turnover_ratio": 0.7,
            "account_receivable_turnover_ratio": null,
            "reinvestment_rate": null,
            "research_to_sale_ratio": null,
            "price_fair": 13.77,
            "eps_avg_yearly": 0.39,
            "eps_latest_yearly": 0.72,
            "eps_growth_yearly": 1115.93
        },
        "20062": {
            "year_quarter": 20062,
            "year": 2006,
            "quarter": 2,
            "eps": 0.19,
            "eps_growth_year": null,
            "eps_4q": null,
            "eps_4q_growth_year": null,
            "roe": 1.77,
            "roe_4q": 3.4,
            "gross_profit": 672802,
            "gross_margin": 24.94,
            "gross_margin_4q_avg": 25.31,
            "net_income": 462095,
            "net_income_4q": null,
            "revenue": 2697398,
            "revenue_4q": null,
            "common_shares": 24064694,
            "book_valuer_per_share": 11.04,
            "book_valuer_per_share_4q_avg": 10.71,
            "equity": 26573911,
            "current_ratio": 65.44,
            "debt_ratio": 39.9,
            "inventory_turnover_ratio": 1.21,
            "account_receivable_turnover_ratio": null,
            "reinvestment_rate": null,
            "research_to_sale_ratio": null,
            "price_fair": 15.6,
            "eps_avg_yearly": 0.45,
            "eps_latest_yearly": 0.76,
            "eps_growth_yearly": 959.68
        },
        "20063": {
            "year_quarter": 20063,
            "year": 2006,
            "quarter": 3,
            "eps": 0.22,
            "eps_growth_year": 175,
            "eps_4q": null,
            "eps_4q_growth_year": null,
            "roe": 1.96,
            "roe_4q": 5.359999999999999,
            "gross_profit": 609798,
            "gross_margin": 22.33,
            "gross_margin_4q_avg": 24.82,
            "net_income": 530565,
            "net_income_4q": null,
            "revenue": 2731259,
            "revenue_4q": null,
            "common_shares": 24230255,
            "book_valuer_per_share": 11.37,
            "book_valuer_per_share_4q_avg": 10.91,
            "equity": 27555513,
            "current_ratio": 78.43,
            "debt_ratio": 39.35,
            "inventory_turnover_ratio": 1.25,
            "account_receivable_turnover_ratio": null,
            "reinvestment_rate": null,
            "research_to_sale_ratio": null,
            "price_fair": 17.5,
            "eps_avg_yearly": 0.5,
            "eps_latest_yearly": 0.88,
            "eps_growth_yearly": 847.62
        },
        "20064": {
            "year_quarter": 20064,
            "year": 2006,
            "quarter": 4,
            "eps": 0.23,
            "eps_growth_year": 187.5,
            "eps_4q": 0.81,
            "eps_4q_growth_year": null,
            "roe": 1.98,
            "roe_4q": 7.34,
            "gross_profit": 587305,
            "gross_margin": 20.93,
            "gross_margin_4q_avg": 22.83,
            "net_income": 563512,
            "net_income_4q": null,
            "revenue": 2806557,
            "revenue_4q": null,
            "common_shares": 24230255,
            "book_valuer_per_share": 11.82,
            "book_valuer_per_share_4q_avg": 11.23,
            "equity": 29496027,
            "current_ratio": 123.97,
            "debt_ratio": 36.34,
            "inventory_turnover_ratio": 0.72,
            "account_receivable_turnover_ratio": null,
            "reinvestment_rate": null,
            "research_to_sale_ratio": null,
            "price_fair": 19.13,
            "eps_avg_yearly": 0.55,
            "eps_latest_yearly": 0.92,
            "eps_growth_yearly": 755.46
        },
        "20071": {
            "year_quarter": 20071,
            "year": 2007,
            "quarter": 1,
            "eps": 0.2,
            "eps_growth_year": 11.11,
            "eps_4q": 0.85,
            "eps_4q_growth_year": null,
            "roe": 1.55,
            "roe_4q": 7.26,
            "gross_profit": 474278,
            "gross_margin": 19.79,
            "gross_margin_4q_avg": 22,
            "net_income": 480021,
            "net_income_4q": null,
            "revenue": 2396437,
            "revenue_4q": null,
            "common_shares": 24222145,
            "book_valuer_per_share": 13.46,
            "book_valuer_per_share_4q_avg": 11.92,
            "equity": 32603850,
            "current_ratio": 124.93,
            "debt_ratio": 35.98,
            "inventory_turnover_ratio": 0.67,
            "account_receivable_turnover_ratio": null,
            "reinvestment_rate": null,
            "research_to_sale_ratio": null,
            "price_fair": 20.02,
            "eps_avg_yearly": 0.57,
            "eps_latest_yearly": 0.8,
            "eps_growth_yearly": 674.69
        },
        "20072": {
            "year_quarter": 20072,
            "year": 2007,
            "quarter": 2,
            "eps": 0.31,
            "eps_growth_year": 63.16,
            "eps_4q": 0.95,
            "eps_4q_growth_year": null,
            "roe": 2.44,
            "roe_4q": 7.930000000000001,
            "gross_profit": 479659,
            "gross_margin": 19.01,
            "gross_margin_4q_avg": 20.52,
            "net_income": 760975,
            "net_income_4q": null,
            "revenue": 2523569,
            "revenue_4q": null,
            "common_shares": 24223715,
            "book_valuer_per_share": 12.26,
            "book_valuer_per_share_4q_avg": 12.23,
            "equity": 29693656,
            "current_ratio": 140.26,
            "debt_ratio": 42.5,
            "inventory_turnover_ratio": 1.7,
            "account_receivable_turnover_ratio": null,
            "reinvestment_rate": null,
            "research_to_sale_ratio": null,
            "price_fair": 22.15,
            "eps_avg_yearly": 0.63,
            "eps_latest_yearly": 1.24,
            "eps_growth_yearly": 633.36
        },
        "20073": {
            "year_quarter": 20073,
            "year": 2007,
            "quarter": 3,
            "eps": 0.45,
            "eps_growth_year": 104.55,
            "eps_4q": 1.19,
            "eps_4q_growth_year": null,
            "roe": 3.64,
            "roe_4q": 9.61,
            "gross_profit": 717650,
            "gross_margin": 21.74,
            "gross_margin_4q_avg": 20.37,
            "net_income": 1093978,
            "net_income_4q": null,
            "revenue": 3300413,
            "revenue_4q": null,
            "common_shares": 24311396,
            "book_valuer_per_share": 12.5,
            "book_valuer_per_share_4q_avg": 12.51,
            "equity": 30400133,
            "current_ratio": 148.8,
            "debt_ratio": 40.89,
            "inventory_turnover_ratio": 2.61,
            "account_receivable_turnover_ratio": null,
            "reinvestment_rate": null,
            "research_to_sale_ratio": null,
            "price_fair": 25.55,
            "eps_avg_yearly": 0.73,
            "eps_latest_yearly": 1.8,
            "eps_growth_yearly": 595.63
        },
        "20074": {
            "year_quarter": 20074,
            "year": 2007,
            "quarter": 4,
            "eps": -0.06,
            "eps_growth_year": -126.09,
            "eps_4q": 0.86,
            "eps_4q_growth_year": 7.07,
            "roe": -0.44,
            "roe_4q": 7.19,
            "gross_profit": 701891,
            "gross_margin": 23.69,
            "gross_margin_4q_avg": 21.06,
            "net_income": -135573,
            "net_income_4q": null,
            "revenue": 2962574,
            "revenue_4q": null,
            "common_shares": 24382213,
            "book_valuer_per_share": 12.33,
            "book_valuer_per_share_4q_avg": 12.64,
            "equity": 30932785,
            "current_ratio": 208,
            "debt_ratio": 38.27,
            "inventory_turnover_ratio": 0.98,
            "account_receivable_turnover_ratio": null,
            "reinvestment_rate": null,
            "research_to_sale_ratio": null,
            "price_fair": 27.75,
            "eps_avg_yearly": 0.79,
            "eps_latest_yearly": 1.8,
            "eps_growth_yearly": 682.51
        },
        "20081": {
            "year_quarter": 20081,
            "year": 2008,
            "quarter": 1,
            "eps": 0.31,
            "eps_growth_year": 55,
            "eps_4q": 1.01,
            "eps_4q_growth_year": 18.81,
            "roe": 2.46,
            "roe_4q": 8.1,
            "gross_profit": 1332397,
            "gross_margin": 23.3,
            "gross_margin_4q_avg": 21.94,
            "net_income": 755128,
            "net_income_4q": null,
            "revenue": 5717918,
            "revenue_4q": null,
            "common_shares": 24382213,
            "book_valuer_per_share": 12.1,
            "book_valuer_per_share_4q_avg": 12.3,
            "equity": 30395088,
            "current_ratio": 195.71,
            "debt_ratio": 37.99,
            "inventory_turnover_ratio": 1.2,
            "account_receivable_turnover_ratio": null,
            "reinvestment_rate": null,
            "research_to_sale_ratio": null,
            "price_fair": 28,
            "eps_avg_yearly": 0.8,
            "eps_latest_yearly": 1.8,
            "eps_growth_yearly": 70.76
        },
        "20082": {
            "year_quarter": 20082,
            "year": 2008,
            "quarter": 2,
            "eps": 0.32,
            "eps_growth_year": 3.23,
            "eps_4q": 1.06,
            "eps_4q_growth_year": 11.29,
            "roe": 2.49,
            "roe_4q": 8.15,
            "gross_profit": 1264537,
            "gross_margin": 21.41,
            "gross_margin_4q_avg": 22.54,
            "net_income": 738302,
            "net_income_4q": null,
            "revenue": 5907239,
            "revenue_4q": null,
            "common_shares": 21948623,
            "book_valuer_per_share": 12.83,
            "book_valuer_per_share_4q_avg": 12.44,
            "equity": 28947439,
            "current_ratio": 155.4,
            "debt_ratio": 38.16,
            "inventory_turnover_ratio": 1.28,
            "account_receivable_turnover_ratio": null,
            "reinvestment_rate": null,
            "research_to_sale_ratio": null,
            "price_fair": 31.5,
            "eps_avg_yearly": 0.9,
            "eps_latest_yearly": 1.28,
            "eps_growth_yearly": 96.49
        },
        "20083": {
            "year_quarter": 20083,
            "year": 2008,
            "quarter": 3,
            "eps": 0.66,
            "eps_growth_year": 46.67,
            "eps_4q": 1.22,
            "eps_4q_growth_year": 2.31,
            "roe": 5.22,
            "roe_4q": 9.73,
            "gross_profit": 1373936,
            "gross_margin": 20.74,
            "gross_margin_4q_avg": 22.29,
            "net_income": 1543881,
            "net_income_4q": null,
            "revenue": 6624533,
            "revenue_4q": null,
            "common_shares": 21948623,
            "book_valuer_per_share": 13.61,
            "book_valuer_per_share_4q_avg": 12.72,
            "equity": 30243188,
            "current_ratio": 165.45,
            "debt_ratio": 37.18,
            "inventory_turnover_ratio": 1.42,
            "account_receivable_turnover_ratio": null,
            "reinvestment_rate": null,
            "research_to_sale_ratio": null,
            "price_fair": 39.76,
            "eps_avg_yearly": 1.14,
            "eps_latest_yearly": 2.64,
            "eps_growth_yearly": 138.99
        },
        "20084": {
            "year_quarter": 20084,
            "year": 2008,
            "quarter": 4,
            "eps": -1.07,
            "eps_growth_year": null,
            "eps_4q": 0.23,
            "eps_4q_growth_year": -73.18,
            "roe": -8.4,
            "roe_4q": 1.7699999999999996,
            "gross_profit": 552972,
            "gross_margin": 13.05,
            "gross_margin_4q_avg": 19.63,
            "net_income": -2419078,
            "net_income_4q": null,
            "revenue": 4236916,
            "revenue_4q": null,
            "common_shares": 21948623,
            "book_valuer_per_share": 12.45,
            "book_valuer_per_share_4q_avg": 12.75,
            "equity": 27349301,
            "current_ratio": 183.64,
            "debt_ratio": 40.26,
            "inventory_turnover_ratio": 1.04,
            "account_receivable_turnover_ratio": 1.67,
            "reinvestment_rate": null,
            "research_to_sale_ratio": null,
            "price_fair": 39.76,
            "eps_avg_yearly": 1.14,
            "eps_latest_yearly": 2.64,
            "eps_growth_yearly": 138.99
        },
        "20091": {
            "year_quarter": 20091,
            "year": 2009,
            "quarter": 1,
            "eps": -0.21,
            "eps_growth_year": -167.74,
            "eps_4q": -0.29,
            "eps_4q_growth_year": -128.51,
            "roe": -1.71,
            "roe_4q": -2.3999999999999995,
            "gross_profit": 244178,
            "gross_margin": 6.55,
            "gross_margin_4q_avg": 15.44,
            "net_income": -464500,
            "net_income_4q": null,
            "revenue": 3725491,
            "revenue_4q": null,
            "common_shares": 21948623,
            "book_valuer_per_share": 12.3,
            "book_valuer_per_share_4q_avg": 12.8,
            "equity": 27028593,
            "current_ratio": 210.32,
            "debt_ratio": 38.42,
            "inventory_turnover_ratio": 1.14,
            "account_receivable_turnover_ratio": 0.82,
            "reinvestment_rate": null,
            "research_to_sale_ratio": null,
            "price_fair": 39.76,
            "eps_avg_yearly": 1.14,
            "eps_latest_yearly": 2.64,
            "eps_growth_yearly": 138.99
        },
        "20092": {
            "year_quarter": 20092,
            "year": 2009,
            "quarter": 2,
            "eps": 0.06,
            "eps_growth_year": -81.25,
            "eps_4q": -0.54,
            "eps_4q_growth_year": -150.83,
            "roe": 0.5,
            "roe_4q": -4.39,
            "gross_profit": 957831,
            "gross_margin": 21.42,
            "gross_margin_4q_avg": 15.44,
            "net_income": 138251,
            "net_income_4q": null,
            "revenue": 4471740,
            "revenue_4q": null,
            "common_shares": 21948623,
            "book_valuer_per_share": 12.89,
            "book_valuer_per_share_4q_avg": 12.81,
            "equity": 28319078,
            "current_ratio": 222.41,
            "debt_ratio": 36.62,
            "inventory_turnover_ratio": 1.29,
            "account_receivable_turnover_ratio": 1.04,
            "reinvestment_rate": null,
            "research_to_sale_ratio": null,
            "price_fair": 39.76,
            "eps_avg_yearly": 1.14,
            "eps_latest_yearly": 2.64,
            "eps_growth_yearly": 138.99
        },
        "20093": {
            "year_quarter": 20093,
            "year": 2009,
            "quarter": 3,
            "eps": 0.23,
            "eps_growth_year": -65.15,
            "eps_4q": -1.03,
            "eps_4q_growth_year": -184.18,
            "roe": 1.75,
            "roe_4q": -7.86,
            "gross_profit": 1262974,
            "gross_margin": 23.15,
            "gross_margin_4q_avg": 16.04,
            "net_income": 502673,
            "net_income_4q": null,
            "revenue": 5454848,
            "revenue_4q": null,
            "common_shares": 21948623,
            "book_valuer_per_share": 13.21,
            "book_valuer_per_share_4q_avg": 12.71,
            "equity": 29009431,
            "current_ratio": 219.15,
            "debt_ratio": 37.97,
            "inventory_turnover_ratio": 1.49,
            "account_receivable_turnover_ratio": 1.05,
            "reinvestment_rate": null,
            "research_to_sale_ratio": null,
            "price_fair": 39.07,
            "eps_avg_yearly": 1.12,
            "eps_latest_yearly": 0.92,
            "eps_growth_yearly": 229.39
        },
        "20094": {
            "year_quarter": 20094,
            "year": 2009,
            "quarter": 4,
            "eps": 0.23,
            "eps_growth_year": null,
            "eps_4q": 0.31,
            "eps_4q_growth_year": 32.4,
            "roe": 1.72,
            "roe_4q": 2.26,
            "gross_profit": 1418893,
            "gross_margin": 25.9,
            "gross_margin_4q_avg": 19.26,
            "net_income": 507997,
            "net_income_4q": null,
            "revenue": 5477840,
            "revenue_4q": null,
            "common_shares": 21948623,
            "book_valuer_per_share": 13.62,
            "book_valuer_per_share_4q_avg": 13.01,
            "equity": 29963403,
            "current_ratio": 210.03,
            "debt_ratio": 38.7,
            "inventory_turnover_ratio": 1.33,
            "account_receivable_turnover_ratio": 1.91,
            "reinvestment_rate": 98.7,
            "research_to_sale_ratio": null,
            "price_fair": 40.98,
            "eps_avg_yearly": 1.17,
            "eps_latest_yearly": 0.92,
            "eps_growth_yearly": 229.39
        },
        "20101": {
            "year_quarter": 20101,
            "year": 2010,
            "quarter": 1,
            "eps": 0.46,
            "eps_growth_year": null,
            "eps_4q": 0.98,
            "eps_4q_growth_year": null,
            "roe": 3.31,
            "roe_4q": 7.28,
            "gross_profit": 1695243,
            "gross_margin": 27.03,
            "gross_margin_4q_avg": 24.38,
            "net_income": 1004921,
            "net_income_4q": null,
            "revenue": 6271400,
            "revenue_4q": null,
            "common_shares": 21948623,
            "book_valuer_per_share": 13.96,
            "book_valuer_per_share_4q_avg": 13.42,
            "equity": 30729595,
            "current_ratio": 215.3,
            "debt_ratio": 36.98,
            "inventory_turnover_ratio": 1.36,
            "account_receivable_turnover_ratio": 1.05,
            "reinvestment_rate": 252.17,
            "research_to_sale_ratio": 1.3,
            "price_fair": 44.55,
            "eps_avg_yearly": 1.27,
            "eps_latest_yearly": 1.84,
            "eps_growth_yearly": 220.3
        },
        "20102": {
            "year_quarter": 20102,
            "year": 2010,
            "quarter": 2,
            "eps": 0.5,
            "eps_growth_year": 741.36,
            "eps_4q": 1.42,
            "eps_4q_growth_year": null,
            "roe": 3.62,
            "roe_4q": 10.4,
            "gross_profit": 2164349,
            "gross_margin": 30.02,
            "gross_margin_4q_avg": 26.53,
            "net_income": 1115544,
            "net_income_4q": null,
            "revenue": 7209451,
            "revenue_4q": null,
            "common_shares": 21948623,
            "book_valuer_per_share": 14,
            "book_valuer_per_share_4q_avg": 13.7,
            "equity": 30825645,
            "current_ratio": 214.29,
            "debt_ratio": 36.36,
            "inventory_turnover_ratio": 1.36,
            "account_receivable_turnover_ratio": 1.06,
            "reinvestment_rate": 231.27,
            "research_to_sale_ratio": 1.41,
            "price_fair": 48.49,
            "eps_avg_yearly": 1.39,
            "eps_latest_yearly": 2,
            "eps_growth_yearly": 221.44
        },
        "20103": {
            "year_quarter": 20103,
            "year": 2010,
            "quarter": 3,
            "eps": 0.57,
            "eps_growth_year": 148.17,
            "eps_4q": 1.76,
            "eps_4q_growth_year": null,
            "roe": 3.99,
            "roe_4q": 12.64,
            "gross_profit": 2176324,
            "gross_margin": 28.94,
            "gross_margin_4q_avg": 27.97,
            "net_income": 1263605,
            "net_income_4q": null,
            "revenue": 7521043,
            "revenue_4q": null,
            "common_shares": 21948623,
            "book_valuer_per_share": 14.77,
            "book_valuer_per_share_4q_avg": 14.09,
            "equity": 32509377,
            "current_ratio": 177.06,
            "debt_ratio": 36.42,
            "inventory_turnover_ratio": 1.24,
            "account_receivable_turnover_ratio": 1.02,
            "reinvestment_rate": 236.31,
            "research_to_sale_ratio": 1.33,
            "price_fair": 52.95,
            "eps_avg_yearly": 1.51,
            "eps_latest_yearly": 2.28,
            "eps_growth_yearly": 220.79
        },
        "20104": {
            "year_quarter": 20104,
            "year": 2010,
            "quarter": 4,
            "eps": 0.36,
            "eps_growth_year": 54.51,
            "eps_4q": 1.88,
            "eps_4q_growth_year": 513.56,
            "roe": 2.46,
            "roe_4q": 13.38,
            "gross_profit": 1688619,
            "gross_margin": 26.75,
            "gross_margin_4q_avg": 28.19,
            "net_income": 792031,
            "net_income_4q": null,
            "revenue": 6311929,
            "revenue_4q": null,
            "common_shares": 22017084,
            "book_valuer_per_share": 14.44,
            "book_valuer_per_share_4q_avg": 14.29,
            "equity": 31871036,
            "current_ratio": 210.6,
            "debt_ratio": 36.65,
            "inventory_turnover_ratio": 0.94,
            "account_receivable_turnover_ratio": 0.92,
            "reinvestment_rate": 82.01,
            "research_to_sale_ratio": 1.57,
            "price_fair": 54.6,
            "eps_avg_yearly": 1.56,
            "eps_latest_yearly": 1.44,
            "eps_growth_yearly": 205.74
        },
        "20111": {
            "year_quarter": 20111,
            "year": 2011,
            "quarter": 1,
            "eps": 0.29,
            "eps_growth_year": -36.96,
            "eps_4q": 1.72,
            "eps_4q_growth_year": 76.44,
            "roe": 2.01,
            "roe_4q": 12.080000000000002,
            "gross_profit": 1453869,
            "gross_margin": 22.36,
            "gross_margin_4q_avg": 27.02,
            "net_income": 648894,
            "net_income_4q": null,
            "revenue": 6502790,
            "revenue_4q": null,
            "common_shares": 22017084,
            "book_valuer_per_share": 14.87,
            "book_valuer_per_share_4q_avg": 14.52,
            "equity": 32822323,
            "current_ratio": 218.43,
            "debt_ratio": 33.45,
            "inventory_turnover_ratio": 0.97,
            "account_receivable_turnover_ratio": 0.99,
            "reinvestment_rate": 213.01,
            "research_to_sale_ratio": 1.48,
            "price_fair": 55.75,
            "eps_avg_yearly": 1.59,
            "eps_latest_yearly": 1.16,
            "eps_growth_yearly": 203.41
        },
        "20112": {
            "year_quarter": 20112,
            "year": 2011,
            "quarter": 2,
            "eps": 0.22,
            "eps_growth_year": -56.53,
            "eps_4q": 1.44,
            "eps_4q_growth_year": 1.33,
            "roe": 1.48,
            "roe_4q": 9.94,
            "gross_profit": 1552268,
            "gross_margin": 22.64,
            "gross_margin_4q_avg": 25.17,
            "net_income": 486480,
            "net_income_4q": null,
            "revenue": 6856215,
            "revenue_4q": null,
            "common_shares": 22017084,
            "book_valuer_per_share": 14.93,
            "book_valuer_per_share_4q_avg": 14.75,
            "equity": 32967859,
            "current_ratio": 190.55,
            "debt_ratio": 36.32,
            "inventory_turnover_ratio": 0.99,
            "account_receivable_turnover_ratio": 0.98,
            "reinvestment_rate": 222.23,
            "research_to_sale_ratio": 1.44,
            "price_fair": 54.6,
            "eps_avg_yearly": 1.56,
            "eps_latest_yearly": 0.88,
            "eps_growth_yearly": 174.63
        },
        "20113": {
            "year_quarter": 20113,
            "year": 2011,
            "quarter": 3,
            "eps": 0.19,
            "eps_growth_year": -66.49,
            "eps_4q": 1.06,
            "eps_4q_growth_year": -39.77,
            "roe": 1.28,
            "roe_4q": 7.2299999999999995,
            "gross_profit": 1385429,
            "gross_margin": 22.2,
            "gross_margin_4q_avg": 23.49,
            "net_income": 430129,
            "net_income_4q": null,
            "revenue": 6240232,
            "revenue_4q": null,
            "common_shares": 22053084,
            "book_valuer_per_share": 15.54,
            "book_valuer_per_share_4q_avg": 14.95,
            "equity": 34379392,
            "current_ratio": 208.92,
            "debt_ratio": 33.85,
            "inventory_turnover_ratio": 0.87,
            "account_receivable_turnover_ratio": 0.84,
            "reinvestment_rate": 253.46,
            "research_to_sale_ratio": 1.68,
            "price_fair": 51.29,
            "eps_avg_yearly": 1.47,
            "eps_latest_yearly": 0.76,
            "eps_growth_yearly": 153.25
        },
        "20114": {
            "year_quarter": 20114,
            "year": 2011,
            "quarter": 4,
            "eps": 0.05,
            "eps_growth_year": -85.05,
            "eps_4q": 0.76,
            "eps_4q_growth_year": -59.85,
            "roe": 0.37,
            "roe_4q": 5.14,
            "gross_profit": 913447,
            "gross_margin": 17,
            "gross_margin_4q_avg": 21.05,
            "net_income": 125112,
            "net_income_4q": null,
            "revenue": 5373860,
            "revenue_4q": null,
            "common_shares": 22053084,
            "book_valuer_per_share": 15.24,
            "book_valuer_per_share_4q_avg": 15.15,
            "equity": 33688191,
            "current_ratio": 269.31,
            "debt_ratio": 30,
            "inventory_turnover_ratio": 0.84,
            "account_receivable_turnover_ratio": 0.76,
            "reinvestment_rate": 64.39,
            "research_to_sale_ratio": 1.92,
            "price_fair": 47.6,
            "eps_avg_yearly": 1.36,
            "eps_latest_yearly": 0.2,
            "eps_growth_yearly": 115.92
        },
        "20121": {
            "year_quarter": 20121,
            "year": 2012,
            "quarter": 1,
            "eps": 0.1,
            "eps_growth_year": -65.52,
            "eps_4q": 0.57,
            "eps_4q_growth_year": -67.16,
            "roe": 0.69,
            "roe_4q": 3.82,
            "gross_profit": 952592,
            "gross_margin": 17.1,
            "gross_margin_4q_avg": 19.74,
            "net_income": 231553,
            "net_income_4q": null,
            "revenue": 5571078,
            "revenue_4q": null,
            "common_shares": 22053084,
            "book_valuer_per_share": 15.3,
            "book_valuer_per_share_4q_avg": 15.25,
            "equity": 33833677,
            "current_ratio": 262.33,
            "debt_ratio": 33.61,
            "inventory_turnover_ratio": 1.02,
            "account_receivable_turnover_ratio": 0.85,
            "reinvestment_rate": 73.9,
            "research_to_sale_ratio": 1.38,
            "price_fair": 45.02,
            "eps_avg_yearly": 1.29,
            "eps_latest_yearly": 0.4,
            "eps_growth_yearly": 137.77
        },
        "20122": {
            "year_quarter": 20122,
            "year": 2012,
            "quarter": 2,
            "eps": 0.16,
            "eps_growth_year": -26.66,
            "eps_4q": 0.51,
            "eps_4q_growth_year": -64.7,
            "roe": 1.07,
            "roe_4q": 3.41,
            "gross_profit": 1452138,
            "gross_margin": 22.98,
            "gross_margin_4q_avg": 19.82,
            "net_income": 361694,
            "net_income_4q": null,
            "revenue": 6319972,
            "revenue_4q": null,
            "common_shares": 22053084,
            "book_valuer_per_share": 15.34,
            "book_valuer_per_share_4q_avg": 15.36,
            "equity": 33940325,
            "current_ratio": 251.04,
            "debt_ratio": 32.34,
            "inventory_turnover_ratio": 1.18,
            "account_receivable_turnover_ratio": 0.92,
            "reinvestment_rate": 49.94,
            "research_to_sale_ratio": 1.29,
            "price_fair": 43.29,
            "eps_avg_yearly": 1.24,
            "eps_latest_yearly": 0.64,
            "eps_growth_yearly": 155.24
        },
        "20123": {
            "year_quarter": 20123,
            "year": 2012,
            "quarter": 3,
            "eps": 0.2,
            "eps_growth_year": 2.07,
            "eps_4q": 0.51,
            "eps_4q_growth_year": -51.69,
            "roe": 1.28,
            "roe_4q": 3.41,
            "gross_profit": 1586867,
            "gross_margin": 24.67,
            "gross_margin_4q_avg": 20.44,
            "net_income": 435750,
            "net_income_4q": null,
            "revenue": 6433039,
            "revenue_4q": null,
            "common_shares": 22053084,
            "book_valuer_per_share": 15.41,
            "book_valuer_per_share_4q_avg": 15.32,
            "equity": 34087077,
            "current_ratio": 274.98,
            "debt_ratio": 30.93,
            "inventory_turnover_ratio": 1.12,
            "account_receivable_turnover_ratio": 0.9,
            "reinvestment_rate": 41.62,
            "research_to_sale_ratio": 1.33,
            "price_fair": 38.34,
            "eps_avg_yearly": 1.1,
            "eps_latest_yearly": 0.8,
            "eps_growth_yearly": 130.24
        },
        "20124": {
            "year_quarter": 20124,
            "year": 2012,
            "quarter": 4,
            "eps": 0.02,
            "eps_growth_year": -58.31,
            "eps_4q": 0.48,
            "eps_4q_growth_year": -36.52,
            "roe": 0.17,
            "roe_4q": 3.21,
            "gross_profit": 1038633,
            "gross_margin": 18.93,
            "gross_margin_4q_avg": 20.92,
            "net_income": 56436,
            "net_income_4q": null,
            "revenue": 5486879,
            "revenue_4q": null,
            "common_shares": 22053084,
            "book_valuer_per_share": 15.43,
            "book_valuer_per_share_4q_avg": 15.37,
            "equity": 34115789,
            "current_ratio": 319.37,
            "debt_ratio": 28.96,
            "inventory_turnover_ratio": 0.98,
            "account_receivable_turnover_ratio": 0.82,
            "reinvestment_rate": 21.11,
            "research_to_sale_ratio": 1.55,
            "price_fair": 35.8,
            "eps_avg_yearly": 1.02,
            "eps_latest_yearly": 0.08,
            "eps_growth_yearly": 95.22
        },
        "20131": {
            "year_quarter": 20131,
            "year": 2013,
            "quarter": 1,
            "eps": 0.09,
            "eps_growth_year": -10,
            "eps_4q": 0.47,
            "eps_4q_growth_year": -17.57,
            "roe": 0.58,
            "roe_4q": 3.1000000000000005,
            "gross_profit": 1181518,
            "gross_margin": 19.91,
            "gross_margin_4q_avg": 21.62,
            "net_income": 199753,
            "net_income_4q": null,
            "revenue": 5935354,
            "revenue_4q": null,
            "common_shares": 22053084,
            "book_valuer_per_share": 15.46,
            "book_valuer_per_share_4q_avg": 15.41,
            "equity": 34185662,
            "current_ratio": 322.65,
            "debt_ratio": 31.15,
            "inventory_turnover_ratio": 1.09,
            "account_receivable_turnover_ratio": 0.94,
            "reinvestment_rate": 38.21,
            "research_to_sale_ratio": 1.46,
            "price_fair": 34.25,
            "eps_avg_yearly": 0.98,
            "eps_latest_yearly": 0.36,
            "eps_growth_yearly": 182.21
        },
        "20132": {
            "year_quarter": 20132,
            "year": 2013,
            "quarter": 2,
            "eps": 0.17,
            "eps_growth_year": 5.63,
            "eps_4q": 0.47,
            "eps_4q_growth_year": -6.59,
            "roe": 1.07,
            "roe_4q": 3.0999999999999996,
            "gross_profit": 1550206,
            "gross_margin": 24,
            "gross_margin_4q_avg": 21.88,
            "net_income": 368219,
            "net_income_4q": null,
            "revenue": 6458878,
            "revenue_4q": null,
            "common_shares": 22053084,
            "book_valuer_per_share": 15.75,
            "book_valuer_per_share_4q_avg": 15.51,
            "equity": 34822376,
            "current_ratio": 161.84,
            "debt_ratio": 32.91,
            "inventory_turnover_ratio": 1.21,
            "account_receivable_turnover_ratio": 0.95,
            "reinvestment_rate": 42.38,
            "research_to_sale_ratio": 1.44,
            "price_fair": 33.6,
            "eps_avg_yearly": 0.96,
            "eps_latest_yearly": 0.68,
            "eps_growth_yearly": 193.04
        },
        "20133": {
            "year_quarter": 20133,
            "year": 2013,
            "quarter": 3,
            "eps": 0.25,
            "eps_growth_year": 28.05,
            "eps_4q": 0.7,
            "eps_4q_growth_year": 36.08,
            "roe": 1.48,
            "roe_4q": 3.3,
            "gross_profit": 1692290,
            "gross_margin": 25.95,
            "gross_margin_4q_avg": 22.2,
            "net_income": 469343,
            "net_income_4q": null,
            "revenue": 6520216,
            "revenue_4q": null,
            "common_shares": 15437159,
            "book_valuer_per_share": 18.54,
            "book_valuer_per_share_4q_avg": 16.3,
            "equity": 28733674,
            "current_ratio": 121.34,
            "debt_ratio": 42.93,
            "inventory_turnover_ratio": 1.17,
            "account_receivable_turnover_ratio": 0.89,
            "reinvestment_rate": 39.35,
            "research_to_sale_ratio": 1.44,
            "price_fair": 33.78,
            "eps_avg_yearly": 0.97,
            "eps_latest_yearly": 1,
            "eps_growth_yearly": 133.97
        },
        "20134": {
            "year_quarter": 20134,
            "year": 2013,
            "quarter": 4,
            "eps": 0.28,
            "eps_growth_year": 1157.3,
            "eps_4q": 0.95,
            "eps_4q_growth_year": 97.91,
            "roe": 1.49,
            "roe_4q": 4.62,
            "gross_profit": 1374979,
            "gross_margin": 23.62,
            "gross_margin_4q_avg": 23.37,
            "net_income": 433629,
            "net_income_4q": null,
            "revenue": 5820599,
            "revenue_4q": null,
            "common_shares": 15437159,
            "book_valuer_per_share": 19.14,
            "book_valuer_per_share_4q_avg": 17.22,
            "equity": 29325207,
            "current_ratio": 157.82,
            "debt_ratio": 50.06,
            "inventory_turnover_ratio": 0.99,
            "account_receivable_turnover_ratio": 0.83,
            "reinvestment_rate": -27.58,
            "research_to_sale_ratio": 1.59,
            "price_fair": 34.21,
            "eps_avg_yearly": 0.98,
            "eps_latest_yearly": 1.12,
            "eps_growth_yearly": 136.97
        },
        "20141": {
            "year_quarter": 20141,
            "year": 2014,
            "quarter": 1,
            "eps": 0.44,
            "eps_growth_year": 388.89,
            "eps_4q": 0.99,
            "eps_4q_growth_year": 112.42,
            "roe": 2.82,
            "roe_4q": 6.859999999999999,
            "gross_profit": 1621559,
            "gross_margin": 24.78,
            "gross_margin_4q_avg": 24.59,
            "net_income": 957269,
            "net_income_4q": null,
            "revenue": 6545093,
            "revenue_4q": null,
            "common_shares": 22387921,
            "book_valuer_per_share": 17.32,
            "book_valuer_per_share_4q_avg": 17.69,
            "equity": 38672580,
            "current_ratio": 229.35,
            "debt_ratio": 38.83,
            "inventory_turnover_ratio": 1.08,
            "account_receivable_turnover_ratio": 0.92,
            "reinvestment_rate": -30.34,
            "research_to_sale_ratio": 1.37,
            "price_fair": 34.04,
            "eps_avg_yearly": 0.97,
            "eps_latest_yearly": 1.76,
            "eps_growth_yearly": 126.26
        },
        "20142": {
            "year_quarter": 20142,
            "year": 2014,
            "quarter": 2,
            "eps": 0.43,
            "eps_growth_year": 152.94,
            "eps_4q": 1.26,
            "eps_4q_growth_year": 166.68,
            "roe": 2.47,
            "roe_4q": 8.26,
            "gross_profit": 1943138,
            "gross_margin": 27.38,
            "gross_margin_4q_avg": 25.43,
            "net_income": 953134,
            "net_income_4q": null,
            "revenue": 7096328,
            "revenue_4q": null,
            "common_shares": 21992981,
            "book_valuer_per_share": 17.42,
            "book_valuer_per_share_4q_avg": 18.11,
            "equity": 38419179,
            "current_ratio": 212.37,
            "debt_ratio": 41.42,
            "inventory_turnover_ratio": 1.15,
            "account_receivable_turnover_ratio": 0.9,
            "reinvestment_rate": -38.01,
            "research_to_sale_ratio": 1.22,
            "price_fair": 33.43,
            "eps_avg_yearly": 0.96,
            "eps_latest_yearly": 1.72,
            "eps_growth_yearly": 123.52
        },
        "20143": {
            "year_quarter": 20143,
            "year": 2014,
            "quarter": 3,
            "eps": 0.69,
            "eps_growth_year": 176,
            "eps_4q": 5.24,
            "eps_4q_growth_year": 653.11,
            "roe": 3.78,
            "roe_4q": 10.56,
            "gross_profit": 1927672,
            "gross_margin": 26.9,
            "gross_margin_4q_avg": 25.67,
            "net_income": 1188791,
            "net_income_4q": null,
            "revenue": 7166217,
            "revenue_4q": null,
            "common_shares": 6597894,
            "book_valuer_per_share": 36.44,
            "book_valuer_per_share_4q_avg": 22.58,
            "equity": 24454881,
            "current_ratio": 101.76,
            "debt_ratio": 57.65,
            "inventory_turnover_ratio": 1.13,
            "account_receivable_turnover_ratio": 0.84,
            "reinvestment_rate": -46.27,
            "research_to_sale_ratio": 1.25,
            "price_fair": 34.48,
            "eps_avg_yearly": 0.99,
            "eps_latest_yearly": 2.76,
            "eps_growth_yearly": 135.13
        },
        "20144": {
            "year_quarter": 20144,
            "year": 2014,
            "quarter": 4,
            "eps": 1.18,
            "eps_growth_year": 324.67,
            "eps_4q": 5.78,
            "eps_4q_growth_year": 508.75,
            "roe": 3.16,
            "roe_4q": 12.23,
            "gross_profit": 1555093,
            "gross_margin": 25,
            "gross_margin_4q_avg": 26.02,
            "net_income": 793369,
            "net_income_4q": null,
            "revenue": 6219346,
            "revenue_4q": null,
            "common_shares": 6678919,
            "book_valuer_per_share": 38.35,
            "book_valuer_per_share_4q_avg": 27.38,
            "equity": 25739434,
            "current_ratio": 143.61,
            "debt_ratio": 50.02,
            "inventory_turnover_ratio": 0.9,
            "account_receivable_turnover_ratio": 0.72,
            "reinvestment_rate": -39.69,
            "research_to_sale_ratio": 1.39,
            "price_fair": 41.65,
            "eps_avg_yearly": 1.19,
            "eps_latest_yearly": 4.72,
            "eps_growth_yearly": 162.1
        },
        "20151": {
            "year_quarter": 20151,
            "year": 2015,
            "quarter": 1,
            "eps": 1.4,
            "eps_growth_year": 218.18,
            "eps_4q": 5.68,
            "eps_4q_growth_year": 473.59,
            "roe": 3.62,
            "roe_4q": 13.030000000000001,
            "gross_profit": 1755384,
            "gross_margin": 25.33,
            "gross_margin_4q_avg": 26.15,
            "net_income": 944007,
            "net_income_4q": null,
            "revenue": 6931271,
            "revenue_4q": null,
            "common_shares": 6678919,
            "book_valuer_per_share": 38.92,
            "book_valuer_per_share_4q_avg": 32.78,
            "equity": 26462383,
            "current_ratio": 143.58,
            "debt_ratio": 49.62,
            "inventory_turnover_ratio": 0.96,
            "account_receivable_turnover_ratio": 0.83,
            "reinvestment_rate": -39.16,
            "research_to_sale_ratio": 1.22,
            "price_fair": 51.36,
            "eps_avg_yearly": 1.47,
            "eps_latest_yearly": 5.6,
            "eps_growth_yearly": 171.62
        },
        "20152": {
            "year_quarter": 20152,
            "year": 2015,
            "quarter": 2,
            "eps": 1.07,
            "eps_growth_year": 148.84,
            "eps_4q": 5.36,
            "eps_4q_growth_year": 324.06,
            "roe": 2.89,
            "roe_4q": 13.45,
            "gross_profit": 1654899,
            "gross_margin": 23.87,
            "gross_margin_4q_avg": 25.28,
            "net_income": 734435,
            "net_income_4q": null,
            "revenue": 6932693,
            "revenue_4q": null,
            "common_shares": 6769997,
            "book_valuer_per_share": 35.86,
            "book_valuer_per_share_4q_avg": 37.39,
            "equity": 24398294,
            "current_ratio": 125.72,
            "debt_ratio": 52.39,
            "inventory_turnover_ratio": 1.02,
            "account_receivable_turnover_ratio": 0.82,
            "reinvestment_rate": -41.05,
            "research_to_sale_ratio": 1.33,
            "price_fair": 58.8,
            "eps_avg_yearly": 1.68,
            "eps_latest_yearly": 4.28,
            "eps_growth_yearly": 171.76
        },
        "20153": {
            "year_quarter": 20153,
            "year": 2015,
            "quarter": 3,
            "eps": 1.86,
            "eps_growth_year": 169.57,
            "eps_4q": 5.64,
            "eps_4q_growth_year": 7.63,
            "roe": 4.98,
            "roe_4q": 14.650000000000002,
            "gross_profit": 1626426,
            "gross_margin": 22.86,
            "gross_margin_4q_avg": 24.27,
            "net_income": 1239760,
            "net_income_4q": null,
            "revenue": 7113651,
            "revenue_4q": null,
            "common_shares": 6595547,
            "book_valuer_per_share": 38.69,
            "book_valuer_per_share_4q_avg": 37.96,
            "equity": 25352622,
            "current_ratio": 129.69,
            "debt_ratio": 50.07,
            "inventory_turnover_ratio": 1.08,
            "account_receivable_turnover_ratio": 0.78,
            "reinvestment_rate": -44.57,
            "research_to_sale_ratio": 1.31,
            "price_fair": 73.41,
            "eps_avg_yearly": 2.1,
            "eps_latest_yearly": 7.44,
            "eps_growth_yearly": 193.63
        },
        "20154": {
            "year_quarter": 20154,
            "year": 2015,
            "quarter": 4,
            "eps": 1.15,
            "eps_growth_year": -2.63,
            "eps_4q": 5.61,
            "eps_4q_growth_year": -3.07,
            "roe": 2.98,
            "roe_4q": 14.470000000000002,
            "gross_profit": 1502279,
            "gross_margin": 22.99,
            "gross_margin_4q_avg": 23.76,
            "net_income": 753863,
            "net_income_4q": null,
            "revenue": 6535250,
            "revenue_4q": null,
            "common_shares": 6515947,
            "book_valuer_per_share": 38.9,
            "book_valuer_per_share_4q_avg": 38.09,
            "equity": 25298526,
            "current_ratio": 129.22,
            "debt_ratio": 46.79,
            "inventory_turnover_ratio": 0.97,
            "account_receivable_turnover_ratio": 0.71,
            "reinvestment_rate": -37.43,
            "research_to_sale_ratio": 1.47,
            "price_fair": 83.04,
            "eps_avg_yearly": 2.37,
            "eps_latest_yearly": 4.6,
            "eps_growth_yearly": 202.51
        },
        "20161": {
            "year_quarter": 20161,
            "year": 2016,
            "quarter": 1,
            "eps": 1.25,
            "eps_growth_year": -10.71,
            "eps_4q": 5.42,
            "eps_4q_growth_year": -4.6,
            "roe": 3.24,
            "roe_4q": 14.090000000000002,
            "gross_profit": 1801871,
            "gross_margin": 24.64,
            "gross_margin_4q_avg": 23.59,
            "net_income": 821649,
            "net_income_4q": null,
            "revenue": 7312432,
            "revenue_4q": null,
            "common_shares": 6475497,
            "book_valuer_per_share": 39.17,
            "book_valuer_per_share_4q_avg": 38.16,
            "equity": 25470025,
            "current_ratio": 125.91,
            "debt_ratio": 47.42,
            "inventory_turnover_ratio": 1.08,
            "account_receivable_turnover_ratio": 0.85,
            "reinvestment_rate": -39.14,
            "research_to_sale_ratio": 1.28,
            "price_fair": 93.1,
            "eps_avg_yearly": 2.66,
            "eps_latest_yearly": 5,
            "eps_growth_yearly": 179.68
        },
        "20162": {
            "year_quarter": 20162,
            "year": 2016,
            "quarter": 2,
            "eps": 1.44,
            "eps_growth_year": 34.58,
            "eps_4q": 7.19,
            "eps_4q_growth_year": 34.32,
            "roe": 3.86,
            "roe_4q": 15.06,
            "gross_profit": 1813171,
            "gross_margin": 24.21,
            "gross_margin_4q_avg": 23.68,
            "net_income": 932690,
            "net_income_4q": null,
            "revenue": 7487996,
            "revenue_4q": null,
            "common_shares": 5142550,
            "book_valuer_per_share": 44.23,
            "book_valuer_per_share_4q_avg": 40.25,
            "equity": 22891401,
            "current_ratio": 115.05,
            "debt_ratio": 52.75,
            "inventory_turnover_ratio": 1.18,
            "account_receivable_turnover_ratio": 0.88,
            "reinvestment_rate": -30.45,
            "research_to_sale_ratio": 1.34,
            "price_fair": 104.3,
            "eps_avg_yearly": 2.98,
            "eps_latest_yearly": 5.76,
            "eps_growth_yearly": 168.48
        },
        "20163": {
            "year_quarter": 20163,
            "year": 2016,
            "quarter": 3,
            "eps": 1.73,
            "eps_growth_year": -6.99,
            "eps_4q": 6.52,
            "eps_4q_growth_year": 15.63,
            "roe": 3.93,
            "roe_4q": 14.010000000000002,
            "gross_profit": 1814307,
            "gross_margin": 23.79,
            "gross_margin_4q_avg": 23.91,
            "net_income": 907658,
            "net_income_4q": null,
            "revenue": 7627528,
            "revenue_4q": null,
            "common_shares": 5142550,
            "book_valuer_per_share": 44.94,
            "book_valuer_per_share_4q_avg": 41.81,
            "equity": 23306943,
            "current_ratio": 114.46,
            "debt_ratio": 53.07,
            "inventory_turnover_ratio": 1.25,
            "account_receivable_turnover_ratio": 0.84,
            "reinvestment_rate": -25.69,
            "research_to_sale_ratio": 1.22,
            "price_fair": 117.69,
            "eps_avg_yearly": 3.36,
            "eps_latest_yearly": 6.92,
            "eps_growth_yearly": 167.27
        },
        "20164": {
            "year_quarter": 20164,
            "year": 2016,
            "quarter": 4,
            "eps": 2.56,
            "eps_growth_year": 122.25,
            "eps_4q": 7.58,
            "eps_4q_growth_year": 35.25,
            "roe": 5.59,
            "roe_4q": 16.619999999999997,
            "gross_profit": 1829005,
            "gross_margin": 25.44,
            "gross_margin_4q_avg": 24.52,
            "net_income": 1343703,
            "net_income_4q": null,
            "revenue": 7188395,
            "revenue_4q": null,
            "common_shares": 5163056,
            "book_valuer_per_share": 47.34,
            "book_valuer_per_share_4q_avg": 43.92,
            "equity": 24801295,
            "current_ratio": 129.47,
            "debt_ratio": 53.87,
            "inventory_turnover_ratio": 1.11,
            "account_receivable_turnover_ratio": 0.75,
            "reinvestment_rate": -17.25,
            "research_to_sale_ratio": 1.21,
            "price_fair": 139.91,
            "eps_avg_yearly": 4,
            "eps_latest_yearly": 10.24,
            "eps_growth_yearly": 201.76
        },
        "20171": {
            "year_quarter": 20171,
            "year": 2017,
            "quarter": 1,
            "eps": 1.62,
            "eps_growth_year": 29.6,
            "eps_4q": 7.87,
            "eps_4q_growth_year": 45.2,
            "roe": 3.39,
            "roe_4q": 16.77,
            "gross_profit": 1840537,
            "gross_margin": 25.05,
            "gross_margin_4q_avg": 24.62,
            "net_income": 823538,
            "net_income_4q": null,
            "revenue": 7346750,
            "revenue_4q": null,
            "common_shares": 5032230,
            "book_valuer_per_share": 46.87,
            "book_valuer_per_share_4q_avg": 45.85,
            "equity": 23715512,
            "current_ratio": 107.11,
            "debt_ratio": 54.43,
            "inventory_turnover_ratio": 1.13,
            "account_receivable_turnover_ratio": 0.79,
            "reinvestment_rate": -15.78,
            "research_to_sale_ratio": 1.15,
            "price_fair": 153.3,
            "eps_avg_yearly": 4.38,
            "eps_latest_yearly": 6.48,
            "eps_growth_yearly": 105.08
        },
        "20172": {
            "year_quarter": 20172,
            "year": 2017,
            "quarter": 2,
            "eps": 2.46,
            "eps_growth_year": 70.83,
            "eps_4q": 8.54,
            "eps_4q_growth_year": 18.73,
            "roe": 5.05,
            "roe_4q": 17.96,
            "gross_profit": 2311920,
            "gross_margin": 29.14,
            "gross_margin_4q_avg": 25.86,
            "net_income": 1234552,
            "net_income_4q": null,
            "revenue": 7933988,
            "revenue_4q": null,
            "common_shares": 5032230,
            "book_valuer_per_share": 50.17,
            "book_valuer_per_share_4q_avg": 47.33,
            "equity": 25181796,
            "current_ratio": 112.55,
            "debt_ratio": 58.54,
            "inventory_turnover_ratio": 1.22,
            "account_receivable_turnover_ratio": 0.84,
            "reinvestment_rate": 7.82,
            "research_to_sale_ratio": 1.09,
            "price_fair": 173.34,
            "eps_avg_yearly": 4.95,
            "eps_latest_yearly": 9.84,
            "eps_growth_yearly": 95.82
        },
        "20173": {
            "year_quarter": 20173,
            "year": 2017,
            "quarter": 3,
            "eps": 5.07,
            "eps_growth_year": 193.06,
            "eps_4q": 14.74,
            "eps_4q_growth_year": 126.18,
            "roe": 6.72,
            "roe_4q": 20.75,
            "gross_profit": 2538470,
            "gross_margin": 30.33,
            "gross_margin_4q_avg": 27.49,
            "net_income": 1777233,
            "net_income_4q": null,
            "revenue": 8370446,
            "revenue_4q": null,
            "common_shares": 3492418,
            "book_valuer_per_share": 78.95,
            "book_valuer_per_share_4q_avg": 55.83,
            "equity": 27749572,
            "current_ratio": 112.4,
            "debt_ratio": 59.19,
            "inventory_turnover_ratio": 1.31,
            "account_receivable_turnover_ratio": 0.81,
            "reinvestment_rate": 51.79,
            "research_to_sale_ratio": 0.92,
            "price_fair": 215.51,
            "eps_avg_yearly": 6.16,
            "eps_latest_yearly": 20.28,
            "eps_growth_yearly": 110.58
        },
        "20174": {
            "year_quarter": 20174,
            "year": 2017,
            "quarter": 4,
            "eps": 8.6,
            "eps_growth_year": 236.18,
            "eps_4q": 19.53,
            "eps_4q_growth_year": 157.6,
            "roe": 10.24,
            "roe_4q": 25.400000000000002,
            "gross_profit": 4218576,
            "gross_margin": 43.71,
            "gross_margin_4q_avg": 32.06,
            "net_income": 3023631,
            "net_income_4q": null,
            "revenue": 9651479,
            "revenue_4q": null,
            "common_shares": 3504010,
            "book_valuer_per_share": 89.07,
            "book_valuer_per_share_4q_avg": 66.27,
            "equity": 31333407,
            "current_ratio": 108.12,
            "debt_ratio": 55.04,
            "inventory_turnover_ratio": 1.18,
            "account_receivable_turnover_ratio": 0.85,
            "reinvestment_rate": 58.48,
            "research_to_sale_ratio": 0.85,
            "price_fair": 288.31,
            "eps_avg_yearly": 8.24,
            "eps_latest_yearly": 34.4,
            "eps_growth_yearly": 124.99
        },
        "20181": {
            "year_quarter": 20181,
            "year": 2018,
            "quarter": 1,
            "eps": 12.15,
            "eps_growth_year": 650,
            "eps_4q": 29.33,
            "eps_4q_growth_year": 272.74,
            "roe": 12.77,
            "roe_4q": 34.779999999999994,
            "gross_profit": 5666398,
            "gross_margin": 51.4,
            "gross_margin_4q_avg": 38.65,
            "net_income": 4278865,
            "net_income_4q": null,
            "revenue": 11023289,
            "revenue_4q": null,
            "common_shares": 3505637,
            "book_valuer_per_share": 101.32,
            "book_valuer_per_share_4q_avg": 79.88,
            "equity": 35664974,
            "current_ratio": 117.32,
            "debt_ratio": 53.37,
            "inventory_turnover_ratio": 0.98,
            "account_receivable_turnover_ratio": 0.91,
            "reinvestment_rate": 4.67,
            "research_to_sale_ratio": 0.76,
            "price_fair": 390.78,
            "eps_avg_yearly": 11.17,
            "eps_latest_yearly": 48.6,
            "eps_growth_yearly": 121.02
        },
        "20182": {
            "year_quarter": 20182,
            "year": 2018,
            "quarter": 2,
            "eps": 25.7,
            "eps_growth_year": 944.72,
            "eps_4q": 46.82,
            "eps_4q_growth_year": 448.05,
            "roe": 26.04,
            "roe_4q": 55.77,
            "gross_profit": 12338442,
            "gross_margin": 64.1,
            "gross_margin_4q_avg": 47.39,
            "net_income": 10827808,
            "net_income_4q": null,
            "revenue": 19247298,
            "revenue_4q": null,
            "common_shares": 3507393,
            "book_valuer_per_share": 132.16,
            "book_valuer_per_share_4q_avg": 100.38,
            "equity": 47492133,
            "current_ratio": 127.43,
            "debt_ratio": 57.65,
            "inventory_turnover_ratio": 0.99,
            "account_receivable_turnover_ratio": 1.17,
            "reinvestment_rate": 19.14,
            "research_to_sale_ratio": 0.48,
            "price_fair": 611.89,
            "eps_avg_yearly": 17.48,
            "eps_latest_yearly": 102.8,
            "eps_growth_yearly": 149.47
        },
        "20183": {
            "year_quarter": 20183,
            "year": 2018,
            "quarter": 3,
            "eps": 34.35,
            "eps_growth_year": 577.51,
            "eps_4q": 76.82,
            "eps_4q_growth_year": 421.09,
            "roe": 27.64,
            "roe_4q": 76.69,
            "gross_profit": 21252403,
            "gross_margin": 69.3,
            "gross_margin_4q_avg": 57.13,
            "net_income": 14300089,
            "net_income_4q": null,
            "revenue": 30666432,
            "revenue_4q": null,
            "common_shares": 4241816,
            "book_valuer_per_share": 131.34,
            "book_valuer_per_share_4q_avg": 113.47,
            "equity": 55980412,
            "current_ratio": 146.85,
            "debt_ratio": 53.84,
            "inventory_turnover_ratio": 1.21,
            "account_receivable_turnover_ratio": 1.2,
            "reinvestment_rate": 11.56,
            "research_to_sale_ratio": 0.33,
            "price_fair": 906.41,
            "eps_avg_yearly": 25.9,
            "eps_latest_yearly": 137.4,
            "eps_growth_yearly": 142.77
        },
        "20184": {
            "year_quarter": 20184,
            "year": 2018,
            "quarter": 4,
            "eps": 10.09,
            "eps_growth_year": 17.23,
            "eps_4q": 79.79,
            "eps_4q_growth_year": 308.49,
            "roe": 7.68,
            "roe_4q": 74.13,
            "gross_profit": 9588025,
            "gross_margin": 59.12,
            "gross_margin_4q_avg": 60.98,
            "net_income": 4433390,
            "net_income_4q": null,
            "revenue": 16218592,
            "revenue_4q": null,
            "common_shares": 4270394,
            "book_valuer_per_share": 139.9,
            "book_valuer_per_share_4q_avg": 126.18,
            "equity": 59438352,
            "current_ratio": 115.67,
            "debt_ratio": 51.58,
            "inventory_turnover_ratio": 0.73,
            "account_receivable_turnover_ratio": 0.64,
            "reinvestment_rate": 10.09,
            "research_to_sale_ratio": 0.84,
            "price_fair": 984.38,
            "eps_avg_yearly": 28.13,
            "eps_latest_yearly": 40.36,
            "eps_growth_yearly": 107.36
        },
        "20191": {
            "year_quarter": 20191,
            "year": 2019,
            "quarter": 1,
            "eps": 6.11,
            "eps_growth_year": -49.71,
            "eps_4q": 75.85,
            "eps_4q_growth_year": 158.6,
            "roe": 4.24,
            "roe_4q": 65.6,
            "gross_profit": 5109164,
            "gross_margin": 44.84,
            "gross_margin_4q_avg": 59.34,
            "net_income": 2589551,
            "net_income_4q": null,
            "revenue": 11394306,
            "revenue_4q": null,
            "common_shares": 4271217,
            "book_valuer_per_share": 147.72,
            "book_valuer_per_share_4q_avg": 137.78,
            "equity": 62758179,
            "current_ratio": 114.16,
            "debt_ratio": 49.7,
            "inventory_turnover_ratio": 0.62,
            "account_receivable_turnover_ratio": 0.74,
            "reinvestment_rate": 11.93,
            "research_to_sale_ratio": 1.79,
            "price_fair": 1025.59,
            "eps_avg_yearly": 29.3,
            "eps_latest_yearly": 24.44,
            "eps_growth_yearly": 92.84
        },
        "20192": {
            "year_quarter": 20192,
            "year": 2019,
            "quarter": 2,
            "eps": 3.34,
            "eps_growth_year": -87,
            "eps_4q": 53.61,
            "eps_4q_growth_year": 14.52,
            "roe": 2.64,
            "roe_4q": 42.2,
            "gross_profit": 3120585,
            "gross_margin": 32.58,
            "gross_margin_4q_avg": 51.46,
            "net_income": 1419993,
            "net_income_4q": null,
            "revenue": 9579614,
            "revenue_4q": null,
            "common_shares": 4271217,
            "book_valuer_per_share": 105.31,
            "book_valuer_per_share_4q_avg": 131.07,
            "equity": 44863387,
            "current_ratio": 82.34,
            "debt_ratio": 63,
            "inventory_turnover_ratio": 0.71,
            "account_receivable_turnover_ratio": 0.94,
            "reinvestment_rate": 13.96,
            "research_to_sale_ratio": 2.1,
            "price_fair": 1045.45,
            "eps_avg_yearly": 29.87,
            "eps_latest_yearly": 13.36,
            "eps_growth_yearly": 87.39
        },
        "20193": {
            "year_quarter": 20193,
            "year": 2019,
            "quarter": 3,
            "eps": 4.81,
            "eps_growth_year": -86,
            "eps_4q": 24.24,
            "eps_4q_growth_year": -68.44,
            "roe": 4.75,
            "roe_4q": 19.310000000000002,
            "gross_profit": 3193781,
            "gross_margin": 30.96,
            "gross_margin_4q_avg": 41.88,
            "net_income": 2149587,
            "net_income_4q": null,
            "revenue": 10316905,
            "revenue_4q": null,
            "common_shares": 4279999,
            "book_valuer_per_share": 106.44,
            "book_valuer_per_share_4q_avg": 124.84,
            "equity": 45556920,
            "current_ratio": 80.67,
            "debt_ratio": 59.11,
            "inventory_turnover_ratio": 0.98,
            "account_receivable_turnover_ratio": 1.11,
            "reinvestment_rate": 13.31,
            "research_to_sale_ratio": 1.8,
            "price_fair": 1071.26,
            "eps_avg_yearly": 30.61,
            "eps_latest_yearly": 19.24,
            "eps_growth_yearly": 79.94
        },
        "20194": {
            "year_quarter": 20194,
            "year": 2019,
            "quarter": 4,
            "eps": 2.09,
            "eps_growth_year": -79.27,
            "eps_4q": 16.25,
            "eps_4q_growth_year": -79.63,
            "roe": 1.95,
            "roe_4q": 13.58,
            "gross_profit": 3357015,
            "gross_margin": 33.52,
            "gross_margin_4q_avg": 35.48,
            "net_income": 892984,
            "net_income_4q": null,
            "revenue": 10015831,
            "revenue_4q": null,
            "common_shares": 4290478,
            "book_valuer_per_share": 108.23,
            "book_valuer_per_share_4q_avg": 116.93,
            "equity": 46246731,
            "current_ratio": 106.92,
            "debt_ratio": 52.02,
            "inventory_turnover_ratio": 1.11,
            "account_receivable_turnover_ratio": 1.04,
            "reinvestment_rate": 14.28,
            "research_to_sale_ratio": 1.84,
            "price_fair": 1079.49,
            "eps_avg_yearly": 30.84,
            "eps_latest_yearly": 8.36,
            "eps_growth_yearly": 75.35
        },
        "20201": {
            "year_quarter": 20201,
            "year": 2020,
            "quarter": 1,
            "eps": 5.51,
            "eps_growth_year": -9.82,
            "eps_4q": 15.69,
            "eps_4q_growth_year": -79.31,
            "roe": 5.33,
            "roe_4q": 14.670000000000002,
            "gross_profit": 4039854,
            "gross_margin": 40.3,
            "gross_margin_4q_avg": 34.34,
            "net_income": 2350314,
            "net_income_4q": null,
            "revenue": 10023486,
            "revenue_4q": null,
            "common_shares": 4302571,
            "book_valuer_per_share": 98.07,
            "book_valuer_per_share_4q_avg": 104.51,
            "equity": 41921978,
            "current_ratio": 85.52,
            "debt_ratio": 60.07,
            "inventory_turnover_ratio": 1.01,
            "account_receivable_turnover_ratio": 1.01,
            "reinvestment_rate": 14.82,
            "research_to_sale_ratio": 1.72,
            "price_fair": 1116.76,
            "eps_avg_yearly": 31.91,
            "eps_latest_yearly": 22.04,
            "eps_growth_yearly": 114.08
        },
        "20202": {
            "year_quarter": 20202,
            "year": 2020,
            "quarter": 2,
            "eps": 7.01,
            "eps_growth_year": 109.88,
            "eps_4q": 17.41,
            "eps_4q_growth_year": -67.52,
            "roe": 6.27,
            "roe_4q": 18.299999999999997,
            "gross_profit": 5970393,
            "gross_margin": 44.32,
            "gross_margin_4q_avg": 37.28,
            "net_income": 3304177,
            "net_income_4q": null,
            "revenue": 13469710,
            "revenue_4q": null,
            "common_shares": 4936670,
            "book_valuer_per_share": 128.76,
            "book_valuer_per_share_4q_avg": 110.38,
            "equity": 63492178,
            "current_ratio": 107.05,
            "debt_ratio": 65.15,
            "inventory_turnover_ratio": 0.72,
            "account_receivable_turnover_ratio": 1.05,
            "reinvestment_rate": 46.61,
            "research_to_sale_ratio": 1.84,
            "price_fair": 1165.5,
            "eps_avg_yearly": 33.3,
            "eps_latest_yearly": 28.04,
            "eps_growth_yearly": 117.09
        },
        "20203": {
            "year_quarter": 20203,
            "year": 2020,
            "quarter": 3,
            "eps": 7.37,
            "eps_growth_year": 53.22,
            "eps_4q": 20.58,
            "eps_4q_growth_year": -15.11,
            "roe": 5.57,
            "roe_4q": 19.12,
            "gross_profit": 8202696,
            "gross_margin": 37.36,
            "gross_margin_4q_avg": 38.88,
            "net_income": 3634645,
            "net_income_4q": null,
            "revenue": 21953457,
            "revenue_4q": null,
            "common_shares": 4958754,
            "book_valuer_per_share": 135.46,
            "book_valuer_per_share_4q_avg": 117.63,
            "equity": 66946380,
            "current_ratio": 106.36,
            "debt_ratio": 63.02,
            "inventory_turnover_ratio": 0.96,
            "account_receivable_turnover_ratio": 1.52,
            "reinvestment_rate": 48.08,
            "research_to_sale_ratio": 2.62,
            "price_fair": 1214.85,
            "eps_avg_yearly": 34.71,
            "eps_latest_yearly": 29.48,
            "eps_growth_yearly": 113.34
        },
        "20204": {
            "year_quarter": 20204,
            "year": 2020,
            "quarter": 4,
            "eps": 7.5,
            "eps_growth_year": 258.89,
            "eps_4q": 26.27,
            "eps_4q_growth_year": 61.65,
            "roe": 5.44,
            "roe_4q": 22.61,
            "gross_profit": 8444124,
            "gross_margin": 37.99,
            "gross_margin_4q_avg": 39.99,
            "net_income": 3714046,
            "net_income_4q": null,
            "revenue": 22225455,
            "revenue_4q": null,
            "common_shares": 4969433,
            "book_valuer_per_share": 140.6,
            "book_valuer_per_share_4q_avg": 125.72,
            "equity": 69499336,
            "current_ratio": 103.76,
            "debt_ratio": 62.03,
            "inventory_turnover_ratio": 0.97,
            "account_receivable_turnover_ratio": 1.64,
            "reinvestment_rate": 46.7,
            "research_to_sale_ratio": 2.61,
            "price_fair": 1258.08,
            "eps_avg_yearly": 35.95,
            "eps_latest_yearly": 30,
            "eps_growth_yearly": 101.78
        },
        "20211": {
            "year_quarter": 20211,
            "year": 2021,
            "quarter": 1,
            "eps": 10.17,
            "eps_growth_year": 84.57,
            "eps_4q": 31.56,
            "eps_4q_growth_year": 101.16,
            "roe": 7.03,
            "roe_4q": 24.31,
            "gross_profit": 9295535,
            "gross_margin": 39.14,
            "gross_margin_4q_avg": 39.7,
            "net_income": 5034955,
            "net_income_4q": null,
            "revenue": 23749028,
            "revenue_4q": null,
            "common_shares": 4969841,
            "book_valuer_per_share": 148.77,
            "book_valuer_per_share_4q_avg": 138.4,
            "equity": 73825156,
            "current_ratio": 110.88,
            "debt_ratio": 61.37,
            "inventory_turnover_ratio": 0.95,
            "account_receivable_turnover_ratio": 1.55,
            "reinvestment_rate": 41.97,
            "research_to_sale_ratio": 2.42,
            "price_fair": 1332.89,
            "eps_avg_yearly": 38.08,
            "eps_latest_yearly": 40.68,
            "eps_growth_yearly": 119.86
        },
        "20212": {
            "year_quarter": 20212,
            "year": 2021,
            "quarter": 2,
            "eps": 12.82,
            "eps_growth_year": 82.88,
            "eps_4q": 37.99,
            "eps_4q_growth_year": 118.2,
            "roe": 8.9,
            "roe_4q": 26.94,
            "gross_profit": 11357354,
            "gross_margin": 40.98,
            "gross_margin_4q_avg": 38.87,
            "net_income": 6345322,
            "net_income_4q": null,
            "revenue": 27711544,
            "revenue_4q": null,
            "common_shares": 4988839,
            "book_valuer_per_share": 139.88,
            "book_valuer_per_share_4q_avg": 141.18,
            "equity": 68839823,
            "current_ratio": 94.64,
            "debt_ratio": 65.21,
            "inventory_turnover_ratio": 0.98,
            "account_receivable_turnover_ratio": 1.56,
            "reinvestment_rate": 37.12,
            "research_to_sale_ratio": 2.11,
            "price_fair": 1423.54,
            "eps_avg_yearly": 40.67,
            "eps_latest_yearly": 51.28,
            "eps_growth_yearly": 113.41
        },
        "20213": {
            "year_quarter": 20213,
            "year": 2021,
            "quarter": 3,
            "eps": 13.88,
            "eps_growth_year": 88.33,
            "eps_4q": 44.5,
            "eps_4q_growth_year": 116.25,
            "roe": 9.51,
            "roe_4q": 30.880000000000003,
            "gross_profit": 12083258,
            "gross_margin": 41.12,
            "gross_margin_4q_avg": 39.81,
            "net_income": 6843763,
            "net_income_4q": null,
            "revenue": 29388741,
            "revenue_4q": null,
            "common_shares": 4959189,
            "book_valuer_per_share": 152.34,
            "book_valuer_per_share_4q_avg": 145.4,
            "equity": 75125033,
            "current_ratio": 105.99,
            "debt_ratio": 63.64,
            "inventory_turnover_ratio": 0.92,
            "account_receivable_turnover_ratio": 1.52,
            "reinvestment_rate": 26.45,
            "research_to_sale_ratio": 1.9,
            "price_fair": 1500.63,
            "eps_avg_yearly": 42.88,
            "eps_latest_yearly": 55.52,
            "eps_growth_yearly": 88.96
        },
        "20214": {
            "year_quarter": 20214,
            "year": 2021,
            "quarter": 4,
            "eps": 9.63,
            "eps_growth_year": 28.31,
            "eps_4q": 46.6,
            "eps_4q_growth_year": 77.35,
            "roe": 6.13,
            "roe_4q": 31.57,
            "gross_profit": 10277127,
            "gross_margin": 40,
            "gross_margin_4q_avg": 40.31,
            "net_income": 4741696,
            "net_income_4q": null,
            "revenue": 25690047,
            "revenue_4q": null,
            "common_shares": 4959189,
            "book_valuer_per_share": 161.44,
            "book_valuer_per_share_4q_avg": 150.61,
            "equity": 79605550,
            "current_ratio": 114.85,
            "debt_ratio": 62.01,
            "inventory_turnover_ratio": 0.74,
            "account_receivable_turnover_ratio": 1.39,
            "reinvestment_rate": 22.57,
            "research_to_sale_ratio": 2.3,
            "price_fair": 1509.64,
            "eps_avg_yearly": 43.13,
            "eps_latest_yearly": 38.52,
            "eps_growth_yearly": 63.9
        },
        "20221": {
            "year_quarter": 20221,
            "year": 2022,
            "quarter": 1,
            "eps": 11.59,
            "eps_growth_year": 13.96,
            "eps_4q": 44.78,
            "eps_4q_growth_year": 41.87,
            "roe": 6.79,
            "roe_4q": 31.33,
            "gross_profit": 11485468,
            "gross_margin": 38.11,
            "gross_margin_4q_avg": 40.05,
            "net_income": 6269986,
            "net_income_4q": null,
            "revenue": 30134218,
            "revenue_4q": null,
            "common_shares": 5436982,
            "book_valuer_per_share": 194.17,
            "book_valuer_per_share_4q_avg": 161.96,
            "equity": 104991544,
            "current_ratio": 127.63,
            "debt_ratio": 58.85,
            "inventory_turnover_ratio": 0.78,
            "account_receivable_turnover_ratio": 1.47,
            "reinvestment_rate": 43.99,
            "research_to_sale_ratio": 2.33,
            "price_fair": 1504.74,
            "eps_avg_yearly": 42.99,
            "eps_latest_yearly": 46.36,
            "eps_growth_yearly": 58.66
        },
        "20222": {
            "year_quarter": 20222,
            "year": 2022,
            "quarter": 2,
            "eps": 11.05,
            "eps_growth_year": -13.81,
            "eps_4q": 44.49,
            "eps_4q_growth_year": 17.09,
            "roe": 5.49,
            "roe_4q": 27.92,
            "gross_profit": 12152977,
            "gross_margin": 38.8,
            "gross_margin_4q_avg": 39.51,
            "net_income": 5929928,
            "net_income_4q": null,
            "revenue": 31322107,
            "revenue_4q": null,
            "common_shares": 5440600,
            "book_valuer_per_share": 207.54,
            "book_valuer_per_share_4q_avg": 178.87,
            "equity": 110925921,
            "current_ratio": 115.87,
            "debt_ratio": 58.2,
            "inventory_turnover_ratio": 0.7,
            "account_receivable_turnover_ratio": 1.26,
            "reinvestment_rate": 43.87,
            "research_to_sale_ratio": 2.31,
            "price_fair": 1376.55,
            "eps_avg_yearly": 39.33,
            "eps_latest_yearly": 44.2,
            "eps_growth_yearly": 29.62
        },
        "20223": {
            "year_quarter": 20223,
            "year": 2022,
            "quarter": 3,
            "eps": 12.1,
            "eps_growth_year": -12.82,
            "eps_4q": 55.85,
            "eps_4q_growth_year": 25.49,
            "roe": 5.54,
            "roe_4q": 23.95,
            "gross_profit": 11855299,
            "gross_margin": 38.5,
            "gross_margin_4q_avg": 38.85,
            "net_income": 6402064,
            "net_income_4q": null,
            "revenue": 30795422,
            "revenue_4q": null,
            "common_shares": 4212608,
            "book_valuer_per_share": 287.06,
            "book_valuer_per_share_4q_avg": 212.55,
            "equity": 119987007,
            "current_ratio": 119.58,
            "debt_ratio": 56.8,
            "inventory_turnover_ratio": 0.66,
            "account_receivable_turnover_ratio": 1.23,
            "reinvestment_rate": 54.9,
            "research_to_sale_ratio": 2.26,
            "price_fair": 1133.89,
            "eps_avg_yearly": 33.77,
            "eps_latest_yearly": 48.4,
            "eps_growth_yearly": 23.58
        },
        "20224": {
            "year_quarter": 20224,
            "year": 2022,
            "quarter": 4,
            "eps": 9.97,
            "eps_growth_year": 3.58,
            "eps_4q": 54.45,
            "eps_4q_growth_year": 16.85,
            "roe": 3.45,
            "roe_4q": 21.27,
            "gross_profit": 10525010,
            "gross_margin": 36.5,
            "gross_margin_4q_avg": 37.98,
            "net_income": 4167897,
            "net_income_4q": null,
            "revenue": 28835178,
            "revenue_4q": null,
            "common_shares": 4212608,
            "book_valuer_per_share": 290.8,
            "book_valuer_per_share_4q_avg": 244.89,
            "equity": 121549317,
            "current_ratio": 117.69,
            "debt_ratio": 56.15,
            "inventory_turnover_ratio": 0.66,
            "account_receivable_turnover_ratio": 1.24,
            "reinvestment_rate": 59.76,
            "research_to_sale_ratio": 2.44,
            "price_fair": 1180.81,
            "eps_avg_yearly": 33.74,
            "eps_latest_yearly": 39.88,
            "eps_growth_yearly": 36.84
        },
        "20231": {
            "year_quarter": 20231,
            "year": 2023,
            "quarter": 1,
            "eps": 9.9,
            "eps_growth_year": -14.58,
            "eps_4q": 49.32,
            "eps_4q_growth_year": 10.12,
            "roe": 3.4,
            "roe_4q": 17.880000000000003,
            "gross_profit": 8612361,
            "gross_margin": 33,
            "gross_margin_4q_avg": 36.7,
            "net_income": 4134787,
            "net_income_4q": null,
            "revenue": 26095544,
            "revenue_4q": null,
            "common_shares": 4214542,
            "book_valuer_per_share": 290.16,
            "book_valuer_per_share_4q_avg": 268.89,
            "equity": 121341013,
            "current_ratio": 115.76,
            "debt_ratio": 57.61,
            "inventory_turnover_ratio": 0.67,
            "account_receivable_turnover_ratio": 1.23,
            "reinvestment_rate": 61.47,
            "research_to_sale_ratio": 2.61,
            "price_fair": 1213.98,
            "eps_avg_yearly": 34.69,
            "eps_latest_yearly": 39.6,
            "eps_growth_yearly": 46.52
        },
        "20232": {
            "year_quarter": 20232,
            "year": 2023,
            "quarter": 2,
            "eps": 8.92,
            "eps_growth_year": -19.28,
            "eps_4q": 44.06,
            "eps_4q_growth_year": -0.96,
            "roe": 2.97,
            "roe_4q": 15.36,
            "gross_profit": 8876660,
            "gross_margin": 33.18,
            "gross_margin_4q_avg": 35.3,
            "net_income": 3712460,
            "net_income_4q": null,
            "revenue": 26756512,
            "revenue_4q": null,
            "common_shares": 4221072,
            "book_valuer_per_share": 303.27,
            "book_valuer_per_share_4q_avg": 292.82,
            "equity": 128706853,
            "current_ratio": 121.7,
            "debt_ratio": 56.95,
            "inventory_turnover_ratio": 0.71,
            "account_receivable_turnover_ratio": 1.32,
            "reinvestment_rate": 63.7,
            "research_to_sale_ratio": 2.95,
            "price_fair": 1262.8,
            "eps_avg_yearly": 36.08,
            "eps_latest_yearly": 35.68,
            "eps_growth_yearly": 55.38
        },
        "20233": {
            "year_quarter": 20233,
            "year": 2023,
            "quarter": 3,
            "eps": 11.6,
            "eps_growth_year": -4.13,
            "eps_4q": 40.26,
            "eps_4q_growth_year": -27.91,
            "roe": 3.69,
            "roe_4q": 13.510000000000002,
            "gross_profit": 9105765,
            "gross_margin": 33.24,
            "gross_margin_4q_avg": 33.98,
            "net_income": 4938735,
            "net_income_4q": null,
            "revenue": 27395845,
            "revenue_4q": null,
            "common_shares": 4231453,
            "book_valuer_per_share": 326.23,
            "book_valuer_per_share_4q_avg": 302.62,
            "equity": 138743725,
            "current_ratio": 123.14,
            "debt_ratio": 55.87,
            "inventory_turnover_ratio": 0.73,
            "account_receivable_turnover_ratio": 1.32,
            "reinvestment_rate": 64.62,
            "research_to_sale_ratio": 2.65,
            "price_fair": 1322.21,
            "eps_avg_yearly": 37.78,
            "eps_latest_yearly": 46.4,
            "eps_growth_yearly": 51.89
        },
        "20234": {
            "year_quarter": 20234,
            "year": 2023,
            "quarter": 4,
            "eps": 11.34,
            "eps_growth_year": 13.69,
            "eps_4q": 41.64,
            "eps_4q_growth_year": -23.53,
            "roe": 3.47,
            "roe_4q": 13.530000000000001,
            "gross_profit": 9431041,
            "gross_margin": 34.47,
            "gross_margin_4q_avg": 33.47,
            "net_income": 4774607,
            "net_income_4q": null,
            "revenue": 27361435,
            "revenue_4q": null,
            "common_shares": 4231455,
            "book_valuer_per_share": 321.19,
            "book_valuer_per_share_4q_avg": 310.21,
            "equity": 136618546,
            "current_ratio": 113.49,
            "debt_ratio": 58.77,
            "inventory_turnover_ratio": 0.69,
            "account_receivable_turnover_ratio": 1.31,
            "reinvestment_rate": 62.39,
            "research_to_sale_ratio": 3.17,
            "price_fair": 1403.15,
            "eps_avg_yearly": 40.09,
            "eps_latest_yearly": 45.36,
            "eps_growth_yearly": 65.46
        }
    },
    "months": {
        "2001-06": {
            "month": "2001-06",
            "price": "35.36",
            "revenue": 500842
        },
        "2001-07": {
            "month": "2001-07",
            "price": "25.70",
            "revenue": 585866
        },
        "2001-08": {
            "month": "2001-08",
            "price": "27.61",
            "revenue": 592824
        },
        "2001-09": {
            "month": "2001-09",
            "price": "20.59",
            "revenue": 602205
        },
        "2001-10": {
            "month": "2001-10",
            "price": "19.82",
            "revenue": 634493
        },
        "2001-11": {
            "month": "2001-11",
            "price": "21.98",
            "revenue": 639397
        },
        "2001-12": {
            "month": "2001-12",
            "price": "23.92",
            "revenue": 460601
        },
        "2002-01": {
            "month": "2002-01",
            "price": "25.19",
            "revenue": 823294
        },
        "2002-02": {
            "month": "2002-02",
            "price": "26.03",
            "revenue": 592791
        },
        "2002-03": {
            "month": "2002-03",
            "price": "30.60",
            "revenue": 753107
        },
        "2002-04": {
            "month": "2002-04",
            "price": "31.68",
            "revenue": 804196
        },
        "2002-05": {
            "month": "2002-05",
            "price": "21.66",
            "revenue": 834038
        },
        "2002-06": {
            "month": "2002-06",
            "price": "18.40",
            "revenue": 778472
        },
        "2002-07": {
            "month": "2002-07",
            "price": "14.56",
            "revenue": 760934
        },
        "2002-08": {
            "month": "2002-08",
            "price": "13.75",
            "revenue": 661429
        },
        "2002-09": {
            "month": "2002-09",
            "price": "10.61",
            "revenue": 682517
        },
        "2002-10": {
            "month": "2002-10",
            "price": "9.45",
            "revenue": 773257
        },
        "2002-11": {
            "month": "2002-11",
            "price": "10.19",
            "revenue": 709206
        },
        "2002-12": {
            "month": "2002-12",
            "price": "10.19",
            "revenue": 687576
        },
        "2003-01": {
            "month": "2003-01",
            "price": "10.14",
            "revenue": 743471
        },
        "2003-02": {
            "month": "2003-02",
            "price": "9.72",
            "revenue": 872989
        },
        "2003-03": {
            "month": "2003-03",
            "price": "9.46",
            "revenue": 1031392
        },
        "2003-04": {
            "month": "2003-04",
            "price": "8.77",
            "revenue": 1157506
        },
        "2003-05": {
            "month": "2003-05",
            "price": "7.42",
            "revenue": 988002
        },
        "2003-06": {
            "month": "2003-06",
            "price": "9.42",
            "revenue": 942630
        },
        "2003-07": {
            "month": "2003-07",
            "price": "11.54",
            "revenue": 906169
        },
        "2003-08": {
            "month": "2003-08",
            "price": "11.30",
            "revenue": 1084765
        },
        "2003-09": {
            "month": "2003-09",
            "price": "14.35",
            "revenue": 1096675
        },
        "2003-10": {
            "month": "2003-10",
            "price": "16.06",
            "revenue": 1089338
        },
        "2003-11": {
            "month": "2003-11",
            "price": "16.26",
            "revenue": 874313
        },
        "2003-12": {
            "month": "2003-12",
            "price": "14.96",
            "revenue": 1022421
        },
        "2004-01": {
            "month": "2004-01",
            "price": "16.09",
            "revenue": 825798
        },
        "2004-02": {
            "month": "2004-02",
            "price": "17.77",
            "revenue": 869471
        },
        "2004-03": {
            "month": "2004-03",
            "price": "18.40",
            "revenue": 1150615
        },
        "2004-04": {
            "month": "2004-04",
            "price": "21.03",
            "revenue": 1128484
        },
        "2004-05": {
            "month": "2004-05",
            "price": "16.98",
            "revenue": 935823
        },
        "2004-06": {
            "month": "2004-06",
            "price": "16.04",
            "revenue": 966180
        },
        "2004-07": {
            "month": "2004-07",
            "price": "14.94",
            "revenue": 859174
        },
        "2004-08": {
            "month": "2004-08",
            "price": "13.24",
            "revenue": 838088
        },
        "2004-09": {
            "month": "2004-09",
            "price": "13.14",
            "revenue": 787739
        },
        "2004-10": {
            "month": "2004-10",
            "price": "12.23",
            "revenue": 823325
        },
        "2004-11": {
            "month": "2004-11",
            "price": "11.47",
            "revenue": 815840
        },
        "2004-12": {
            "month": "2004-12",
            "price": "10.95",
            "revenue": 605293
        },
        "2005-01": {
            "month": "2005-01",
            "price": "10.56",
            "revenue": 719483
        },
        "2005-02": {
            "month": "2005-02",
            "price": "11.70",
            "revenue": 550259
        },
        "2005-03": {
            "month": "2005-03",
            "price": "11.43",
            "revenue": 799632
        },
        "2005-04": {
            "month": "2005-04",
            "price": "10.30",
            "revenue": 729918
        },
        "2005-05": {
            "month": "2005-05",
            "price": "10.43",
            "revenue": 745720
        },
        "2005-06": {
            "month": "2005-06",
            "price": "12.51",
            "revenue": 749212
        },
        "2005-07": {
            "month": "2005-07",
            "price": "12.27",
            "revenue": 706681
        },
        "2005-08": {
            "month": "2005-08",
            "price": "11.64",
            "revenue": 864314
        },
        "2005-09": {
            "month": "2005-09",
            "price": "11.15",
            "revenue": 812372
        },
        "2005-10": {
            "month": "2005-10",
            "price": "10.59",
            "revenue": 911210
        },
        "2005-11": {
            "month": "2005-11",
            "price": "10.79",
            "revenue": 897481
        },
        "2005-12": {
            "month": "2005-12",
            "price": "13.16",
            "revenue": 684995
        },
        "2006-01": {
            "month": "2006-01",
            "price": "13.23",
            "revenue": 828936
        },
        "2006-02": {
            "month": "2006-02",
            "price": "12.89",
            "revenue": 851134
        },
        "2006-03": {
            "month": "2006-03",
            "price": "12.22",
            "revenue": 983022
        },
        "2006-04": {
            "month": "2006-04",
            "price": "13.57",
            "revenue": 827438
        },
        "2006-05": {
            "month": "2006-05",
            "price": "12.73",
            "revenue": 924781
        },
        "2006-06": {
            "month": "2006-06",
            "price": "10.91",
            "revenue": 975420
        },
        "2006-07": {
            "month": "2006-07",
            "price": "11.05",
            "revenue": 866297
        },
        "2006-08": {
            "month": "2006-08",
            "price": "11.36",
            "revenue": 1011259
        },
        "2006-09": {
            "month": "2006-09",
            "price": "11.39",
            "revenue": 940328
        },
        "2006-10": {
            "month": "2006-10",
            "price": "12.13",
            "revenue": 947182
        },
        "2006-11": {
            "month": "2006-11",
            "price": "13.15",
            "revenue": 1044602
        },
        "2006-12": {
            "month": "2006-12",
            "price": "14.85",
            "revenue": 869064
        },
        "2007-01": {
            "month": "2007-01",
            "price": "14.19",
            "revenue": 1820395
        },
        "2007-02": {
            "month": "2007-02",
            "price": "14.32",
            "revenue": 1518396
        },
        "2007-03": {
            "month": "2007-03",
            "price": "13.48",
            "revenue": 1784548
        },
        "2007-04": {
            "month": "2007-04",
            "price": "13.78",
            "revenue": 1841465
        },
        "2007-05": {
            "month": "2007-05",
            "price": "13.52",
            "revenue": 1759910
        },
        "2007-06": {
            "month": "2007-06",
            "price": "15.35",
            "revenue": 1743650
        },
        "2007-07": {
            "month": "2007-07",
            "price": "15.61",
            "revenue": 1888248
        },
        "2007-08": {
            "month": "2007-08",
            "price": "13.28",
            "revenue": 2107242
        },
        "2007-09": {
            "month": "2007-09",
            "price": "13.02",
            "revenue": 2202771
        },
        "2007-10": {
            "month": "2007-10",
            "price": "13.23",
            "revenue": 2062926
        },
        "2007-11": {
            "month": "2007-11",
            "price": "11.54",
            "revenue": 2012326
        },
        "2007-12": {
            "month": "2007-12",
            "price": "11.01",
            "revenue": 1619922
        },
        "2008-01": {
            "month": "2008-01",
            "price": "9.84",
            "revenue": 2089336
        },
        "2008-02": {
            "month": "2008-02",
            "price": "9.16",
            "revenue": 1587510
        },
        "2008-03": {
            "month": "2008-03",
            "price": "10.12",
            "revenue": 2023425
        },
        "2008-04": {
            "month": "2008-04",
            "price": "10.93",
            "revenue": 2054995
        },
        "2008-05": {
            "month": "2008-05",
            "price": "10.60",
            "revenue": 1991164
        },
        "2008-06": {
            "month": "2008-06",
            "price": "9.69",
            "revenue": 1928887
        },
        "2008-07": {
            "month": "2008-07",
            "price": "9.22",
            "revenue": 2128393
        },
        "2008-08": {
            "month": "2008-08",
            "price": "9.21",
            "revenue": 2133510
        },
        "2008-09": {
            "month": "2008-09",
            "price": "7.80",
            "revenue": 2301339
        },
        "2008-10": {
            "month": "2008-10",
            "price": "5.86",
            "revenue": 1777459
        },
        "2008-11": {
            "month": "2008-11",
            "price": "4.09",
            "revenue": 1409311
        },
        "2008-12": {
            "month": "2008-12",
            "price": "3.86",
            "revenue": 1093477
        },
        "2009-01": {
            "month": "2009-01",
            "price": "4.07",
            "revenue": 984366
        },
        "2009-02": {
            "month": "2009-02",
            "price": "4.49",
            "revenue": 1221565
        },
        "2009-03": {
            "month": "2009-03",
            "price": "5.81",
            "revenue": 1503703
        },
        "2009-04": {
            "month": "2009-04",
            "price": "6.85",
            "revenue": 1568121
        },
        "2009-05": {
            "month": "2009-05",
            "price": "7.68",
            "revenue": 1400544
        },
        "2009-06": {
            "month": "2009-06",
            "price": "6.77",
            "revenue": 1501230
        },
        "2009-07": {
            "month": "2009-07",
            "price": "7.32",
            "revenue": 1703071
        },
        "2009-08": {
            "month": "2009-08",
            "price": "8.52",
            "revenue": 1765466
        },
        "2009-09": {
            "month": "2009-09",
            "price": "9.03",
            "revenue": 2002130
        },
        "2009-10": {
            "month": "2009-10",
            "price": "9.34",
            "revenue": 1860300
        },
        "2009-11": {
            "month": "2009-11",
            "price": "9.33",
            "revenue": 1799923
        },
        "2009-12": {
            "month": "2009-12",
            "price": "10.15",
            "revenue": 1800997
        },
        "2010-01": {
            "month": "2010-01",
            "price": "11.68",
            "revenue": 2100268
        },
        "2010-02": {
            "month": "2010-02",
            "price": "10.93",
            "revenue": 1765800
        },
        "2010-03": {
            "month": "2010-03",
            "price": "11.92",
            "revenue": 2403421
        },
        "2010-04": {
            "month": "2010-04",
            "price": "14.05",
            "revenue": 2404260
        },
        "2010-05": {
            "month": "2010-05",
            "price": "14.42",
            "revenue": 2444894
        },
        "2010-06": {
            "month": "2010-06",
            "price": "13.99",
            "revenue": 2363210
        },
        "2010-07": {
            "month": "2010-07",
            "price": "13.65",
            "revenue": 2522389
        },
        "2010-08": {
            "month": "2010-08",
            "price": "13.81",
            "revenue": 2528146
        },
        "2010-09": {
            "month": "2010-09",
            "price": "12.99",
            "revenue": 2477178
        },
        "2010-10": {
            "month": "2010-10",
            "price": "12.84",
            "revenue": 2173182
        },
        "2010-11": {
            "month": "2010-11",
            "price": "13.05",
            "revenue": 2190121
        },
        "2010-12": {
            "month": "2010-12",
            "price": "14.20",
            "revenue": 1909151
        },
        "2011-01": {
            "month": "2011-01",
            "price": "14.68",
            "revenue": 2289065
        },
        "2011-02": {
            "month": "2011-02",
            "price": "14.88",
            "revenue": 1806411
        },
        "2011-03": {
            "month": "2011-03",
            "price": "14.41",
            "revenue": 2403176
        },
        "2011-04": {
            "month": "2011-04",
            "price": "15.43",
            "revenue": 2465527
        },
        "2011-05": {
            "month": "2011-05",
            "price": "15.57",
            "revenue": 2195072
        },
        "2011-06": {
            "month": "2011-06",
            "price": "14.35",
            "revenue": 2199754
        },
        "2011-07": {
            "month": "2011-07",
            "price": "11.74",
            "revenue": 2133436
        },
        "2011-08": {
            "month": "2011-08",
            "price": "10.01",
            "revenue": 2003511
        },
        "2011-09": {
            "month": "2011-09",
            "price": "8.95",
            "revenue": 2100372
        },
        "2011-10": {
            "month": "2011-10",
            "price": "8.98",
            "revenue": 1828167
        },
        "2011-11": {
            "month": "2011-11",
            "price": "8.96",
            "revenue": 1750995
        },
        "2011-12": {
            "month": "2011-12",
            "price": "8.05",
            "revenue": 1790226
        },
        "2012-01": {
            "month": "2012-01",
            "price": "7.92",
            "revenue": 1590397
        },
        "2012-02": {
            "month": "2012-02",
            "price": "9.88",
            "revenue": 1751218
        },
        "2012-03": {
            "month": "2012-03",
            "price": "9.78",
            "revenue": 2232646
        },
        "2012-04": {
            "month": "2012-04",
            "price": "8.67",
            "revenue": 2120449
        },
        "2012-05": {
            "month": "2012-05",
            "price": "8.45",
            "revenue": 2175370
        },
        "2012-06": {
            "month": "2012-06",
            "price": "8.93",
            "revenue": 2021958
        },
        "2012-07": {
            "month": "2012-07",
            "price": "8.45",
            "revenue": 2121026
        },
        "2012-08": {
            "month": "2012-08",
            "price": "8.54",
            "revenue": 2154317
        },
        "2012-09": {
            "month": "2012-09",
            "price": "8.95",
            "revenue": 2154595
        },
        "2012-10": {
            "month": "2012-10",
            "price": "8.39",
            "revenue": 1989685
        },
        "2012-11": {
            "month": "2012-11",
            "price": "8.55",
            "revenue": 1876495
        },
        "2012-12": {
            "month": "2012-12",
            "price": "9.04",
            "revenue": 1617849
        },
        "2013-01": {
            "month": "2013-01",
            "price": "8.87",
            "revenue": 2150444
        },
        "2013-02": {
            "month": "2013-02",
            "price": "9.00",
            "revenue": 1603556
        },
        "2013-03": {
            "month": "2013-03",
            "price": "9.29",
            "revenue": 2183293
        },
        "2013-04": {
            "month": "2013-04",
            "price": "9.34",
            "revenue": 2098617
        },
        "2013-05": {
            "month": "2013-05",
            "price": "10.22",
            "revenue": 2263858
        },
        "2013-06": {
            "month": "2013-06",
            "price": "10.17",
            "revenue": 2096645
        },
        "2013-07": {
            "month": "2013-07",
            "price": "10.01",
            "revenue": 2112551
        },
        "2013-08": {
            "month": "2013-08",
            "price": "9.94",
            "revenue": 2217773
        },
        "2013-09": {
            "month": "2013-09",
            "price": "10.38",
            "revenue": 2185624
        },
        "2013-10": {
            "month": "2013-10",
            "price": "10.31",
            "revenue": 1991879
        },
        "2013-11": {
            "month": "2013-11",
            "price": "9.91",
            "revenue": 1961785
        },
        "2013-12": {
            "month": "2013-12",
            "price": "10.53",
            "revenue": 1868307
        },
        "2014-01": {
            "month": "2014-01",
            "price": "12.39",
            "revenue": 2358001
        },
        "2014-02": {
            "month": "2014-02",
            "price": "14.03",
            "revenue": 1852655
        },
        "2014-03": {
            "month": "2014-03",
            "price": "14.07",
            "revenue": 2337456
        },
        "2014-04": {
            "month": "2014-04",
            "price": "14.14",
            "revenue": 2400394
        },
        "2014-05": {
            "month": "2014-05",
            "price": "17.21",
            "revenue": 2409766
        },
        "2014-06": {
            "month": "2014-06",
            "price": "20.18",
            "revenue": 2284141
        },
        "2014-07": {
            "month": "2014-07",
            "price": "20.57",
            "revenue": 2341334
        },
        "2014-08": {
            "month": "2014-08",
            "price": "22.38",
            "revenue": 2372080
        },
        "2014-09": {
            "month": "2014-09",
            "price": "23.03",
            "revenue": 2450358
        },
        "2014-10": {
            "month": "2014-10",
            "price": "44.31",
            "revenue": 2121348
        },
        "2014-11": {
            "month": "2014-11",
            "price": "46.19",
            "revenue": 2152866
        },
        "2014-12": {
            "month": "2014-12",
            "price": "48.96",
            "revenue": 1946342
        },
        "2015-01": {
            "month": "2015-01",
            "price": "51.17",
            "revenue": 2580499
        },
        "2015-02": {
            "month": "2015-02",
            "price": "59.26",
            "revenue": 1840383
        },
        "2015-03": {
            "month": "2015-03",
            "price": "63.44",
            "revenue": 2510560
        },
        "2015-04": {
            "month": "2015-04",
            "price": "62.72",
            "revenue": 2383610
        },
        "2015-05": {
            "month": "2015-05",
            "price": "60.46",
            "revenue": 2309706
        },
        "2015-06": {
            "month": "2015-06",
            "price": "53.28",
            "revenue": 2239257
        },
        "2015-07": {
            "month": "2015-07",
            "price": "46.67",
            "revenue": 2281519
        },
        "2015-08": {
            "month": "2015-08",
            "price": "47.31",
            "revenue": 2348365
        },
        "2015-09": {
            "month": "2015-09",
            "price": "49.52",
            "revenue": 2483793
        },
        "2015-10": {
            "month": "2015-10",
            "price": "52.37",
            "revenue": 2259411
        },
        "2015-11": {
            "month": "2015-11",
            "price": "51.53",
            "revenue": 2306021
        },
        "2015-12": {
            "month": "2015-12",
            "price": "51.36",
            "revenue": 1969889
        },
        "2016-01": {
            "month": "2016-01",
            "price": "52.56",
            "revenue": 2728289
        },
        "2016-02": {
            "month": "2016-02",
            "price": "54.18",
            "revenue": 1962502
        },
        "2016-03": {
            "month": "2016-03",
            "price": "53.78",
            "revenue": 2621626
        },
        "2016-04": {
            "month": "2016-04",
            "price": "56.15",
            "revenue": 2509346
        },
        "2016-05": {
            "month": "2016-05",
            "price": "53.66",
            "revenue": 2527459
        },
        "2016-06": {
            "month": "2016-06",
            "price": "54.07",
            "revenue": 2451790
        },
        "2016-07": {
            "month": "2016-07",
            "price": "53.48",
            "revenue": 2499661
        },
        "2016-08": {
            "month": "2016-08",
            "price": "65.59",
            "revenue": 2540110
        },
        "2016-09": {
            "month": "2016-09",
            "price": "64.93",
            "revenue": 2587594
        },
        "2016-10": {
            "month": "2016-10",
            "price": "63.46",
            "revenue": 2399838
        },
        "2016-11": {
            "month": "2016-11",
            "price": "60.11",
            "revenue": 2512415
        },
        "2016-12": {
            "month": "2016-12",
            "price": "57.86",
            "revenue": 2276576
        },
        "2017-01": {
            "month": "2017-01",
            "price": "64.44",
            "revenue": 2634324
        },
        "2017-02": {
            "month": "2017-02",
            "price": "71.83",
            "revenue": 2165698
        },
        "2017-03": {
            "month": "2017-03",
            "price": "82.19",
            "revenue": 2546785
        },
        "2017-04": {
            "month": "2017-04",
            "price": "92.63",
            "revenue": 2603534
        },
        "2017-05": {
            "month": "2017-05",
            "price": "101.78",
            "revenue": 2701024
        },
        "2017-06": {
            "month": "2017-06",
            "price": "104.57",
            "revenue": 2630475
        },
        "2017-07": {
            "month": "2017-07",
            "price": "106.17",
            "revenue": 2740248
        },
        "2017-08": {
            "month": "2017-08",
            "price": "162.86",
            "revenue": 2802139
        },
        "2017-09": {
            "month": "2017-09",
            "price": "210.89",
            "revenue": 3001435
        },
        "2017-10": {
            "month": "2017-10",
            "price": "230.13",
            "revenue": 3033118
        },
        "2017-11": {
            "month": "2017-11",
            "price": "279.57",
            "revenue": 3266327
        },
        "2017-12": {
            "month": "2017-12",
            "price": "318.12",
            "revenue": 3348932
        },
        "2018-01": {
            "month": "2018-01",
            "price": "382.68",
            "revenue": 3538314
        },
        "2018-02": {
            "month": "2018-02",
            "price": "346.73",
            "revenue": 3215461
        },
        "2018-03": {
            "month": "2018-03",
            "price": "442.28",
            "revenue": 4271440
        },
        "2018-04": {
            "month": "2018-04",
            "price": "590.00",
            "revenue": 4838082
        },
        "2018-05": {
            "month": "2018-05",
            "price": "873.05",
            "revenue": 6351721
        },
        "2018-06": {
            "month": "2018-06",
            "price": "1073.00",
            "revenue": 8053763
        },
        "2018-07": {
            "month": "2018-07",
            "price": "975.36",
            "revenue": 9811895
        },
        "2018-08": {
            "month": "2018-08",
            "price": "683.83",
            "revenue": 10602437
        },
        "2018-09": {
            "month": "2018-09",
            "price": "531.37",
            "revenue": 10253869
        },
        "2018-10": {
            "month": "2018-10",
            "price": "390.86",
            "revenue": 6315190
        },
        "2018-11": {
            "month": "2018-11",
            "price": "329.86",
            "revenue": 5377967
        },
        "2018-12": {
            "month": "2018-12",
            "price": "336.69",
            "revenue": 4534415
        },
        "2019-01": {
            "month": "2019-01",
            "price": "311.83",
            "revenue": 4774961
        },
        "2019-02": {
            "month": "2019-02",
            "price": "366.15",
            "revenue": 3100543
        },
        "2019-03": {
            "month": "2019-03",
            "price": "334.00",
            "revenue": 3515278
        },
        "2019-04": {
            "month": "2019-04",
            "price": "324.80",
            "revenue": 3251353
        },
        "2019-05": {
            "month": "2019-05",
            "price": "265.14",
            "revenue": 3260438
        },
        "2019-06": {
            "month": "2019-06",
            "price": "259.39",
            "revenue": 3067780
        },
        "2019-07": {
            "month": "2019-07",
            "price": "265.76",
            "revenue": 3380044
        },
        "2019-08": {
            "month": "2019-08",
            "price": "249.02",
            "revenue": 3414724
        },
        "2019-09": {
            "month": "2019-09",
            "price": "233.97",
            "revenue": 3517544
        },
        "2019-10": {
            "month": "2019-10",
            "price": "301.17",
            "revenue": 3222832
        },
        "2019-11": {
            "month": "2019-11",
            "price": "317.40",
            "revenue": 3520339
        },
        "2019-12": {
            "month": "2019-12",
            "price": "383.75",
            "revenue": 3260058
        },
        "2020-01": {
            "month": "2020-01",
            "price": "411.83",
            "revenue": 3301746
        },
        "2020-02": {
            "month": "2020-02",
            "price": "440.50",
            "revenue": 2683455
        },
        "2020-03": {
            "month": "2020-03",
            "price": "323.48",
            "revenue": 4034955
        },
        "2020-04": {
            "month": "2020-04",
            "price": "339.90",
            "revenue": 4440896
        },
        "2020-05": {
            "month": "2020-05",
            "price": "388.25",
            "revenue": 4485885
        },
        "2020-06": {
            "month": "2020-06",
            "price": "393.08",
            "revenue": 4539758
        },
        "2020-07": {
            "month": "2020-07",
            "price": "383.24",
            "revenue": 7009693
        },
        "2020-08": {
            "month": "2020-08",
            "price": "364.57",
            "revenue": 7295595
        },
        "2020-09": {
            "month": "2020-09",
            "price": "344.89",
            "revenue": 7662169
        },
        "2020-10": {
            "month": "2020-10",
            "price": "356.66",
            "revenue": 7201405
        },
        "2020-11": {
            "month": "2020-11",
            "price": "401.74",
            "revenue": 7669599
        },
        "2020-12": {
            "month": "2020-12",
            "price": "489.63",
            "revenue": 7327819
        },
        "2021-01": {
            "month": "2021-01",
            "price": "581.70",
            "revenue": 8012179
        },
        "2021-02": {
            "month": "2021-02",
            "price": "604.08",
            "revenue": 7005577
        },
        "2021-03": {
            "month": "2021-03",
            "price": "561.14",
            "revenue": 8726347
        },
        "2021-04": {
            "month": "2021-04",
            "price": "558.16",
            "revenue": 9017470
        },
        "2021-05": {
            "month": "2021-05",
            "price": "471.90",
            "revenue": 9201889
        },
        "2021-06": {
            "month": "2021-06",
            "price": "516.32",
            "revenue": 9505026
        },
        "2021-07": {
            "month": "2021-07",
            "price": "580.36",
            "revenue": 9771285
        },
        "2021-08": {
            "month": "2021-08",
            "price": "502.95",
            "revenue": 9804555
        },
        "2021-09": {
            "month": "2021-09",
            "price": "469.40",
            "revenue": 9810200
        },
        "2021-10": {
            "month": "2021-10",
            "price": "418.28",
            "revenue": 8605409
        },
        "2021-11": {
            "month": "2021-11",
            "price": "441.84",
            "revenue": 8863293
        },
        "2021-12": {
            "month": "2021-12",
            "price": "462.14",
            "revenue": 8220533
        },
        "2022-01": {
            "month": "2022-01",
            "price": "496.19",
            "revenue": 10256336
        },
        "2022-02": {
            "month": "2022-02",
            "price": "466.77",
            "revenue": 9247395
        },
        "2022-03": {
            "month": "2022-03",
            "price": "434.65",
            "revenue": 10625424
        },
        "2022-04": {
            "month": "2022-04",
            "price": "406.79",
            "revenue": 10145203
        },
        "2022-05": {
            "month": "2022-05",
            "price": "395.19",
            "revenue": 10530099
        },
        "2022-06": {
            "month": "2022-06",
            "price": "366.69",
            "revenue": 10688753
        },
        "2022-07": {
            "month": "2022-07",
            "price": "316.05",
            "revenue": 10410213
        },
        "2022-08": {
            "month": "2022-08",
            "price": "326.54",
            "revenue": 10175610
        },
        "2022-09": {
            "month": "2022-09",
            "price": "315.36",
            "revenue": 10181382
        },
        "2022-10": {
            "month": "2022-10",
            "price": "286.46",
            "revenue": 9805000
        },
        "2022-11": {
            "month": "2022-11",
            "price": "430.80",
            "revenue": 10002992
        },
        "2022-12": {
            "month": "2022-12",
            "price": "473.57",
            "revenue": 9000510
        },
        "2023-01": {
            "month": "2023-01",
            "price": "510.62",
            "revenue": 8503077
        },
        "2023-02": {
            "month": "2023-02",
            "price": "540.50",
            "revenue": 8588046
        },
        "2023-03": {
            "month": "2023-03",
            "price": "522.54",
            "revenue": 9005794
        },
        "2023-04": {
            "month": "2023-04",
            "price": "519.94",
            "revenue": 9009805
        },
        "2023-05": {
            "month": "2023-05",
            "price": "497.59",
            "revenue": 9007164
        },
        "2023-06": {
            "month": "2023-06",
            "price": "497.42",
            "revenue": 8773334
        },
        "2023-07": {
            "month": "2023-07",
            "price": "482.00",
            "revenue": 8888464
        },
        "2023-08": {
            "month": "2023-08",
            "price": "466.30",
            "revenue": 9009640
        },
        "2023-09": {
            "month": "2023-09",
            "price": "513.10",
            "revenue": 9460962
        },
        "2023-10": {
            "month": "2023-10",
            "price": "531.90",
            "revenue": 9061774
        },
        "2023-11": {
            "month": "2023-11",
            "price": "556.91",
            "revenue": 9350393
        },
        "2023-12": {
            "month": "2023-12",
            "price": "606.38",
            "revenue": 8948352
        },
        "2024-01": {
            "month": "2024-01",
            "price": "562.59",
            "revenue": 10020808
        },
        "2024-02": {
            "month": "2024-02",
            "price": "549.92",
            "revenue": 8460627
        }
    }
}
