{
    "summary": {
        "stock_name": "廣宇",
        "stock_id": "2328",
        "category": "電子零組件",
        "main_business": "電子零組件<br>線覽及連接器產品<br>印刷電路板等",
        "website_url": "http://www.panintl.com",
        "ceo": "蔡明峰",
        "pe_ratio": 14,
        "report_year_from": 2001,
        "report_year_to": 2023,
        "age": 23,
        "eps_negative_percentage": 4,
        "eps_growth_avg": {
            "last_all": 7.21,
            "last_2y": 17.7,
            "last_4y": 1.12,
            "last_8y": 19.88,
            "last_12y": 1.77,
            "last_16y": -1.81,
            "last_20y": 7.57,
            "at_2006_last_3y": 45.08,
            "at_2007_last_3y": 32.58,
            "at_2008_last_3y": -1.89,
            "at_2009_last_3y": -5.13,
            "at_2010_last_3y": -12.54,
            "at_2011_last_3y": -50.04,
            "at_2012_last_3y": -53.45,
            "at_2013_last_3y": -56.7,
            "at_2014_last_3y": -52.59,
            "at_2015_last_3y": -5.92,
            "at_2016_last_3y": 20.56,
            "at_2017_last_3y": 16.22,
            "at_2018_last_3y": 43.34,
            "at_2019_last_3y": 30.26,
            "at_2020_last_3y": -3.54,
            "at_2021_last_3y": 17.36,
            "at_2022_last_3y": 8.45,
            "at_2023_last_3y": 4.48,
            "at_2024_last_3y": 4.48,
            "at_2006_last_all": 36.06,
            "at_2007_last_all": 38.38,
            "at_2008_last_all": 27.21,
            "at_2009_last_all": 22.37,
            "at_2010_last_all": 14.46,
            "at_2011_last_all": 3.01,
            "at_2012_last_all": 3.01,
            "at_2013_last_all": 0.81,
            "at_2014_last_all": -2.3,
            "at_2015_last_all": 0.95,
            "at_2016_last_all": 8.03,
            "at_2017_last_all": 4.92,
            "at_2018_last_all": 9.11,
            "at_2019_last_all": 7.85,
            "at_2020_last_all": 5.46,
            "at_2021_last_all": 7.54,
            "at_2022_last_all": 8.98,
            "at_2023_last_all": 7.21,
            "at_2024_last_all": 7.21
        },
        "latest_eps": 2.5,
        "latest_price": 35.45,
        "latest_roe": 10.36,
        "latest_gross_margin": 11.8,
        "latest_equity": 15214444,
        "latest_revenue": 6885374,
        "latest_gross_profit": 812428,
        "latest_net_income": 395386,
        "latest_debt_ratio": 38.16,
        "latest_current_ratio": 208.42,
        "latest_account_receivable_turnover_ratio": 0.99,
        "latest_inventory_turnover_ratio": 1.61,
        "latest_reinvestment_rate": 20.56,
        "latest_research_to_sale_ratio": 1.65
    },
    "eps_dividends": {
        "1991": {
            "cash": 0,
            "stock": 2,
            "eps": 0
        },
        "1992": {
            "cash": 0,
            "stock": 2.5,
            "eps": 0
        },
        "1993": {
            "cash": 0,
            "stock": 2,
            "eps": 0
        },
        "1994": {
            "cash": 0,
            "stock": 2.8,
            "eps": 0
        },
        "1996": {
            "cash": 0,
            "stock": 2,
            "eps": 0
        },
        "1997": {
            "cash": 0,
            "stock": 1.5,
            "eps": 0
        },
        "1998": {
            "cash": 0,
            "stock": 3.5,
            "eps": 0
        },
        "2001": {
            "cash": 0,
            "stock": 0,
            "eps": 0.42
        },
        "2002": {
            "cash": 0,
            "stock": 0,
            "eps": 0.42
        },
        "2003": {
            "cash": 0,
            "stock": 0,
            "eps": 1.01
        },
        "2004": {
            "cash": 0,
            "stock": 0.5,
            "eps": 2
        },
        "2005": {
            "cash": 0,
            "stock": 1,
            "eps": 2.03
        },
        "2006": {
            "cash": 0.5,
            "stock": 0.5,
            "eps": 1.64
        },
        "2007": {
            "cash": 0.4,
            "stock": 0.4,
            "eps": 2.46
        },
        "2008": {
            "cash": 0.7,
            "stock": 0.5,
            "eps": 1.48
        },
        "2009": {
            "cash": 0.2,
            "stock": 0.4,
            "eps": 1.31
        },
        "2010": {
            "cash": 0.3,
            "stock": 0.3,
            "eps": 0.67
        },
        "2011": {
            "cash": 0.3,
            "stock": 0.1,
            "eps": -0.48
        },
        "2012": {
            "cash": 0,
            "stock": 0,
            "eps": 0.8
        },
        "2013": {
            "cash": 0.3,
            "stock": 0.1,
            "eps": 0.63
        },
        "2014": {
            "cash": 0.3,
            "stock": 0.05,
            "eps": 0.4
        },
        "2015": {
            "cash": 0.29,
            "stock": 0,
            "eps": 0.56
        },
        "2016": {
            "cash": 0.35,
            "stock": 0,
            "eps": 2.15
        },
        "2017": {
            "cash": 0.7,
            "stock": 0,
            "eps": 1.32
        },
        "2018": {
            "cash": 0.8,
            "stock": 0,
            "eps": 2.27
        },
        "2019": {
            "cash": 1.1,
            "stock": 0,
            "eps": 1.99
        },
        "2020": {
            "cash": 1,
            "stock": 0,
            "eps": 1.29
        },
        "2021": {
            "cash": 0.65,
            "stock": 0,
            "eps": 1.87
        },
        "2022": {
            "cash": 1,
            "stock": 0,
            "eps": 2.55
        },
        "2023": {
            "cash": 2.8,
            "stock": 0,
            "eps": 1.83
        }
    },
    "dividends": {
        "1991-06-07": {
            "cash": 0,
            "stock": 2
        },
        "1992-04-10": {
            "cash": 0,
            "stock": 2.5
        },
        "1993-04-20": {
            "cash": 0,
            "stock": 2
        },
        "1994-05-18": {
            "cash": 0,
            "stock": 2.8
        },
        "1996-05-11": {
            "cash": 0,
            "stock": 2
        },
        "1997-06-26": {
            "cash": 0,
            "stock": 1.5
        },
        "1998-06-02": {
            "cash": 0,
            "stock": 3.5
        },
        "2004-04-29": {
            "cash": 0,
            "stock": 0.5
        },
        "2005-04-29": {
            "cash": 0,
            "stock": 1
        },
        "2006-04-28": {
            "cash": 0.5,
            "stock": 0.5
        },
        "2007-03-19": {
            "cash": 0.4,
            "stock": 0.4
        },
        "2008-04-22": {
            "cash": 0.7,
            "stock": 0.5
        },
        "2009-03-18": {
            "cash": 0.2,
            "stock": 0.4
        },
        "2010-06-08": {
            "cash": 0.3,
            "stock": 0.3
        },
        "2011-04-27": {
            "cash": 0.3,
            "stock": 0.1
        },
        "2013-04-17": {
            "cash": 0.3,
            "stock": 0.1
        },
        "2014-09-25": {
            "cash": 0.3,
            "stock": 0.05
        },
        "2015-09-25": {
            "cash": 0.29,
            "stock": 0
        },
        "2016-09-22": {
            "cash": 0.35,
            "stock": 0
        },
        "2017-09-25": {
            "cash": 0.7,
            "stock": 0
        },
        "2018-09-25": {
            "cash": 0.8,
            "stock": 0
        },
        "2019-09-25": {
            "cash": 1.1,
            "stock": 0
        },
        "2020-09-25": {
            "cash": 1,
            "stock": 0
        },
        "2021-09-24": {
            "cash": 0.65,
            "stock": 0
        },
        "2022-09-23": {
            "cash": 1,
            "stock": 0
        },
        "2023-04-18": {
            "cash": 1.4,
            "stock": 0
        },
        "2023-09-25": {
            "cash": 1.4,
            "stock": 0
        }
    },
    "prices": {
        "200101": "13.40",
        "200102": "19.26",
        "200103": "20.71",
        "200104": "19.50",
        "200105": "14.40",
        "200106": "15.84",
        "200107": "14.89",
        "200108": "16.00",
        "200109": "12.88",
        "200110": "11.60",
        "200111": "17.31",
        "200112": "20.01",
        "200201": "24.01",
        "200202": "31.23",
        "200203": "30.91",
        "200204": "29.64",
        "200205": "22.60",
        "200206": "23.15",
        "200207": "21.61",
        "200208": "20.40",
        "200209": "19.06",
        "200210": "17.75",
        "200211": "21.40",
        "200212": "20.60",
        "200301": "19.53",
        "200302": "17.29",
        "200303": "18.24",
        "200304": "18.69",
        "200305": "20.61",
        "200306": "23.84",
        "200307": "25.25",
        "200308": "23.38",
        "200309": "21.93",
        "200310": "22.51",
        "200311": "22.40",
        "200312": "21.97",
        "200401": "22.17",
        "200402": "25.26",
        "200403": "30.27",
        "200404": "29.72",
        "200405": "20.84",
        "200406": "19.42",
        "200407": "17.53",
        "200408": "19.40",
        "200409": "22.47",
        "200410": "23.49",
        "200411": "23.73",
        "200412": "24.11",
        "200501": "23.91",
        "200502": "26.78",
        "200503": "33.21",
        "200504": "33.54",
        "200505": "37.62",
        "200506": "49.17",
        "200507": "49.93",
        "200508": "39.41",
        "200509": "37.16",
        "200510": "37.27",
        "200511": "39.22",
        "200512": "46.84",
        "200601": "55.64",
        "200602": "48.22",
        "200603": "45.96",
        "200604": "49.79",
        "200605": "45.16",
        "200606": "36.60",
        "200607": "36.45",
        "200608": "38.04",
        "200609": "36.32",
        "200610": "50.79",
        "200611": "68.44",
        "200612": "93.70",
        "200701": "88.39",
        "200702": "75.72",
        "200703": "80.06",
        "200704": "72.88",
        "200705": "78.48",
        "200706": "83.35",
        "200707": "123.25",
        "200708": "107.71",
        "200709": "107.69",
        "200710": "106.08",
        "200711": "73.32",
        "200712": "69.90",
        "200801": "55.25",
        "200802": "48.02",
        "200803": "54.89",
        "200804": "59.99",
        "200805": "58.60",
        "200806": "49.86",
        "200807": "47.19",
        "200808": "53.70",
        "200809": "44.19",
        "200810": "33.12",
        "200811": "21.39",
        "200812": "21.36",
        "200901": "26.14",
        "200902": "27.90",
        "200903": "29.41",
        "200904": "34.17",
        "200905": "39.24",
        "200906": "37.84",
        "200907": "38.26",
        "200908": "37.47",
        "200909": "44.47",
        "200910": "52.87",
        "200911": "52.14",
        "200912": "53.46",
        "201001": "55.08",
        "201002": "49.35",
        "201003": "51.26",
        "201004": "53.14",
        "201005": "47.95",
        "201006": "47.48",
        "201007": "50.51",
        "201008": "50.56",
        "201009": "47.25",
        "201010": "46.23",
        "201011": "45.85",
        "201012": "47.09",
        "201101": "44.90",
        "201102": "40.50",
        "201103": "35.92",
        "201104": "37.71",
        "201105": "35.99",
        "201106": "32.05",
        "201107": "34.28",
        "201108": "35.26",
        "201109": "32.43",
        "201110": "30.66",
        "201111": "29.01",
        "201112": "23.55",
        "201201": "24.05",
        "201202": "30.53",
        "201203": "29.72",
        "201204": "25.55",
        "201205": "26.78",
        "201206": "27.73",
        "201207": "29.82",
        "201208": "30.22",
        "201209": "30.17",
        "201210": "27.13",
        "201211": "25.37",
        "201212": "26.72",
        "201301": "27.95",
        "201302": "26.40",
        "201303": "24.84",
        "201304": "23.21",
        "201305": "23.83",
        "201306": "23.41",
        "201307": "24.03",
        "201308": "24.23",
        "201309": "24.50",
        "201310": "23.93",
        "201311": "22.20",
        "201312": "22.49",
        "201401": "23.44",
        "201402": "22.63",
        "201403": "22.65",
        "201404": "22.70",
        "201405": "22.10",
        "201406": "21.95",
        "201407": "22.35",
        "201408": "21.49",
        "201409": "21.19",
        "201410": "18.49",
        "201411": "18.51",
        "201412": "18.57",
        "201501": "19.00",
        "201502": "18.11",
        "201503": "18.48",
        "201504": "18.44",
        "201505": "18.10",
        "201506": "14.35",
        "201507": "14.41",
        "201508": "12.47",
        "201509": "11.74",
        "201510": "13.05",
        "201511": "14.10",
        "201512": "13.43",
        "201601": "11.73",
        "201602": "12.28",
        "201603": "13.48",
        "201604": "12.33",
        "201605": "11.41",
        "201606": "11.99",
        "201607": "13.40",
        "201608": "19.78",
        "201609": "26.51",
        "201610": "28.88",
        "201611": "25.22",
        "201612": "24.53",
        "201701": "25.20",
        "201702": "27.20",
        "201703": "29.24",
        "201704": "28.44",
        "201705": "27.46",
        "201706": "27.18",
        "201707": "27.64",
        "201708": "28.12",
        "201709": "26.70",
        "201710": "25.07",
        "201711": "26.02",
        "201712": "25.70",
        "201801": "25.73",
        "201802": "22.63",
        "201803": "22.44",
        "201804": "20.38",
        "201805": "20.95",
        "201806": "22.43",
        "201807": "20.79",
        "201808": "20.95",
        "201809": "21.80",
        "201810": "18.72",
        "201811": "18.95",
        "201812": "19.99",
        "201901": "19.07",
        "201902": "20.59",
        "201903": "22.36",
        "201904": "26.16",
        "201905": "24.61",
        "201906": "23.75",
        "201907": "24.40",
        "201908": "23.64",
        "201909": "24.32",
        "201910": "23.47",
        "201911": "24.14",
        "201912": "23.91",
        "202001": "22.47",
        "202002": "20.34",
        "202003": "17.38",
        "202004": "18.14",
        "202005": "18.41",
        "202006": "18.22",
        "202007": "18.37",
        "202008": "18.40",
        "202009": "17.85",
        "202010": "17.52",
        "202011": "19.11",
        "202012": "22.55",
        "202101": "37.79",
        "202102": "41.28",
        "202103": "43.80",
        "202104": "43.51",
        "202105": "37.73",
        "202106": "39.97",
        "202107": "41.00",
        "202108": "39.87",
        "202109": "38.16",
        "202110": "40.50",
        "202111": "39.89",
        "202112": "39.00",
        "202201": "37.81",
        "202202": "37.87",
        "202203": "37.58",
        "202204": "36.64",
        "202205": "35.49",
        "202206": "38.39",
        "202207": "34.08",
        "202208": "35.26",
        "202209": "33.84",
        "202210": "32.69",
        "202211": "33.62",
        "202212": "38.45",
        "202301": "37.35",
        "202302": "39.04",
        "202303": "38.66",
        "202304": "38.36",
        "202305": "37.88",
        "202306": "41.00",
        "202307": "41.88",
        "202308": "38.99",
        "202309": "37.73",
        "202310": "35.95",
        "202311": "34.93",
        "202312": "35.05"
    },
    "quarters": {
        "20011": {
            "year_quarter": 20011,
            "year": 2001,
            "quarter": 1,
            "eps": 0.03,
            "eps_growth_year": -92.5,
            "eps_4q": 0.2,
            "eps_4q_growth_year": null,
            "roe": 0.18,
            "roe_4q": 0.18,
            "gross_profit": 100034,
            "gross_margin": 10.94,
            "gross_margin_4q_avg": 10.94,
            "net_income": 9082,
            "net_income_4q": null,
            "revenue": 914496,
            "revenue_4q": null,
            "common_shares": 3441000,
            "book_valuer_per_share": 13.86,
            "book_valuer_per_share_4q_avg": 13.86,
            "equity": 4770131,
            "current_ratio": 306.35,
            "debt_ratio": 15.11,
            "inventory_turnover_ratio": 0.87,
            "account_receivable_turnover_ratio": null,
            "reinvestment_rate": null,
            "research_to_sale_ratio": null,
            "price_fair": 0,
            "eps_avg_yearly": 0,
            "eps_latest_yearly": 0,
            "eps_growth_yearly": 0
        },
        "20012": {
            "year_quarter": 20012,
            "year": 2001,
            "quarter": 2,
            "eps": 0.04,
            "eps_growth_year": -95.24,
            "eps_4q": -0.49,
            "eps_4q_growth_year": -134.27,
            "roe": 0.28,
            "roe_4q": 0.46,
            "gross_profit": 148961,
            "gross_margin": 23.11,
            "gross_margin_4q_avg": 17.03,
            "net_income": 13531,
            "net_income_4q": null,
            "revenue": 644453,
            "revenue_4q": null,
            "common_shares": 3441000,
            "book_valuer_per_share": 14.07,
            "book_valuer_per_share_4q_avg": 13.97,
            "equity": 4840219,
            "current_ratio": 331.34,
            "debt_ratio": 14.52,
            "inventory_turnover_ratio": 1.81,
            "account_receivable_turnover_ratio": null,
            "reinvestment_rate": null,
            "research_to_sale_ratio": null,
            "price_fair": 0,
            "eps_avg_yearly": 0,
            "eps_latest_yearly": 0,
            "eps_growth_yearly": 0
        },
        "20013": {
            "year_quarter": 20013,
            "year": 2001,
            "quarter": 3,
            "eps": 0.12,
            "eps_growth_year": -25,
            "eps_4q": -0.52,
            "eps_4q_growth_year": -140.63,
            "roe": 0.83,
            "roe_4q": 1.2899999999999998,
            "gross_profit": 88654,
            "gross_margin": 8.18,
            "gross_margin_4q_avg": 14.08,
            "net_income": 40546,
            "net_income_4q": null,
            "revenue": 1084304,
            "revenue_4q": null,
            "common_shares": 3441000,
            "book_valuer_per_share": 14.2,
            "book_valuer_per_share_4q_avg": 14.04,
            "equity": 4886512,
            "current_ratio": 277.85,
            "debt_ratio": 18.56,
            "inventory_turnover_ratio": 8.21,
            "account_receivable_turnover_ratio": null,
            "reinvestment_rate": null,
            "research_to_sale_ratio": null,
            "price_fair": 0,
            "eps_avg_yearly": 0,
            "eps_latest_yearly": 0,
            "eps_growth_yearly": 0
        },
        "20014": {
            "year_quarter": 20014,
            "year": 2001,
            "quarter": 4,
            "eps": 0.23,
            "eps_growth_year": null,
            "eps_4q": 0.42,
            "eps_4q_growth_year": 0.62,
            "roe": 1.49,
            "roe_4q": 2.78,
            "gross_profit": 68108,
            "gross_margin": 4.56,
            "gross_margin_4q_avg": 11.7,
            "net_income": 77759,
            "net_income_4q": null,
            "revenue": 1492632,
            "revenue_4q": null,
            "common_shares": 3441000,
            "book_valuer_per_share": 14.61,
            "book_valuer_per_share_4q_avg": 14.19,
            "equity": 5559663,
            "current_ratio": 539.41,
            "debt_ratio": 12.79,
            "inventory_turnover_ratio": 6.21,
            "account_receivable_turnover_ratio": null,
            "reinvestment_rate": null,
            "research_to_sale_ratio": null,
            "price_fair": 0,
            "eps_avg_yearly": 0,
            "eps_latest_yearly": 0,
            "eps_growth_yearly": 0
        },
        "20021": {
            "year_quarter": 20021,
            "year": 2002,
            "quarter": 1,
            "eps": 0.04,
            "eps_growth_year": 33.33,
            "eps_4q": 0.39,
            "eps_4q_growth_year": 94.81,
            "roe": 0.29,
            "roe_4q": 2.8899999999999997,
            "gross_profit": 51467,
            "gross_margin": 8.78,
            "gross_margin_4q_avg": 11.16,
            "net_income": 15248,
            "net_income_4q": null,
            "revenue": 586410,
            "revenue_4q": null,
            "common_shares": 3441000,
            "book_valuer_per_share": 14.66,
            "book_valuer_per_share_4q_avg": 14.39,
            "equity": 5044256,
            "current_ratio": 361.56,
            "debt_ratio": 14.36,
            "inventory_turnover_ratio": 2.32,
            "account_receivable_turnover_ratio": null,
            "reinvestment_rate": null,
            "research_to_sale_ratio": null,
            "price_fair": 0.48,
            "eps_avg_yearly": 0.16,
            "eps_latest_yearly": 0.16,
            "eps_growth_yearly": -330.43
        },
        "20022": {
            "year_quarter": 20022,
            "year": 2002,
            "quarter": 2,
            "eps": 0.01,
            "eps_growth_year": -75,
            "eps_4q": 0.4,
            "eps_4q_growth_year": null,
            "roe": 0.07,
            "roe_4q": 2.68,
            "gross_profit": 49112,
            "gross_margin": 6.76,
            "gross_margin_4q_avg": 7.07,
            "net_income": 3281,
            "net_income_4q": null,
            "revenue": 726339,
            "revenue_4q": null,
            "common_shares": 3441000,
            "book_valuer_per_share": 14.46,
            "book_valuer_per_share_4q_avg": 14.48,
            "equity": 4976970,
            "current_ratio": 368.65,
            "debt_ratio": 14.35,
            "inventory_turnover_ratio": 6.25,
            "account_receivable_turnover_ratio": null,
            "reinvestment_rate": null,
            "research_to_sale_ratio": null,
            "price_fair": 0.3,
            "eps_avg_yearly": 0.1,
            "eps_latest_yearly": 0.04,
            "eps_growth_yearly": -315.22
        },
        "20023": {
            "year_quarter": 20023,
            "year": 2002,
            "quarter": 3,
            "eps": 0.18,
            "eps_growth_year": 50,
            "eps_4q": 0.46,
            "eps_4q_growth_year": null,
            "roe": 1.21,
            "roe_4q": 3.06,
            "gross_profit": 58855,
            "gross_margin": 6.89,
            "gross_margin_4q_avg": 6.75,
            "net_income": 61021,
            "net_income_4q": null,
            "revenue": 854216,
            "revenue_4q": null,
            "common_shares": 3441000,
            "book_valuer_per_share": 14.85,
            "book_valuer_per_share_4q_avg": 14.65,
            "equity": 5109058,
            "current_ratio": 347.07,
            "debt_ratio": 15.46,
            "inventory_turnover_ratio": 6.92,
            "account_receivable_turnover_ratio": null,
            "reinvestment_rate": null,
            "research_to_sale_ratio": null,
            "price_fair": 10.73,
            "eps_avg_yearly": 0.31,
            "eps_latest_yearly": 0.72,
            "eps_growth_yearly": 2056.52
        },
        "20024": {
            "year_quarter": 20024,
            "year": 2002,
            "quarter": 4,
            "eps": 0.19,
            "eps_growth_year": -17.39,
            "eps_4q": 0.42,
            "eps_4q_growth_year": 0.65,
            "roe": 1.22,
            "roe_4q": 2.7899999999999996,
            "gross_profit": 108761,
            "gross_margin": 10.61,
            "gross_margin_4q_avg": 8.26,
            "net_income": 65854,
            "net_income_4q": null,
            "revenue": 1024737,
            "revenue_4q": null,
            "common_shares": 3441000,
            "book_valuer_per_share": 15.01,
            "book_valuer_per_share_4q_avg": 14.75,
            "equity": 5702518,
            "current_ratio": 513.11,
            "debt_ratio": 13.87,
            "inventory_turnover_ratio": 3.84,
            "account_receivable_turnover_ratio": null,
            "reinvestment_rate": null,
            "research_to_sale_ratio": null,
            "price_fair": 14.7,
            "eps_avg_yearly": 0.42,
            "eps_latest_yearly": 0.76,
            "eps_growth_yearly": 1547.95
        },
        "20031": {
            "year_quarter": 20031,
            "year": 2003,
            "quarter": 1,
            "eps": 0.36,
            "eps_growth_year": 800,
            "eps_4q": 0.73,
            "eps_4q_growth_year": 90.27,
            "roe": 2.28,
            "roe_4q": 4.78,
            "gross_profit": 124582,
            "gross_margin": 11,
            "gross_margin_4q_avg": 8.82,
            "net_income": 125230,
            "net_income_4q": null,
            "revenue": 1132474,
            "revenue_4q": null,
            "common_shares": 3441000,
            "book_valuer_per_share": 15.38,
            "book_valuer_per_share_4q_avg": 14.93,
            "equity": 5290886,
            "current_ratio": 254.89,
            "debt_ratio": 20.44,
            "inventory_turnover_ratio": 3.71,
            "account_receivable_turnover_ratio": null,
            "reinvestment_rate": 127.84,
            "research_to_sale_ratio": null,
            "price_fair": 21.84,
            "eps_avg_yearly": 0.62,
            "eps_latest_yearly": 1.44,
            "eps_growth_yearly": 1309.94
        },
        "20032": {
            "year_quarter": 20032,
            "year": 2003,
            "quarter": 2,
            "eps": 0.27,
            "eps_growth_year": 2600,
            "eps_4q": 1,
            "eps_4q_growth_year": 152.05,
            "roe": 1.74,
            "roe_4q": 6.449999999999999,
            "gross_profit": 143221,
            "gross_margin": 10.72,
            "gross_margin_4q_avg": 9.81,
            "net_income": 92954,
            "net_income_4q": null,
            "revenue": 1335981,
            "revenue_4q": null,
            "common_shares": 3441000,
            "book_valuer_per_share": 15.62,
            "book_valuer_per_share_4q_avg": 15.22,
            "equity": 5376423,
            "current_ratio": 213.51,
            "debt_ratio": 22.14,
            "inventory_turnover_ratio": 6.97,
            "account_receivable_turnover_ratio": null,
            "reinvestment_rate": 18.59,
            "research_to_sale_ratio": null,
            "price_fair": 24.5,
            "eps_avg_yearly": 0.7,
            "eps_latest_yearly": 1.08,
            "eps_growth_yearly": 1074.95
        },
        "20033": {
            "year_quarter": 20033,
            "year": 2003,
            "quarter": 3,
            "eps": 0.15,
            "eps_growth_year": -16.67,
            "eps_4q": 0.99,
            "eps_4q_growth_year": 113.66,
            "roe": 0.94,
            "roe_4q": 6.179999999999999,
            "gross_profit": 76250,
            "gross_margin": 5.08,
            "gross_margin_4q_avg": 9.35,
            "net_income": 50634,
            "net_income_4q": null,
            "revenue": 1502114,
            "revenue_4q": null,
            "common_shares": 3441000,
            "book_valuer_per_share": 15.65,
            "book_valuer_per_share_4q_avg": 15.42,
            "equity": 5386127,
            "current_ratio": 182.1,
            "debt_ratio": 24.98,
            "inventory_turnover_ratio": 9.59,
            "account_receivable_turnover_ratio": null,
            "reinvestment_rate": 30.19,
            "research_to_sale_ratio": null,
            "price_fair": 24,
            "eps_avg_yearly": 0.69,
            "eps_latest_yearly": 0.6,
            "eps_growth_yearly": 895.99
        },
        "20034": {
            "year_quarter": 20034,
            "year": 2003,
            "quarter": 4,
            "eps": 0.23,
            "eps_growth_year": 21.05,
            "eps_4q": 0.99,
            "eps_4q_growth_year": 137.14,
            "roe": 1.42,
            "roe_4q": 6.379999999999999,
            "gross_profit": 87050,
            "gross_margin": 5.57,
            "gross_margin_4q_avg": 8.09,
            "net_income": 80840,
            "net_income_4q": null,
            "revenue": 1563816,
            "revenue_4q": null,
            "common_shares": 3441000,
            "book_valuer_per_share": 15.96,
            "book_valuer_per_share_4q_avg": 15.65,
            "equity": 6005065,
            "current_ratio": 243.59,
            "debt_ratio": 26.03,
            "inventory_turnover_ratio": 4.5,
            "account_receivable_turnover_ratio": null,
            "reinvestment_rate": 48.88,
            "research_to_sale_ratio": null,
            "price_fair": 25.03,
            "eps_avg_yearly": 0.72,
            "eps_latest_yearly": 0.92,
            "eps_growth_yearly": 810.65
        },
        "20041": {
            "year_quarter": 20041,
            "year": 2004,
            "quarter": 1,
            "eps": 0.29,
            "eps_growth_year": -19.44,
            "eps_4q": 0.94,
            "eps_4q_growth_year": 28,
            "roe": 1.74,
            "roe_4q": 5.84,
            "gross_profit": 113661,
            "gross_margin": 7.83,
            "gross_margin_4q_avg": 7.3,
            "net_income": 100171,
            "net_income_4q": null,
            "revenue": 1451756,
            "revenue_4q": null,
            "common_shares": 3441000,
            "book_valuer_per_share": 16.05,
            "book_valuer_per_share_4q_avg": 15.82,
            "equity": 5524478,
            "current_ratio": 195,
            "debt_ratio": 22.51,
            "inventory_turnover_ratio": 3.36,
            "account_receivable_turnover_ratio": null,
            "reinvestment_rate": 45.68,
            "research_to_sale_ratio": null,
            "price_fair": 26.76,
            "eps_avg_yearly": 0.76,
            "eps_latest_yearly": 1.16,
            "eps_growth_yearly": 732.18
        },
        "20042": {
            "year_quarter": 20042,
            "year": 2004,
            "quarter": 2,
            "eps": 0.49,
            "eps_growth_year": 81.48,
            "eps_4q": 1.13,
            "eps_4q_growth_year": 12.6,
            "roe": 3.15,
            "roe_4q": 7.25,
            "gross_profit": 237730,
            "gross_margin": 15.62,
            "gross_margin_4q_avg": 8.53,
            "net_income": 177762,
            "net_income_4q": null,
            "revenue": 1521582,
            "revenue_4q": null,
            "common_shares": 3441000,
            "book_valuer_per_share": 16.79,
            "book_valuer_per_share_4q_avg": 16.11,
            "equity": 5775818,
            "current_ratio": 197.38,
            "debt_ratio": 23.57,
            "inventory_turnover_ratio": 4.02,
            "account_receivable_turnover_ratio": null,
            "reinvestment_rate": 54.8,
            "research_to_sale_ratio": null,
            "price_fair": 30.94,
            "eps_avg_yearly": 0.88,
            "eps_latest_yearly": 1.96,
            "eps_growth_yearly": 686.54
        },
        "20043": {
            "year_quarter": 20043,
            "year": 2004,
            "quarter": 3,
            "eps": 0.73,
            "eps_growth_year": 386.67,
            "eps_4q": 1.72,
            "eps_4q_growth_year": 73.02,
            "roe": 4.55,
            "roe_4q": 10.86,
            "gross_profit": 326435,
            "gross_margin": 13.65,
            "gross_margin_4q_avg": 10.67,
            "net_income": 265785,
            "net_income_4q": null,
            "revenue": 2391913,
            "revenue_4q": null,
            "common_shares": 3628000,
            "book_valuer_per_share": 16.31,
            "book_valuer_per_share_4q_avg": 16.28,
            "equity": 5916475,
            "current_ratio": 176.06,
            "debt_ratio": 29.6,
            "inventory_turnover_ratio": 5.48,
            "account_receivable_turnover_ratio": null,
            "reinvestment_rate": 39.92,
            "research_to_sale_ratio": null,
            "price_fair": 37.42,
            "eps_avg_yearly": 1.07,
            "eps_latest_yearly": 2.92,
            "eps_growth_yearly": 641.94
        },
        "20044": {
            "year_quarter": 20044,
            "year": 2004,
            "quarter": 4,
            "eps": 0.49,
            "eps_growth_year": 113.04,
            "eps_4q": 2,
            "eps_4q_growth_year": 101.29,
            "roe": 2.84,
            "roe_4q": 12.28,
            "gross_profit": 227456,
            "gross_margin": 9.55,
            "gross_margin_4q_avg": 11.66,
            "net_income": 176153,
            "net_income_4q": null,
            "revenue": 2382042,
            "revenue_4q": null,
            "common_shares": 3628000,
            "book_valuer_per_share": 16.42,
            "book_valuer_per_share_4q_avg": 16.39,
            "equity": 6473492,
            "current_ratio": 225.4,
            "debt_ratio": 31.41,
            "inventory_turnover_ratio": 4.8,
            "account_receivable_turnover_ratio": null,
            "reinvestment_rate": 47.28,
            "research_to_sale_ratio": null,
            "price_fair": 40.02,
            "eps_avg_yearly": 1.14,
            "eps_latest_yearly": 1.96,
            "eps_growth_yearly": 577.49
        },
        "20051": {
            "year_quarter": 20051,
            "year": 2005,
            "quarter": 1,
            "eps": 0.5,
            "eps_growth_year": 72.41,
            "eps_4q": 2.24,
            "eps_4q_growth_year": 138.87,
            "roe": 2.82,
            "roe_4q": 13.360000000000001,
            "gross_profit": 230274,
            "gross_margin": 12,
            "gross_margin_4q_avg": 12.71,
            "net_income": 177590,
            "net_income_4q": null,
            "revenue": 1918491,
            "revenue_4q": null,
            "common_shares": 3628000,
            "book_valuer_per_share": 16.89,
            "book_valuer_per_share_4q_avg": 16.6,
            "equity": 6127386,
            "current_ratio": 203.68,
            "debt_ratio": 27.18,
            "inventory_turnover_ratio": 4.43,
            "account_receivable_turnover_ratio": null,
            "reinvestment_rate": 57.43,
            "research_to_sale_ratio": null,
            "price_fair": 42.32,
            "eps_avg_yearly": 1.21,
            "eps_latest_yearly": 2,
            "eps_growth_yearly": 533.69
        },
        "20052": {
            "year_quarter": 20052,
            "year": 2005,
            "quarter": 2,
            "eps": 0.53,
            "eps_growth_year": 8.16,
            "eps_4q": 2.09,
            "eps_4q_growth_year": 84.92,
            "roe": 3.39,
            "roe_4q": 13.600000000000001,
            "gross_profit": 224712,
            "gross_margin": 11.42,
            "gross_margin_4q_avg": 11.66,
            "net_income": 210908,
            "net_income_4q": null,
            "revenue": 1968288,
            "revenue_4q": null,
            "common_shares": 3628000,
            "book_valuer_per_share": 17.44,
            "book_valuer_per_share_4q_avg": 16.77,
            "equity": 6328969,
            "current_ratio": 184.58,
            "debt_ratio": 27.67,
            "inventory_turnover_ratio": 5.96,
            "account_receivable_turnover_ratio": null,
            "reinvestment_rate": 48.38,
            "research_to_sale_ratio": null,
            "price_fair": 44.6,
            "eps_avg_yearly": 1.27,
            "eps_latest_yearly": 2.12,
            "eps_growth_yearly": 497.29
        },
        "20053": {
            "year_quarter": 20053,
            "year": 2005,
            "quarter": 3,
            "eps": 0.39,
            "eps_growth_year": -46.58,
            "eps_4q": 1.81,
            "eps_4q_growth_year": 5.62,
            "roe": 2.39,
            "roe_4q": 11.44,
            "gross_profit": 252822,
            "gross_margin": 8.97,
            "gross_margin_4q_avg": 10.49,
            "net_income": 154874,
            "net_income_4q": null,
            "revenue": 2819520,
            "revenue_4q": null,
            "common_shares": 4016260,
            "book_valuer_per_share": 16.47,
            "book_valuer_per_share_4q_avg": 16.81,
            "equity": 6616491,
            "current_ratio": 161.44,
            "debt_ratio": 34.99,
            "inventory_turnover_ratio": 7.63,
            "account_receivable_turnover_ratio": null,
            "reinvestment_rate": 43.65,
            "research_to_sale_ratio": null,
            "price_fair": 45.27,
            "eps_avg_yearly": 1.29,
            "eps_latest_yearly": 1.56,
            "eps_growth_yearly": 457.09
        },
        "20054": {
            "year_quarter": 20054,
            "year": 2005,
            "quarter": 4,
            "eps": 0.61,
            "eps_growth_year": 24.49,
            "eps_4q": 1.99,
            "eps_4q_growth_year": -0.64,
            "roe": 3.41,
            "roe_4q": 12.010000000000002,
            "gross_profit": 9192,
            "gross_margin": 0.27,
            "gross_margin_4q_avg": 8.17,
            "net_income": 240244,
            "net_income_4q": null,
            "revenue": 3351192,
            "revenue_4q": null,
            "common_shares": 4016260,
            "book_valuer_per_share": 17.11,
            "book_valuer_per_share_4q_avg": 16.98,
            "equity": 7479823,
            "current_ratio": 193.85,
            "debt_ratio": 36.45,
            "inventory_turnover_ratio": 7.3,
            "account_receivable_turnover_ratio": null,
            "reinvestment_rate": 40.61,
            "research_to_sale_ratio": null,
            "price_fair": 47.78,
            "eps_avg_yearly": 1.37,
            "eps_latest_yearly": 2.44,
            "eps_growth_yearly": 442.63
        },
        "20061": {
            "year_quarter": 20061,
            "year": 2006,
            "quarter": 1,
            "eps": 0.19,
            "eps_growth_year": -62,
            "eps_4q": 1.68,
            "eps_4q_growth_year": -25.08,
            "roe": 1.07,
            "roe_4q": 10.260000000000002,
            "gross_profit": 89003,
            "gross_margin": 5.57,
            "gross_margin_4q_avg": 6.56,
            "net_income": 77185,
            "net_income_4q": null,
            "revenue": 1598016,
            "revenue_4q": null,
            "common_shares": 4016260,
            "book_valuer_per_share": 17.26,
            "book_valuer_per_share_4q_avg": 17.07,
            "equity": 6933282,
            "current_ratio": 206.62,
            "debt_ratio": 24.32,
            "inventory_turnover_ratio": 3.41,
            "account_receivable_turnover_ratio": null,
            "reinvestment_rate": 34.19,
            "research_to_sale_ratio": null,
            "price_fair": 49.09,
            "eps_avg_yearly": 1.4,
            "eps_latest_yearly": 0.76,
            "eps_growth_yearly": 446.06
        },
        "20062": {
            "year_quarter": 20062,
            "year": 2006,
            "quarter": 2,
            "eps": 0.2,
            "eps_growth_year": -62.26,
            "eps_4q": 1.3,
            "eps_4q_growth_year": -37.47,
            "roe": 1.25,
            "roe_4q": 8.120000000000001,
            "gross_profit": 137559,
            "gross_margin": 6.85,
            "gross_margin_4q_avg": 5.42,
            "net_income": 85490,
            "net_income_4q": null,
            "revenue": 2007760,
            "revenue_4q": null,
            "common_shares": 4016260,
            "book_valuer_per_share": 16.91,
            "book_valuer_per_share_4q_avg": 16.94,
            "equity": 6789710,
            "current_ratio": 225.53,
            "debt_ratio": 25.46,
            "inventory_turnover_ratio": 5.72,
            "account_receivable_turnover_ratio": null,
            "reinvestment_rate": 2.29,
            "research_to_sale_ratio": null,
            "price_fair": 50.75,
            "eps_avg_yearly": 1.45,
            "eps_latest_yearly": 0.8,
            "eps_growth_yearly": 466.13
        },
        "20063": {
            "year_quarter": 20063,
            "year": 2006,
            "quarter": 3,
            "eps": 0.42,
            "eps_growth_year": 7.69,
            "eps_4q": 1.39,
            "eps_4q_growth_year": -23.37,
            "roe": 2.52,
            "roe_4q": 8.25,
            "gross_profit": 22225,
            "gross_margin": 1.16,
            "gross_margin_4q_avg": 3.46,
            "net_income": 174724,
            "net_income_4q": null,
            "revenue": 1917272,
            "revenue_4q": null,
            "common_shares": 4230000,
            "book_valuer_per_share": 16.76,
            "book_valuer_per_share_4q_avg": 17.01,
            "equity": 7087882,
            "current_ratio": 245.89,
            "debt_ratio": 23.08,
            "inventory_turnover_ratio": 6.96,
            "account_receivable_turnover_ratio": null,
            "reinvestment_rate": -1.45,
            "research_to_sale_ratio": null,
            "price_fair": 52.85,
            "eps_avg_yearly": 1.51,
            "eps_latest_yearly": 1.68,
            "eps_growth_yearly": 68.63
        },
        "20064": {
            "year_quarter": 20064,
            "year": 2006,
            "quarter": 4,
            "eps": 0.83,
            "eps_growth_year": 36.07,
            "eps_4q": 1.64,
            "eps_4q_growth_year": -17.53,
            "roe": 3.55,
            "roe_4q": 8.39,
            "gross_profit": -12862,
            "gross_margin": -0.81,
            "gross_margin_4q_avg": 3.19,
            "net_income": 345328,
            "net_income_4q": null,
            "revenue": 1580009,
            "revenue_4q": null,
            "common_shares": 4230000,
            "book_valuer_per_share": 27.54,
            "book_valuer_per_share_4q_avg": 19.62,
            "equity": 12375013,
            "current_ratio": 225.57,
            "debt_ratio": 21.92,
            "inventory_turnover_ratio": 3.4,
            "account_receivable_turnover_ratio": null,
            "reinvestment_rate": 38.08,
            "research_to_sale_ratio": null,
            "price_fair": 58.45,
            "eps_avg_yearly": 1.67,
            "eps_latest_yearly": 3.32,
            "eps_growth_yearly": 91.65
        },
        "20071": {
            "year_quarter": 20071,
            "year": 2007,
            "quarter": 1,
            "eps": 0.44,
            "eps_growth_year": 131.58,
            "eps_4q": 1.87,
            "eps_4q_growth_year": 11.38,
            "roe": 1.43,
            "roe_4q": 8.75,
            "gross_profit": 20309,
            "gross_margin": 1.58,
            "gross_margin_4q_avg": 2.2,
            "net_income": 185897,
            "net_income_4q": null,
            "revenue": 1289167,
            "revenue_4q": null,
            "common_shares": 4230000,
            "book_valuer_per_share": 32.07,
            "book_valuer_per_share_4q_avg": 23.32,
            "equity": 13564805,
            "current_ratio": 269.62,
            "debt_ratio": 11.88,
            "inventory_turnover_ratio": 2.53,
            "account_receivable_turnover_ratio": null,
            "reinvestment_rate": -11.26,
            "research_to_sale_ratio": null,
            "price_fair": 59.15,
            "eps_avg_yearly": 1.69,
            "eps_latest_yearly": 1.76,
            "eps_growth_yearly": 57.53
        },
        "20072": {
            "year_quarter": 20072,
            "year": 2007,
            "quarter": 2,
            "eps": 0.65,
            "eps_growth_year": 225,
            "eps_4q": 2.27,
            "eps_4q_growth_year": 73.59,
            "roe": 1.76,
            "roe_4q": 9.26,
            "gross_profit": 27527,
            "gross_margin": 1.92,
            "gross_margin_4q_avg": 0.96,
            "net_income": 284077,
            "net_income_4q": null,
            "revenue": 1434176,
            "revenue_4q": null,
            "common_shares": 4230000,
            "book_valuer_per_share": 44.4,
            "book_valuer_per_share_4q_avg": 30.19,
            "equity": 18780096,
            "current_ratio": 246.82,
            "debt_ratio": 9.75,
            "inventory_turnover_ratio": 4.78,
            "account_receivable_turnover_ratio": null,
            "reinvestment_rate": -15.03,
            "research_to_sale_ratio": null,
            "price_fair": 62.48,
            "eps_avg_yearly": 1.79,
            "eps_latest_yearly": 2.6,
            "eps_growth_yearly": 75.71
        },
        "20073": {
            "year_quarter": 20073,
            "year": 2007,
            "quarter": 3,
            "eps": 0.39,
            "eps_growth_year": -7.14,
            "eps_4q": 2.25,
            "eps_4q_growth_year": 61.99,
            "roe": 0.88,
            "roe_4q": 7.62,
            "gross_profit": 54514,
            "gross_margin": 2.83,
            "gross_margin_4q_avg": 1.38,
            "net_income": 171016,
            "net_income_4q": null,
            "revenue": 1926915,
            "revenue_4q": null,
            "common_shares": 4415000,
            "book_valuer_per_share": 45.43,
            "book_valuer_per_share_4q_avg": 37.36,
            "equity": 20057736,
            "current_ratio": 223.83,
            "debt_ratio": 10.86,
            "inventory_turnover_ratio": 6.31,
            "account_receivable_turnover_ratio": null,
            "reinvestment_rate": -18.93,
            "research_to_sale_ratio": null,
            "price_fair": 64.58,
            "eps_avg_yearly": 1.85,
            "eps_latest_yearly": 1.56,
            "eps_growth_yearly": 76.82
        },
        "20074": {
            "year_quarter": 20074,
            "year": 2007,
            "quarter": 4,
            "eps": 0.98,
            "eps_growth_year": 18.07,
            "eps_4q": 2.44,
            "eps_4q_growth_year": 48.83,
            "roe": 2.23,
            "roe_4q": 6.3,
            "gross_profit": 137833,
            "gross_margin": 4.83,
            "gross_margin_4q_avg": 2.79,
            "net_income": 429607,
            "net_income_4q": null,
            "revenue": 2856119,
            "revenue_4q": null,
            "common_shares": 4415000,
            "book_valuer_per_share": 39.74,
            "book_valuer_per_share_4q_avg": 40.41,
            "equity": 18479320,
            "current_ratio": 173.05,
            "debt_ratio": 27.01,
            "inventory_turnover_ratio": 4.7,
            "account_receivable_turnover_ratio": null,
            "reinvestment_rate": -10.63,
            "research_to_sale_ratio": null,
            "price_fair": 71.14,
            "eps_avg_yearly": 2.03,
            "eps_latest_yearly": 3.92,
            "eps_growth_yearly": 101.31
        },
        "20081": {
            "year_quarter": 20081,
            "year": 2008,
            "quarter": 1,
            "eps": 0.49,
            "eps_growth_year": 11.36,
            "eps_4q": 2.14,
            "eps_4q_growth_year": 14.19,
            "roe": 1.47,
            "roe_4q": 6.34,
            "gross_profit": 466941,
            "gross_margin": 12.71,
            "gross_margin_4q_avg": 5.57,
            "net_income": 252083,
            "net_income_4q": null,
            "revenue": 3672510,
            "revenue_4q": null,
            "common_shares": 4415000,
            "book_valuer_per_share": 33.63,
            "book_valuer_per_share_4q_avg": 40.8,
            "equity": 15791627,
            "current_ratio": 198.03,
            "debt_ratio": 25.46,
            "inventory_turnover_ratio": 3.39,
            "account_receivable_turnover_ratio": null,
            "reinvestment_rate": 5.17,
            "research_to_sale_ratio": null,
            "price_fair": 72.89,
            "eps_avg_yearly": 2.08,
            "eps_latest_yearly": 1.96,
            "eps_growth_yearly": 82.29
        },
        "20082": {
            "year_quarter": 20082,
            "year": 2008,
            "quarter": 2,
            "eps": 0.25,
            "eps_growth_year": -61.54,
            "eps_4q": 1.51,
            "eps_4q_growth_year": -33.54,
            "roe": 1.07,
            "roe_4q": 5.6499999999999995,
            "gross_profit": 357912,
            "gross_margin": 9,
            "gross_margin_4q_avg": 7.34,
            "net_income": 155174,
            "net_income_4q": null,
            "revenue": 3975233,
            "revenue_4q": null,
            "common_shares": 4415000,
            "book_valuer_per_share": 27.83,
            "book_valuer_per_share_4q_avg": 36.66,
            "equity": 13162809,
            "current_ratio": 178.92,
            "debt_ratio": 32.03,
            "inventory_turnover_ratio": 3.27,
            "account_receivable_turnover_ratio": null,
            "reinvestment_rate": 4.05,
            "research_to_sale_ratio": null,
            "price_fair": 70.79,
            "eps_avg_yearly": 2.02,
            "eps_latest_yearly": 1,
            "eps_growth_yearly": 52.8
        },
        "20083": {
            "year_quarter": 20083,
            "year": 2008,
            "quarter": 3,
            "eps": 0.49,
            "eps_growth_year": 25.64,
            "eps_4q": 1.83,
            "eps_4q_growth_year": -18.66,
            "roe": 2.04,
            "roe_4q": 6.8100000000000005,
            "gross_profit": 323497,
            "gross_margin": 6.36,
            "gross_margin_4q_avg": 8.23,
            "net_income": 265706,
            "net_income_4q": null,
            "revenue": 5087010,
            "revenue_4q": null,
            "common_shares": 4678000,
            "book_valuer_per_share": 25.46,
            "book_valuer_per_share_4q_avg": 31.67,
            "equity": 12831865,
            "current_ratio": 176.26,
            "debt_ratio": 35.1,
            "inventory_turnover_ratio": 3.88,
            "account_receivable_turnover_ratio": null,
            "reinvestment_rate": 3.42,
            "research_to_sale_ratio": null,
            "price_fair": 68.69,
            "eps_avg_yearly": 1.96,
            "eps_latest_yearly": 1.96,
            "eps_growth_yearly": 64.56
        },
        "20084": {
            "year_quarter": 20084,
            "year": 2008,
            "quarter": 4,
            "eps": 0.25,
            "eps_growth_year": -74.49,
            "eps_4q": 1.03,
            "eps_4q_growth_year": -57.67,
            "roe": 1.36,
            "roe_4q": 5.94,
            "gross_profit": 463176,
            "gross_margin": 8.71,
            "gross_margin_4q_avg": 9.2,
            "net_income": 164658,
            "net_income_4q": null,
            "revenue": 5320163,
            "revenue_4q": null,
            "common_shares": 4678000,
            "book_valuer_per_share": 22.13,
            "book_valuer_per_share_4q_avg": 27.26,
            "equity": 11322443,
            "current_ratio": 167.65,
            "debt_ratio": 41.44,
            "inventory_turnover_ratio": 3.79,
            "account_receivable_turnover_ratio": 1.8,
            "reinvestment_rate": -12.24,
            "research_to_sale_ratio": null,
            "price_fair": 66.59,
            "eps_avg_yearly": 1.9,
            "eps_latest_yearly": 1,
            "eps_growth_yearly": 60.53
        },
        "20091": {
            "year_quarter": 20091,
            "year": 2009,
            "quarter": 1,
            "eps": 0.22,
            "eps_growth_year": -55.1,
            "eps_4q": 0.97,
            "eps_4q_growth_year": -54.87,
            "roe": 1.09,
            "roe_4q": 5.5600000000000005,
            "gross_profit": 277511,
            "gross_margin": 12.3,
            "gross_margin_4q_avg": 9.09,
            "net_income": 129381,
            "net_income_4q": null,
            "revenue": 2256776,
            "revenue_4q": null,
            "common_shares": 4678000,
            "book_valuer_per_share": 24.47,
            "book_valuer_per_share_4q_avg": 24.97,
            "equity": 12436086,
            "current_ratio": 241.99,
            "debt_ratio": 24.67,
            "inventory_turnover_ratio": 1.76,
            "account_receivable_turnover_ratio": 0.52,
            "reinvestment_rate": 2.57,
            "research_to_sale_ratio": null,
            "price_fair": 64.14,
            "eps_avg_yearly": 1.83,
            "eps_latest_yearly": 0.88,
            "eps_growth_yearly": 57.02
        },
        "20092": {
            "year_quarter": 20092,
            "year": 2009,
            "quarter": 2,
            "eps": 0.22,
            "eps_growth_year": -12,
            "eps_4q": 0.89,
            "eps_4q_growth_year": -40.9,
            "roe": 1.08,
            "roe_4q": 5.57,
            "gross_profit": 287862,
            "gross_margin": 8.76,
            "gross_margin_4q_avg": 9.03,
            "net_income": 137761,
            "net_income_4q": null,
            "revenue": 3286095,
            "revenue_4q": null,
            "common_shares": 4678000,
            "book_valuer_per_share": 25.9,
            "book_valuer_per_share_4q_avg": 24.49,
            "equity": 13168454,
            "current_ratio": 212.92,
            "debt_ratio": 28,
            "inventory_turnover_ratio": 3.3,
            "account_receivable_turnover_ratio": 1.06,
            "reinvestment_rate": 4.37,
            "research_to_sale_ratio": null,
            "price_fair": 61.43,
            "eps_avg_yearly": 1.76,
            "eps_latest_yearly": 0.88,
            "eps_growth_yearly": 55.52
        },
        "20093": {
            "year_quarter": 20093,
            "year": 2009,
            "quarter": 3,
            "eps": 0.41,
            "eps_growth_year": -16.33,
            "eps_4q": 0.96,
            "eps_4q_growth_year": -47.75,
            "roe": 1.71,
            "roe_4q": 5.24,
            "gross_profit": 408091,
            "gross_margin": 9.73,
            "gross_margin_4q_avg": 9.88,
            "net_income": 227316,
            "net_income_4q": null,
            "revenue": 4193187,
            "revenue_4q": null,
            "common_shares": 4879032,
            "book_valuer_per_share": 25.45,
            "book_valuer_per_share_4q_avg": 24.49,
            "equity": 13487175,
            "current_ratio": 186.84,
            "debt_ratio": 31.02,
            "inventory_turnover_ratio": 4.32,
            "account_receivable_turnover_ratio": 1.06,
            "reinvestment_rate": 3.74,
            "research_to_sale_ratio": null,
            "price_fair": 61.6,
            "eps_avg_yearly": 1.76,
            "eps_latest_yearly": 1.64,
            "eps_growth_yearly": 83.72
        },
        "20094": {
            "year_quarter": 20094,
            "year": 2009,
            "quarter": 4,
            "eps": 0.46,
            "eps_growth_year": 84,
            "eps_4q": 1.3,
            "eps_4q_growth_year": 25.92,
            "roe": 1.86,
            "roe_4q": 5.74,
            "gross_profit": 355487,
            "gross_margin": 7.97,
            "gross_margin_4q_avg": 9.69,
            "net_income": 259234,
            "net_income_4q": null,
            "revenue": 4463046,
            "revenue_4q": null,
            "common_shares": 4879032,
            "book_valuer_per_share": 27.25,
            "book_valuer_per_share_4q_avg": 25.77,
            "equity": 14418301,
            "current_ratio": 190.69,
            "debt_ratio": 28.67,
            "inventory_turnover_ratio": 5.35,
            "account_receivable_turnover_ratio": 2.26,
            "reinvestment_rate": 160.93,
            "research_to_sale_ratio": null,
            "price_fair": 60.29,
            "eps_avg_yearly": 1.72,
            "eps_latest_yearly": 1.84,
            "eps_growth_yearly": 72.66
        },
        "20101": {
            "year_quarter": 20101,
            "year": 2010,
            "quarter": 1,
            "eps": 0.2,
            "eps_growth_year": -9.09,
            "eps_4q": 1.29,
            "eps_4q_growth_year": 33.57,
            "roe": 0.89,
            "roe_4q": 5.54,
            "gross_profit": 367644,
            "gross_margin": 11.43,
            "gross_margin_4q_avg": 9.47,
            "net_income": 129879,
            "net_income_4q": null,
            "revenue": 3217164,
            "revenue_4q": null,
            "common_shares": 4879032,
            "book_valuer_per_share": 27.72,
            "book_valuer_per_share_4q_avg": 26.58,
            "equity": 14719504,
            "current_ratio": 214.62,
            "debt_ratio": 24.79,
            "inventory_turnover_ratio": 3.8,
            "account_receivable_turnover_ratio": 0.94,
            "reinvestment_rate": 187.65,
            "research_to_sale_ratio": 0.28,
            "price_fair": 60.38,
            "eps_avg_yearly": 1.73,
            "eps_latest_yearly": 0.8,
            "eps_growth_yearly": 75.75
        },
        "20102": {
            "year_quarter": 20102,
            "year": 2010,
            "quarter": 2,
            "eps": 0.1,
            "eps_growth_year": -53.67,
            "eps_4q": 1.13,
            "eps_4q_growth_year": 27.05,
            "roe": 0.56,
            "roe_4q": 5.0200000000000005,
            "gross_profit": 345815,
            "gross_margin": 9.3,
            "gross_margin_4q_avg": 9.61,
            "net_income": 77581,
            "net_income_4q": null,
            "revenue": 3719927,
            "revenue_4q": null,
            "common_shares": 4879032,
            "book_valuer_per_share": 24.6,
            "book_valuer_per_share_4q_avg": 26.26,
            "equity": 13159692,
            "current_ratio": 196.97,
            "debt_ratio": 29.58,
            "inventory_turnover_ratio": 3.76,
            "account_receivable_turnover_ratio": 1.1,
            "reinvestment_rate": 163.88,
            "research_to_sale_ratio": 0.19,
            "price_fair": 59.5,
            "eps_avg_yearly": 1.7,
            "eps_latest_yearly": 0.4,
            "eps_growth_yearly": 61.93
        },
        "20103": {
            "year_quarter": 20103,
            "year": 2010,
            "quarter": 3,
            "eps": 0.11,
            "eps_growth_year": -74.14,
            "eps_4q": 0.84,
            "eps_4q_growth_year": -11.68,
            "roe": 0.61,
            "roe_4q": 3.92,
            "gross_profit": 344721,
            "gross_margin": 7.81,
            "gross_margin_4q_avg": 9.13,
            "net_income": 83285,
            "net_income_4q": null,
            "revenue": 4416001,
            "revenue_4q": null,
            "common_shares": 5036741,
            "book_valuer_per_share": 25.66,
            "book_valuer_per_share_4q_avg": 26.31,
            "equity": 14136912,
            "current_ratio": 195.95,
            "debt_ratio": 28.89,
            "inventory_turnover_ratio": 3.97,
            "account_receivable_turnover_ratio": 1.11,
            "reinvestment_rate": 201.24,
            "research_to_sale_ratio": 0.18,
            "price_fair": 56.79,
            "eps_avg_yearly": 1.62,
            "eps_latest_yearly": 0.44,
            "eps_growth_yearly": 36.93
        },
        "20104": {
            "year_quarter": 20104,
            "year": 2010,
            "quarter": 4,
            "eps": 0.26,
            "eps_growth_year": -44.4,
            "eps_4q": 0.66,
            "eps_4q_growth_year": -49.6,
            "roe": 1.29,
            "roe_4q": 3.35,
            "gross_profit": 519279,
            "gross_margin": 12.22,
            "gross_margin_4q_avg": 10.19,
            "net_income": 179069,
            "net_income_4q": null,
            "revenue": 4248210,
            "revenue_4q": null,
            "common_shares": 5036741,
            "book_valuer_per_share": 24.67,
            "book_valuer_per_share_4q_avg": 25.66,
            "equity": 13624354,
            "current_ratio": 196.97,
            "debt_ratio": 27.78,
            "inventory_turnover_ratio": 3.56,
            "account_receivable_turnover_ratio": 1.09,
            "reinvestment_rate": 153.19,
            "research_to_sale_ratio": 0.22,
            "price_fair": 51.8,
            "eps_avg_yearly": 1.48,
            "eps_latest_yearly": 1.04,
            "eps_growth_yearly": 46.62
        },
        "20111": {
            "year_quarter": 20111,
            "year": 2011,
            "quarter": 1,
            "eps": 0.01,
            "eps_growth_year": -95,
            "eps_4q": 0.48,
            "eps_4q_growth_year": -62.86,
            "roe": 0.3,
            "roe_4q": 2.7600000000000002,
            "gross_profit": 256781,
            "gross_margin": 6.97,
            "gross_margin_4q_avg": 9.08,
            "net_income": 39237,
            "net_income_4q": null,
            "revenue": 3682679,
            "revenue_4q": null,
            "common_shares": 5036741,
            "book_valuer_per_share": 22.8,
            "book_valuer_per_share_4q_avg": 24.43,
            "equity": 12738966,
            "current_ratio": 196.33,
            "debt_ratio": 29.72,
            "inventory_turnover_ratio": 3.07,
            "account_receivable_turnover_ratio": 1,
            "reinvestment_rate": 188.29,
            "research_to_sale_ratio": 0.27,
            "price_fair": 48.04,
            "eps_avg_yearly": 1.37,
            "eps_latest_yearly": 0.04,
            "eps_growth_yearly": 34.32
        },
        "20112": {
            "year_quarter": 20112,
            "year": 2011,
            "quarter": 2,
            "eps": 0.01,
            "eps_growth_year": -89.68,
            "eps_4q": 0.38,
            "eps_4q_growth_year": -66.27,
            "roe": 0.39,
            "roe_4q": 2.59,
            "gross_profit": 289632,
            "gross_margin": 7.71,
            "gross_margin_4q_avg": 8.68,
            "net_income": 47215,
            "net_income_4q": null,
            "revenue": 3754824,
            "revenue_4q": null,
            "common_shares": 5036741,
            "book_valuer_per_share": 20.34,
            "book_valuer_per_share_4q_avg": 23.37,
            "equity": 11428129,
            "current_ratio": 189.79,
            "debt_ratio": 32.05,
            "inventory_turnover_ratio": 2.99,
            "account_receivable_turnover_ratio": 1,
            "reinvestment_rate": 172.62,
            "research_to_sale_ratio": 0.2,
            "price_fair": 39.28,
            "eps_avg_yearly": 1.21,
            "eps_latest_yearly": 0.04,
            "eps_growth_yearly": 22.39
        },
        "20113": {
            "year_quarter": 20113,
            "year": 2011,
            "quarter": 3,
            "eps": -0.63,
            "eps_growth_year": -689.56,
            "eps_4q": -0.35,
            "eps_4q_growth_year": -141.16,
            "roe": -2.47,
            "roe_4q": -0.49,
            "gross_profit": 224175,
            "gross_margin": 5.26,
            "gross_margin_4q_avg": 8.04,
            "net_income": -273631,
            "net_income_4q": null,
            "revenue": 4262463,
            "revenue_4q": null,
            "common_shares": 5094135,
            "book_valuer_per_share": 18.53,
            "book_valuer_per_share_4q_avg": 21.59,
            "equity": 10701018,
            "current_ratio": 177.84,
            "debt_ratio": 36.27,
            "inventory_turnover_ratio": 3.7,
            "account_receivable_turnover_ratio": 1.05,
            "reinvestment_rate": 174.41,
            "research_to_sale_ratio": 0.3,
            "price_fair": 41.63,
            "eps_avg_yearly": 1.19,
            "eps_latest_yearly": 0.04,
            "eps_growth_yearly": 34.55
        },
        "20114": {
            "year_quarter": 20114,
            "year": 2011,
            "quarter": 4,
            "eps": 0.13,
            "eps_growth_year": -50.66,
            "eps_4q": -0.47,
            "eps_4q_growth_year": -172.28,
            "roe": 1.24,
            "roe_4q": -0.5400000000000003,
            "gross_profit": 297758,
            "gross_margin": 7.68,
            "gross_margin_4q_avg": 6.91,
            "net_income": 133113,
            "net_income_4q": null,
            "revenue": 3878756,
            "revenue_4q": null,
            "common_shares": 5094135,
            "book_valuer_per_share": 18.55,
            "book_valuer_per_share_4q_avg": 20.06,
            "equity": 10756879,
            "current_ratio": 188.66,
            "debt_ratio": 33.44,
            "inventory_turnover_ratio": 3.41,
            "account_receivable_turnover_ratio": 0.97,
            "reinvestment_rate": 143.92,
            "research_to_sale_ratio": 0.05,
            "price_fair": 2.98,
            "eps_avg_yearly": 0.99,
            "eps_latest_yearly": 0.04,
            "eps_growth_yearly": -6.2
        },
        "20121": {
            "year_quarter": 20121,
            "year": 2012,
            "quarter": 1,
            "eps": 0.08,
            "eps_growth_year": 700,
            "eps_4q": -0.41,
            "eps_4q_growth_year": -185.78,
            "roe": 0.58,
            "roe_4q": -0.26000000000000034,
            "gross_profit": 325053,
            "gross_margin": 8,
            "gross_margin_4q_avg": 7.16,
            "net_income": 62873,
            "net_income_4q": null,
            "revenue": 4061720,
            "revenue_4q": null,
            "common_shares": 5094135,
            "book_valuer_per_share": 18.7,
            "book_valuer_per_share_4q_avg": 19.03,
            "equity": 10864844,
            "current_ratio": 152.48,
            "debt_ratio": 42.97,
            "inventory_turnover_ratio": 3.39,
            "account_receivable_turnover_ratio": 1.05,
            "reinvestment_rate": 370.07,
            "research_to_sale_ratio": 0.23,
            "price_fair": 2.63,
            "eps_avg_yearly": 0.88,
            "eps_latest_yearly": 0.32,
            "eps_growth_yearly": -2.91
        },
        "20122": {
            "year_quarter": 20122,
            "year": 2012,
            "quarter": 2,
            "eps": 0.09,
            "eps_growth_year": 733.96,
            "eps_4q": -0.33,
            "eps_4q_growth_year": -187.5,
            "roe": 0.81,
            "roe_4q": 0.1599999999999997,
            "gross_profit": 427096,
            "gross_margin": 11.09,
            "gross_margin_4q_avg": 8.01,
            "net_income": 87777,
            "net_income_4q": null,
            "revenue": 3850384,
            "revenue_4q": null,
            "common_shares": 5094135,
            "book_valuer_per_share": 18.59,
            "book_valuer_per_share_4q_avg": 18.59,
            "equity": 10738933,
            "current_ratio": 154.49,
            "debt_ratio": 43.47,
            "inventory_turnover_ratio": 2.84,
            "account_receivable_turnover_ratio": 0.88,
            "reinvestment_rate": 388.49,
            "research_to_sale_ratio": 0.56,
            "price_fair": 20.5,
            "eps_avg_yearly": 0.83,
            "eps_latest_yearly": 0.36,
            "eps_growth_yearly": 14.66
        },
        "20123": {
            "year_quarter": 20123,
            "year": 2012,
            "quarter": 3,
            "eps": 0.29,
            "eps_growth_year": null,
            "eps_4q": 0.58,
            "eps_4q_growth_year": null,
            "roe": 1.67,
            "roe_4q": 4.3,
            "gross_profit": 550509,
            "gross_margin": 11.38,
            "gross_margin_4q_avg": 9.54,
            "net_income": 178283,
            "net_income_4q": null,
            "revenue": 4837825,
            "revenue_4q": null,
            "common_shares": 5094135,
            "book_valuer_per_share": 18.33,
            "book_valuer_per_share_4q_avg": 18.54,
            "equity": 10669483,
            "current_ratio": 158.01,
            "debt_ratio": 43.56,
            "inventory_turnover_ratio": 3.97,
            "account_receivable_turnover_ratio": 0.97,
            "reinvestment_rate": 411.89,
            "research_to_sale_ratio": 0.51,
            "price_fair": 27.1,
            "eps_avg_yearly": 0.77,
            "eps_latest_yearly": 1.16,
            "eps_growth_yearly": 50.72
        },
        "20124": {
            "year_quarter": 20124,
            "year": 2012,
            "quarter": 4,
            "eps": 0.34,
            "eps_growth_year": 166.78,
            "eps_4q": 0.79,
            "eps_4q_growth_year": null,
            "roe": 2.28,
            "roe_4q": 5.34,
            "gross_profit": 743690,
            "gross_margin": 15.58,
            "gross_margin_4q_avg": 11.51,
            "net_income": 251685,
            "net_income_4q": null,
            "revenue": 4773123,
            "revenue_4q": null,
            "common_shares": 5094135,
            "book_valuer_per_share": 19.73,
            "book_valuer_per_share_4q_avg": 18.84,
            "equity": 11442020,
            "current_ratio": 167.13,
            "debt_ratio": 41.11,
            "inventory_turnover_ratio": 4.08,
            "account_receivable_turnover_ratio": 0.89,
            "reinvestment_rate": 449.36,
            "research_to_sale_ratio": 0.57,
            "price_fair": 28,
            "eps_avg_yearly": 0.8,
            "eps_latest_yearly": 1.36,
            "eps_growth_yearly": 69.64
        },
        "20131": {
            "year_quarter": 20131,
            "year": 2013,
            "quarter": 1,
            "eps": 0.11,
            "eps_growth_year": 37.5,
            "eps_4q": 0.82,
            "eps_4q_growth_year": null,
            "roe": 0.66,
            "roe_4q": 5.42,
            "gross_profit": 371676,
            "gross_margin": 12.46,
            "gross_margin_4q_avg": 12.63,
            "net_income": 77791,
            "net_income_4q": null,
            "revenue": 2982277,
            "revenue_4q": null,
            "common_shares": 5094135,
            "book_valuer_per_share": 20.74,
            "book_valuer_per_share_4q_avg": 19.35,
            "equity": 11995012,
            "current_ratio": 184.19,
            "debt_ratio": 36.06,
            "inventory_turnover_ratio": 2.45,
            "account_receivable_turnover_ratio": 0.65,
            "reinvestment_rate": 520.8,
            "research_to_sale_ratio": 0.89,
            "price_fair": 26.9,
            "eps_avg_yearly": 0.77,
            "eps_latest_yearly": 0.44,
            "eps_growth_yearly": 53.74
        },
        "20132": {
            "year_quarter": 20132,
            "year": 2013,
            "quarter": 2,
            "eps": 0.08,
            "eps_growth_year": -8.77,
            "eps_4q": 0.8,
            "eps_4q_growth_year": null,
            "roe": 0.7,
            "roe_4q": 5.31,
            "gross_profit": 289673,
            "gross_margin": 8.19,
            "gross_margin_4q_avg": 11.9,
            "net_income": 82548,
            "net_income_4q": null,
            "revenue": 3536281,
            "revenue_4q": null,
            "common_shares": 5094135,
            "book_valuer_per_share": 19.96,
            "book_valuer_per_share_4q_avg": 19.69,
            "equity": 11530544,
            "current_ratio": 175.71,
            "debt_ratio": 38.36,
            "inventory_turnover_ratio": 2.98,
            "account_receivable_turnover_ratio": 0.91,
            "reinvestment_rate": 516.85,
            "research_to_sale_ratio": 0.86,
            "price_fair": 25.5,
            "eps_avg_yearly": 0.73,
            "eps_latest_yearly": 0.32,
            "eps_growth_yearly": 45.95
        },
        "20133": {
            "year_quarter": 20133,
            "year": 2013,
            "quarter": 3,
            "eps": 0.12,
            "eps_growth_year": -58.17,
            "eps_4q": 0.65,
            "eps_4q_growth_year": 11.78,
            "roe": 0.95,
            "roe_4q": 4.59,
            "gross_profit": 401569,
            "gross_margin": 9.48,
            "gross_margin_4q_avg": 11.43,
            "net_income": 108552,
            "net_income_4q": null,
            "revenue": 4234423,
            "revenue_4q": null,
            "common_shares": 5157674,
            "book_valuer_per_share": 19.46,
            "book_valuer_per_share_4q_avg": 19.97,
            "equity": 11416308,
            "current_ratio": 160.76,
            "debt_ratio": 41.63,
            "inventory_turnover_ratio": 2.72,
            "account_receivable_turnover_ratio": 1.06,
            "reinvestment_rate": 581.23,
            "research_to_sale_ratio": 0.75,
            "price_fair": 22.6,
            "eps_avg_yearly": 0.65,
            "eps_latest_yearly": 0.48,
            "eps_growth_yearly": 35.56
        },
        "20134": {
            "year_quarter": 20134,
            "year": 2013,
            "quarter": 4,
            "eps": 0.32,
            "eps_growth_year": -5.88,
            "eps_4q": 0.63,
            "eps_4q_growth_year": -20.02,
            "roe": 1.93,
            "roe_4q": 4.24,
            "gross_profit": 429258,
            "gross_margin": 9.12,
            "gross_margin_4q_avg": 9.81,
            "net_income": 220013,
            "net_income_4q": null,
            "revenue": 4707025,
            "revenue_4q": null,
            "common_shares": 5157674,
            "book_valuer_per_share": 19.36,
            "book_valuer_per_share_4q_avg": 19.88,
            "equity": 11380320,
            "current_ratio": 183.81,
            "debt_ratio": 41.15,
            "inventory_turnover_ratio": 2.55,
            "account_receivable_turnover_ratio": 1.11,
            "reinvestment_rate": -113.72,
            "research_to_sale_ratio": 0.73,
            "price_fair": 21.2,
            "eps_avg_yearly": 0.61,
            "eps_latest_yearly": 1.28,
            "eps_growth_yearly": 79.7
        },
        "20141": {
            "year_quarter": 20141,
            "year": 2014,
            "quarter": 1,
            "eps": -0.06,
            "eps_growth_year": -154.55,
            "eps_4q": 0.47,
            "eps_4q_growth_year": -42.94,
            "roe": 0.09,
            "roe_4q": 3.67,
            "gross_profit": 347945,
            "gross_margin": 9.85,
            "gross_margin_4q_avg": 9.16,
            "net_income": 9760,
            "net_income_4q": null,
            "revenue": 3533028,
            "revenue_4q": null,
            "common_shares": 5157674,
            "book_valuer_per_share": 19.17,
            "book_valuer_per_share_4q_avg": 19.49,
            "equity": 11363772,
            "current_ratio": 197.89,
            "debt_ratio": 37.63,
            "inventory_turnover_ratio": 2.13,
            "account_receivable_turnover_ratio": 0.89,
            "reinvestment_rate": -194.93,
            "research_to_sale_ratio": 0.92,
            "price_fair": 20.68,
            "eps_avg_yearly": 0.59,
            "eps_latest_yearly": 1.28,
            "eps_growth_yearly": 103.22
        },
        "20142": {
            "year_quarter": 20142,
            "year": 2014,
            "quarter": 2,
            "eps": 0.14,
            "eps_growth_year": 75,
            "eps_4q": 0.52,
            "eps_4q_growth_year": -35.12,
            "roe": 0.95,
            "roe_4q": 3.92,
            "gross_profit": 358301,
            "gross_margin": 8.85,
            "gross_margin_4q_avg": 9.33,
            "net_income": 107250,
            "net_income_4q": null,
            "revenue": 4048308,
            "revenue_4q": null,
            "common_shares": 5157674,
            "book_valuer_per_share": 19.02,
            "book_valuer_per_share_4q_avg": 19.25,
            "equity": 11258024,
            "current_ratio": 220.25,
            "debt_ratio": 35.21,
            "inventory_turnover_ratio": 2.5,
            "account_receivable_turnover_ratio": 1.11,
            "reinvestment_rate": -63.17,
            "research_to_sale_ratio": 0.83,
            "price_fair": 21.23,
            "eps_avg_yearly": 0.61,
            "eps_latest_yearly": 1.28,
            "eps_growth_yearly": 128.49
        },
        "20143": {
            "year_quarter": 20143,
            "year": 2014,
            "quarter": 3,
            "eps": 0.33,
            "eps_growth_year": 175,
            "eps_4q": 0.73,
            "eps_4q_growth_year": 12.36,
            "roe": 1.82,
            "roe_4q": 4.79,
            "gross_profit": 405484,
            "gross_margin": 8.29,
            "gross_margin_4q_avg": 9.03,
            "net_income": 207628,
            "net_income_4q": null,
            "revenue": 4889242,
            "revenue_4q": null,
            "common_shares": 5183462,
            "book_valuer_per_share": 19.35,
            "book_valuer_per_share_4q_avg": 19.23,
            "equity": 11515693,
            "current_ratio": 213.36,
            "debt_ratio": 35.69,
            "inventory_turnover_ratio": 2.93,
            "account_receivable_turnover_ratio": 1.21,
            "reinvestment_rate": -188.31,
            "research_to_sale_ratio": 0.84,
            "price_fair": 23.8,
            "eps_avg_yearly": 0.68,
            "eps_latest_yearly": 1.32,
            "eps_growth_yearly": 170.39
        },
        "20144": {
            "year_quarter": 20144,
            "year": 2014,
            "quarter": 4,
            "eps": -0.01,
            "eps_growth_year": -102.26,
            "eps_4q": 0.4,
            "eps_4q_growth_year": -35.96,
            "roe": 0.45,
            "roe_4q": 3.3099999999999996,
            "gross_profit": 337361,
            "gross_margin": 7.16,
            "gross_margin_4q_avg": 8.54,
            "net_income": 53333,
            "net_income_4q": null,
            "revenue": 4710909,
            "revenue_4q": null,
            "common_shares": 5183462,
            "book_valuer_per_share": 20.24,
            "book_valuer_per_share_4q_avg": 19.45,
            "equity": 11951722,
            "current_ratio": 200.38,
            "debt_ratio": 38.06,
            "inventory_turnover_ratio": 2.79,
            "account_receivable_turnover_ratio": 1.06,
            "reinvestment_rate": -194.01,
            "research_to_sale_ratio": 0.88,
            "price_fair": 22.65,
            "eps_avg_yearly": 0.65,
            "eps_latest_yearly": 1.32,
            "eps_growth_yearly": 136.29
        },
        "20151": {
            "year_quarter": 20151,
            "year": 2015,
            "quarter": 1,
            "eps": -0.22,
            "eps_growth_year": null,
            "eps_4q": 0.24,
            "eps_4q_growth_year": -47.99,
            "roe": -0.66,
            "roe_4q": 2.56,
            "gross_profit": 155503,
            "gross_margin": 4.6,
            "gross_margin_4q_avg": 7.23,
            "net_income": -77551,
            "net_income_4q": null,
            "revenue": 3383063,
            "revenue_4q": null,
            "common_shares": 5183462,
            "book_valuer_per_share": 19.75,
            "book_valuer_per_share_4q_avg": 19.59,
            "equity": 11658956,
            "current_ratio": 212.63,
            "debt_ratio": 34.24,
            "inventory_turnover_ratio": 1.8,
            "account_receivable_turnover_ratio": 0.85,
            "reinvestment_rate": -85.92,
            "research_to_sale_ratio": 1.03,
            "price_fair": 24.78,
            "eps_avg_yearly": 0.71,
            "eps_latest_yearly": 1.32,
            "eps_growth_yearly": 188.39
        },
        "20152": {
            "year_quarter": 20152,
            "year": 2015,
            "quarter": 2,
            "eps": 0.08,
            "eps_growth_year": -42.86,
            "eps_4q": 0.18,
            "eps_4q_growth_year": -65.03,
            "roe": 0.7,
            "roe_4q": 2.31,
            "gross_profit": 354696,
            "gross_margin": 7.23,
            "gross_margin_4q_avg": 6.82,
            "net_income": 80079,
            "net_income_4q": null,
            "revenue": 4904256,
            "revenue_4q": null,
            "common_shares": 5183462,
            "book_valuer_per_share": 19.39,
            "book_valuer_per_share_4q_avg": 19.68,
            "equity": 11286167,
            "current_ratio": 201.75,
            "debt_ratio": 35.4,
            "inventory_turnover_ratio": 2.38,
            "account_receivable_turnover_ratio": 1.3,
            "reinvestment_rate": 111.4,
            "research_to_sale_ratio": 0.82,
            "price_fair": 27.38,
            "eps_avg_yearly": 0.78,
            "eps_latest_yearly": 1.32,
            "eps_growth_yearly": 209.32
        },
        "20153": {
            "year_quarter": 20153,
            "year": 2015,
            "quarter": 3,
            "eps": 0.63,
            "eps_growth_year": 90.91,
            "eps_4q": 0.48,
            "eps_4q_growth_year": -34.4,
            "roe": 3.36,
            "roe_4q": 3.8499999999999996,
            "gross_profit": 531760,
            "gross_margin": 9.77,
            "gross_margin_4q_avg": 7.19,
            "net_income": 376231,
            "net_income_4q": null,
            "revenue": 5445124,
            "revenue_4q": null,
            "common_shares": 5183462,
            "book_valuer_per_share": 19.27,
            "book_valuer_per_share_4q_avg": 19.66,
            "equity": 11075494,
            "current_ratio": 184.17,
            "debt_ratio": 38.92,
            "inventory_turnover_ratio": 2.56,
            "account_receivable_turnover_ratio": 1.09,
            "reinvestment_rate": 84.78,
            "research_to_sale_ratio": 0.8,
            "price_fair": 33.46,
            "eps_avg_yearly": 0.96,
            "eps_latest_yearly": 2.52,
            "eps_growth_yearly": 463.39
        },
        "20154": {
            "year_quarter": 20154,
            "year": 2015,
            "quarter": 4,
            "eps": 0.07,
            "eps_growth_year": null,
            "eps_4q": 0.56,
            "eps_4q_growth_year": 38.26,
            "roe": 0.86,
            "roe_4q": 4.26,
            "gross_profit": 513823,
            "gross_margin": 9.88,
            "gross_margin_4q_avg": 7.87,
            "net_income": 96125,
            "net_income_4q": null,
            "revenue": 5201492,
            "revenue_4q": null,
            "common_shares": 5183462,
            "book_valuer_per_share": 19.33,
            "book_valuer_per_share_4q_avg": 19.44,
            "equity": 11316515,
            "current_ratio": 184.54,
            "debt_ratio": 39.73,
            "inventory_turnover_ratio": 2.63,
            "account_receivable_turnover_ratio": 0.86,
            "reinvestment_rate": 89.74,
            "research_to_sale_ratio": 0.85,
            "price_fair": 31.31,
            "eps_avg_yearly": 0.89,
            "eps_latest_yearly": 0.28,
            "eps_growth_yearly": 388.94
        },
        "20161": {
            "year_quarter": 20161,
            "year": 2016,
            "quarter": 1,
            "eps": -0.04,
            "eps_growth_year": null,
            "eps_4q": 0.74,
            "eps_4q_growth_year": 204.4,
            "roe": 0.19,
            "roe_4q": 5.11,
            "gross_profit": 347926,
            "gross_margin": 10.45,
            "gross_margin_4q_avg": 9.33,
            "net_income": 21708,
            "net_income_4q": null,
            "revenue": 3329088,
            "revenue_4q": null,
            "common_shares": 5183462,
            "book_valuer_per_share": 19.28,
            "book_valuer_per_share_4q_avg": 19.32,
            "equity": 11308518,
            "current_ratio": 222.17,
            "debt_ratio": 30.76,
            "inventory_turnover_ratio": 1.92,
            "account_receivable_turnover_ratio": 0.65,
            "reinvestment_rate": -159.97,
            "research_to_sale_ratio": 1.17,
            "price_fair": 33.32,
            "eps_avg_yearly": 0.95,
            "eps_latest_yearly": 0.28,
            "eps_growth_yearly": 443.21
        },
        "20162": {
            "year_quarter": 20162,
            "year": 2016,
            "quarter": 2,
            "eps": 1.7,
            "eps_growth_year": 2025,
            "eps_4q": 2.36,
            "eps_4q_growth_year": 1192.43,
            "roe": 7.76,
            "roe_4q": 12.17,
            "gross_profit": 305537,
            "gross_margin": 6.95,
            "gross_margin_4q_avg": 9.26,
            "net_income": 884414,
            "net_income_4q": null,
            "revenue": 4397961,
            "revenue_4q": null,
            "common_shares": 5183462,
            "book_valuer_per_share": 19.87,
            "book_valuer_per_share_4q_avg": 19.44,
            "equity": 11498759,
            "current_ratio": 188.65,
            "debt_ratio": 35.93,
            "inventory_turnover_ratio": 2.62,
            "account_receivable_turnover_ratio": 1.01,
            "reinvestment_rate": -26.35,
            "research_to_sale_ratio": 1.04,
            "price_fair": 35.62,
            "eps_avg_yearly": 1.02,
            "eps_latest_yearly": 0.28,
            "eps_growth_yearly": 486.9
        },
        "20163": {
            "year_quarter": 20163,
            "year": 2016,
            "quarter": 3,
            "eps": 0.17,
            "eps_growth_year": -73.02,
            "eps_4q": 1.91,
            "eps_4q_growth_year": 299.68,
            "roe": 0.94,
            "roe_4q": 9.749999999999998,
            "gross_profit": 327451,
            "gross_margin": 6.75,
            "gross_margin_4q_avg": 8.51,
            "net_income": 106935,
            "net_income_4q": null,
            "revenue": 4850341,
            "revenue_4q": null,
            "common_shares": 5183462,
            "book_valuer_per_share": 19.45,
            "book_valuer_per_share_4q_avg": 19.48,
            "equity": 11228386,
            "current_ratio": 182.3,
            "debt_ratio": 37.05,
            "inventory_turnover_ratio": 2.86,
            "account_receivable_turnover_ratio": 0.96,
            "reinvestment_rate": -28.62,
            "research_to_sale_ratio": 1.05,
            "price_fair": 33.76,
            "eps_avg_yearly": 0.96,
            "eps_latest_yearly": 0.68,
            "eps_growth_yearly": 348.14
        },
        "20164": {
            "year_quarter": 20164,
            "year": 2016,
            "quarter": 4,
            "eps": 0.32,
            "eps_growth_year": 333.55,
            "eps_4q": 2.12,
            "eps_4q_growth_year": 279.29,
            "roe": 2.23,
            "roe_4q": 11.12,
            "gross_profit": 477118,
            "gross_margin": 8.18,
            "gross_margin_4q_avg": 8.08,
            "net_income": 254325,
            "net_income_4q": null,
            "revenue": 5834906,
            "revenue_4q": null,
            "common_shares": 5183462,
            "book_valuer_per_share": 19.77,
            "book_valuer_per_share_4q_avg": 19.59,
            "equity": 11610657,
            "current_ratio": 183.94,
            "debt_ratio": 38.03,
            "inventory_turnover_ratio": 3.28,
            "account_receivable_turnover_ratio": 1,
            "reinvestment_rate": -40.3,
            "research_to_sale_ratio": 0.88,
            "price_fair": 33.44,
            "eps_avg_yearly": 0.96,
            "eps_latest_yearly": 1.28,
            "eps_growth_yearly": 379.69
        },
        "20171": {
            "year_quarter": 20171,
            "year": 2017,
            "quarter": 1,
            "eps": 0.15,
            "eps_growth_year": null,
            "eps_4q": 2.31,
            "eps_4q_growth_year": 212.23,
            "roe": 1.01,
            "roe_4q": 11.94,
            "gross_profit": 395059,
            "gross_margin": 7.65,
            "gross_margin_4q_avg": 7.38,
            "net_income": 116249,
            "net_income_4q": null,
            "revenue": 5165770,
            "revenue_4q": null,
            "common_shares": 5183462,
            "book_valuer_per_share": 19.38,
            "book_valuer_per_share_4q_avg": 19.62,
            "equity": 11382979,
            "current_ratio": 200.73,
            "debt_ratio": 33.69,
            "inventory_turnover_ratio": 2.75,
            "account_receivable_turnover_ratio": 0.9,
            "reinvestment_rate": -70.16,
            "research_to_sale_ratio": 0.81,
            "price_fair": 34.07,
            "eps_avg_yearly": 0.97,
            "eps_latest_yearly": 0.6,
            "eps_growth_yearly": 386.15
        },
        "20172": {
            "year_quarter": 20172,
            "year": 2017,
            "quarter": 2,
            "eps": 0.32,
            "eps_growth_year": -81.18,
            "eps_4q": 0.97,
            "eps_4q_growth_year": -58.87,
            "roe": 1.73,
            "roe_4q": 5.91,
            "gross_profit": 537779,
            "gross_margin": 8.7,
            "gross_margin_4q_avg": 7.82,
            "net_income": 199854,
            "net_income_4q": null,
            "revenue": 6184464,
            "revenue_4q": null,
            "common_shares": 5183462,
            "book_valuer_per_share": 19.94,
            "book_valuer_per_share_4q_avg": 19.64,
            "equity": 11681832,
            "current_ratio": 180.21,
            "debt_ratio": 38.18,
            "inventory_turnover_ratio": 3.03,
            "account_receivable_turnover_ratio": 1.04,
            "reinvestment_rate": -33.95,
            "research_to_sale_ratio": 0.75,
            "price_fair": 37.8,
            "eps_avg_yearly": 1.08,
            "eps_latest_yearly": 1.28,
            "eps_growth_yearly": 448.64
        },
        "20173": {
            "year_quarter": 20173,
            "year": 2017,
            "quarter": 3,
            "eps": 0.49,
            "eps_growth_year": 188.24,
            "eps_4q": 1.29,
            "eps_4q_growth_year": -32.07,
            "roe": 2.23,
            "roe_4q": 7.199999999999999,
            "gross_profit": 667335,
            "gross_margin": 8.86,
            "gross_margin_4q_avg": 8.35,
            "net_income": 262670,
            "net_income_4q": null,
            "revenue": 7529562,
            "revenue_4q": null,
            "common_shares": 5183462,
            "book_valuer_per_share": 20.23,
            "book_valuer_per_share_4q_avg": 19.83,
            "equity": 11852548,
            "current_ratio": 180.21,
            "debt_ratio": 39.32,
            "inventory_turnover_ratio": 3.39,
            "account_receivable_turnover_ratio": 1.07,
            "reinvestment_rate": -31.01,
            "research_to_sale_ratio": 0.7,
            "price_fair": 43.56,
            "eps_avg_yearly": 1.24,
            "eps_latest_yearly": 1.96,
            "eps_growth_yearly": 450.03
        },
        "20174": {
            "year_quarter": 20174,
            "year": 2017,
            "quarter": 4,
            "eps": 0.36,
            "eps_growth_year": 12.04,
            "eps_4q": 1.33,
            "eps_4q_growth_year": -37.1,
            "roe": 2.29,
            "roe_4q": 7.26,
            "gross_profit": 585737,
            "gross_margin": 7.96,
            "gross_margin_4q_avg": 8.29,
            "net_income": 272858,
            "net_income_4q": null,
            "revenue": 7358564,
            "revenue_4q": null,
            "common_shares": 5183462,
            "book_valuer_per_share": 20.28,
            "book_valuer_per_share_4q_avg": 19.96,
            "equity": 11990777,
            "current_ratio": 176.01,
            "debt_ratio": 41.76,
            "inventory_turnover_ratio": 3.05,
            "account_receivable_turnover_ratio": 0.98,
            "reinvestment_rate": -30.38,
            "research_to_sale_ratio": 0.72,
            "price_fair": 44.18,
            "eps_avg_yearly": 1.26,
            "eps_latest_yearly": 1.44,
            "eps_growth_yearly": 364.16
        },
        "20181": {
            "year_quarter": 20181,
            "year": 2018,
            "quarter": 1,
            "eps": 0.16,
            "eps_growth_year": 6.67,
            "eps_4q": 1.35,
            "eps_4q_growth_year": -41.72,
            "roe": 0.92,
            "roe_4q": 7.17,
            "gross_profit": 448561,
            "gross_margin": 7.9,
            "gross_margin_4q_avg": 8.36,
            "net_income": 111611,
            "net_income_4q": null,
            "revenue": 5681099,
            "revenue_4q": null,
            "common_shares": 5183462,
            "book_valuer_per_share": 20.89,
            "book_valuer_per_share_4q_avg": 20.34,
            "equity": 12375154,
            "current_ratio": 199.2,
            "debt_ratio": 36.24,
            "inventory_turnover_ratio": 2.36,
            "account_receivable_turnover_ratio": 0.79,
            "reinvestment_rate": -155.26,
            "research_to_sale_ratio": 0.76,
            "price_fair": 42,
            "eps_avg_yearly": 1.2,
            "eps_latest_yearly": 0.64,
            "eps_growth_yearly": 305.52
        },
        "20182": {
            "year_quarter": 20182,
            "year": 2018,
            "quarter": 2,
            "eps": 0.78,
            "eps_growth_year": 143.75,
            "eps_4q": 1.81,
            "eps_4q_growth_year": 86.33,
            "roe": 3.55,
            "roe_4q": 8.99,
            "gross_profit": 548059,
            "gross_margin": 8.33,
            "gross_margin_4q_avg": 8.26,
            "net_income": 433834,
            "net_income_4q": null,
            "revenue": 6577071,
            "revenue_4q": null,
            "common_shares": 5183462,
            "book_valuer_per_share": 20.42,
            "book_valuer_per_share_4q_avg": 20.46,
            "equity": 12076361,
            "current_ratio": 178.76,
            "debt_ratio": 41.89,
            "inventory_turnover_ratio": 2.68,
            "account_receivable_turnover_ratio": 0.91,
            "reinvestment_rate": -117.22,
            "research_to_sale_ratio": 0.83,
            "price_fair": 48.11,
            "eps_avg_yearly": 1.37,
            "eps_latest_yearly": 3.12,
            "eps_growth_yearly": 418.66
        },
        "20183": {
            "year_quarter": 20183,
            "year": 2018,
            "quarter": 3,
            "eps": 0.88,
            "eps_growth_year": 79.59,
            "eps_4q": 2.2,
            "eps_4q_growth_year": 69.75,
            "roe": 4.22,
            "roe_4q": 10.98,
            "gross_profit": 777994,
            "gross_margin": 10.25,
            "gross_margin_4q_avg": 8.61,
            "net_income": 513651,
            "net_income_4q": null,
            "revenue": 7589796,
            "revenue_4q": null,
            "common_shares": 5183462,
            "book_valuer_per_share": 20.71,
            "book_valuer_per_share_4q_avg": 20.58,
            "equity": 12251228,
            "current_ratio": 170.32,
            "debt_ratio": 43.26,
            "inventory_turnover_ratio": 2.77,
            "account_receivable_turnover_ratio": 0.98,
            "reinvestment_rate": -71.47,
            "research_to_sale_ratio": 0.87,
            "price_fair": 55.11,
            "eps_avg_yearly": 1.57,
            "eps_latest_yearly": 3.52,
            "eps_growth_yearly": 373.97
        },
        "20184": {
            "year_quarter": 20184,
            "year": 2018,
            "quarter": 4,
            "eps": 0.45,
            "eps_growth_year": 24.84,
            "eps_4q": 2.29,
            "eps_4q_growth_year": 71.55,
            "roe": 2.34,
            "roe_4q": 11.03,
            "gross_profit": 577410,
            "gross_margin": 7.9,
            "gross_margin_4q_avg": 8.6,
            "net_income": 289589,
            "net_income_4q": null,
            "revenue": 7312551,
            "revenue_4q": null,
            "common_shares": 5183462,
            "book_valuer_per_share": 21.09,
            "book_valuer_per_share_4q_avg": 20.78,
            "equity": 12513099,
            "current_ratio": 166.31,
            "debt_ratio": 45.77,
            "inventory_turnover_ratio": 2.55,
            "account_receivable_turnover_ratio": 0.89,
            "reinvestment_rate": -69.02,
            "research_to_sale_ratio": 1.01,
            "price_fair": 55.77,
            "eps_avg_yearly": 1.59,
            "eps_latest_yearly": 1.8,
            "eps_growth_yearly": 326.52
        },
        "20191": {
            "year_quarter": 20191,
            "year": 2019,
            "quarter": 1,
            "eps": 0.22,
            "eps_growth_year": 37.5,
            "eps_4q": 2.34,
            "eps_4q_growth_year": 74.12,
            "roe": 0.91,
            "roe_4q": 11.02,
            "gross_profit": 298016,
            "gross_margin": 5.41,
            "gross_margin_4q_avg": 7.97,
            "net_income": 114982,
            "net_income_4q": null,
            "revenue": 5505245,
            "revenue_4q": null,
            "common_shares": 5183462,
            "book_valuer_per_share": 21.73,
            "book_valuer_per_share_4q_avg": 20.99,
            "equity": 12873253,
            "current_ratio": 193.87,
            "debt_ratio": 38.49,
            "inventory_turnover_ratio": 2.08,
            "account_receivable_turnover_ratio": 0.74,
            "reinvestment_rate": -60.14,
            "research_to_sale_ratio": 1.09,
            "price_fair": 53.85,
            "eps_avg_yearly": 1.54,
            "eps_latest_yearly": 0.88,
            "eps_growth_yearly": 285.67
        },
        "20192": {
            "year_quarter": 20192,
            "year": 2019,
            "quarter": 2,
            "eps": 0.63,
            "eps_growth_year": -19.23,
            "eps_4q": 2.19,
            "eps_4q_growth_year": 21.22,
            "roe": 2.78,
            "roe_4q": 10.25,
            "gross_profit": 636863,
            "gross_margin": 9.58,
            "gross_margin_4q_avg": 8.29,
            "net_income": 347991,
            "net_income_4q": null,
            "revenue": 6650300,
            "revenue_4q": null,
            "common_shares": 5183462,
            "book_valuer_per_share": 20.47,
            "book_valuer_per_share_4q_avg": 21,
            "equity": 12169930,
            "current_ratio": 184.27,
            "debt_ratio": 41.4,
            "inventory_turnover_ratio": 2.64,
            "account_receivable_turnover_ratio": 1,
            "reinvestment_rate": -64.43,
            "research_to_sale_ratio": 1.05,
            "price_fair": 56.3,
            "eps_avg_yearly": 1.61,
            "eps_latest_yearly": 2.52,
            "eps_growth_yearly": 318.52
        },
        "20193": {
            "year_quarter": 20193,
            "year": 2019,
            "quarter": 3,
            "eps": 1.05,
            "eps_growth_year": 19.32,
            "eps_4q": 2.35,
            "eps_4q_growth_year": 7.09,
            "roe": 4.97,
            "roe_4q": 11,
            "gross_profit": 963473,
            "gross_margin": 13.4,
            "gross_margin_4q_avg": 9.07,
            "net_income": 610411,
            "net_income_4q": null,
            "revenue": 7188587,
            "revenue_4q": null,
            "common_shares": 5183462,
            "book_valuer_per_share": 20.8,
            "book_valuer_per_share_4q_avg": 21.02,
            "equity": 12383531,
            "current_ratio": 182.68,
            "debt_ratio": 42.65,
            "inventory_turnover_ratio": 2.91,
            "account_receivable_turnover_ratio": 0.96,
            "reinvestment_rate": -51.05,
            "research_to_sale_ratio": 1,
            "price_fair": 60.5,
            "eps_avg_yearly": 1.73,
            "eps_latest_yearly": 4.2,
            "eps_growth_yearly": 141.13
        },
        "20194": {
            "year_quarter": 20194,
            "year": 2019,
            "quarter": 4,
            "eps": 0.09,
            "eps_growth_year": -80.78,
            "eps_4q": 1.99,
            "eps_4q_growth_year": -13.17,
            "roe": 0.64,
            "roe_4q": 9.299999999999999,
            "gross_profit": 460847,
            "gross_margin": 7.37,
            "gross_margin_4q_avg": 8.94,
            "net_income": 79753,
            "net_income_4q": null,
            "revenue": 6256576,
            "revenue_4q": null,
            "common_shares": 5183462,
            "book_valuer_per_share": 21.14,
            "book_valuer_per_share_4q_avg": 21.04,
            "equity": 12577934,
            "current_ratio": 184.42,
            "debt_ratio": 42,
            "inventory_turnover_ratio": 2.6,
            "account_receivable_turnover_ratio": 0.86,
            "reinvestment_rate": -52.13,
            "research_to_sale_ratio": 1.16,
            "price_fair": 60.7,
            "eps_avg_yearly": 1.73,
            "eps_latest_yearly": 0.36,
            "eps_growth_yearly": 140.41
        },
        "20201": {
            "year_quarter": 20201,
            "year": 2020,
            "quarter": 1,
            "eps": 0.04,
            "eps_growth_year": -81.82,
            "eps_4q": 1.8,
            "eps_4q_growth_year": -23.29,
            "roe": 0.07,
            "roe_4q": 8.459999999999999,
            "gross_profit": 200886,
            "gross_margin": 4.26,
            "gross_margin_4q_avg": 8.65,
            "net_income": 8882,
            "net_income_4q": null,
            "revenue": 4712869,
            "revenue_4q": null,
            "common_shares": 5183462,
            "book_valuer_per_share": 20.35,
            "book_valuer_per_share_4q_avg": 20.69,
            "equity": 12081563,
            "current_ratio": 194.83,
            "debt_ratio": 39.8,
            "inventory_turnover_ratio": 2.02,
            "account_receivable_turnover_ratio": 0.74,
            "reinvestment_rate": -46.71,
            "research_to_sale_ratio": 0.98,
            "price_fair": 57.03,
            "eps_avg_yearly": 1.63,
            "eps_latest_yearly": 0.16,
            "eps_growth_yearly": 116.23
        },
        "20202": {
            "year_quarter": 20202,
            "year": 2020,
            "quarter": 2,
            "eps": 0.3,
            "eps_growth_year": -52.38,
            "eps_4q": 1.47,
            "eps_4q_growth_year": -32.98,
            "roe": 1.15,
            "roe_4q": 6.83,
            "gross_profit": 461174,
            "gross_margin": 9.34,
            "gross_margin_4q_avg": 8.59,
            "net_income": 137276,
            "net_income_4q": null,
            "revenue": 4936199,
            "revenue_4q": null,
            "common_shares": 5183462,
            "book_valuer_per_share": 19.88,
            "book_valuer_per_share_4q_avg": 20.54,
            "equity": 11743764,
            "current_ratio": 178.36,
            "debt_ratio": 43.02,
            "inventory_turnover_ratio": 2.04,
            "account_receivable_turnover_ratio": 0.87,
            "reinvestment_rate": -91.68,
            "research_to_sale_ratio": 1.35,
            "price_fair": 56.09,
            "eps_avg_yearly": 1.6,
            "eps_latest_yearly": 1.2,
            "eps_growth_yearly": 271.47
        },
        "20203": {
            "year_quarter": 20203,
            "year": 2020,
            "quarter": 3,
            "eps": 0.57,
            "eps_growth_year": -45.71,
            "eps_4q": 0.99,
            "eps_4q_growth_year": -57.85,
            "roe": 2.78,
            "roe_4q": 4.64,
            "gross_profit": 812888,
            "gross_margin": 15.02,
            "gross_margin_4q_avg": 9,
            "net_income": 335121,
            "net_income_4q": null,
            "revenue": 5412622,
            "revenue_4q": null,
            "common_shares": 5183462,
            "book_valuer_per_share": 20.98,
            "book_valuer_per_share_4q_avg": 20.59,
            "equity": 12362418,
            "current_ratio": 197.2,
            "debt_ratio": 38.5,
            "inventory_turnover_ratio": 2.03,
            "account_receivable_turnover_ratio": 1.04,
            "reinvestment_rate": -79.17,
            "research_to_sale_ratio": 1.37,
            "price_fair": 59.59,
            "eps_avg_yearly": 1.7,
            "eps_latest_yearly": 2.28,
            "eps_growth_yearly": 316.47
        },
        "20204": {
            "year_quarter": 20204,
            "year": 2020,
            "quarter": 4,
            "eps": 0.38,
            "eps_growth_year": 330.22,
            "eps_4q": 1.28,
            "eps_4q_growth_year": -35.57,
            "roe": 2.46,
            "roe_4q": 6.460000000000001,
            "gross_profit": 669747,
            "gross_margin": 12.21,
            "gross_margin_4q_avg": 10.21,
            "net_income": 309216,
            "net_income_4q": null,
            "revenue": 5486023,
            "revenue_4q": null,
            "common_shares": 5183462,
            "book_valuer_per_share": 21.54,
            "book_valuer_per_share_4q_avg": 20.69,
            "equity": 12788294,
            "current_ratio": 203.58,
            "debt_ratio": 38.16,
            "inventory_turnover_ratio": 2.36,
            "account_receivable_turnover_ratio": 1.06,
            "reinvestment_rate": -82.2,
            "research_to_sale_ratio": 1.47,
            "price_fair": 60.11,
            "eps_avg_yearly": 1.72,
            "eps_latest_yearly": 1.52,
            "eps_growth_yearly": 286.08
        },
        "20211": {
            "year_quarter": 20211,
            "year": 2021,
            "quarter": 1,
            "eps": 0.33,
            "eps_growth_year": 725,
            "eps_4q": 1.57,
            "eps_4q_growth_year": -12.73,
            "roe": 1.54,
            "roe_4q": 7.93,
            "gross_profit": 523713,
            "gross_margin": 10.75,
            "gross_margin_4q_avg": 11.83,
            "net_income": 200493,
            "net_income_4q": null,
            "revenue": 4871995,
            "revenue_4q": null,
            "common_shares": 5183462,
            "book_valuer_per_share": 22.32,
            "book_valuer_per_share_4q_avg": 21.18,
            "equity": 13178550,
            "current_ratio": 207.28,
            "debt_ratio": 37.64,
            "inventory_turnover_ratio": 2.07,
            "account_receivable_turnover_ratio": 0.93,
            "reinvestment_rate": -79.94,
            "research_to_sale_ratio": 1.38,
            "price_fair": 61.69,
            "eps_avg_yearly": 1.76,
            "eps_latest_yearly": 1.32,
            "eps_growth_yearly": 296.07
        },
        "20212": {
            "year_quarter": 20212,
            "year": 2021,
            "quarter": 2,
            "eps": 0.45,
            "eps_growth_year": 50,
            "eps_4q": 1.72,
            "eps_4q_growth_year": 16.85,
            "roe": 2.08,
            "roe_4q": 8.86,
            "gross_profit": 615865,
            "gross_margin": 11.72,
            "gross_margin_4q_avg": 12.43,
            "net_income": 277629,
            "net_income_4q": null,
            "revenue": 5252609,
            "revenue_4q": null,
            "common_shares": 5183462,
            "book_valuer_per_share": 22.9,
            "book_valuer_per_share_4q_avg": 21.94,
            "equity": 13453938,
            "current_ratio": 196.08,
            "debt_ratio": 39.72,
            "inventory_turnover_ratio": 1.74,
            "account_receivable_turnover_ratio": 0.98,
            "reinvestment_rate": -81.62,
            "research_to_sale_ratio": 1.32,
            "price_fair": 62.83,
            "eps_avg_yearly": 1.8,
            "eps_latest_yearly": 1.8,
            "eps_growth_yearly": 276.83
        },
        "20213": {
            "year_quarter": 20213,
            "year": 2021,
            "quarter": 3,
            "eps": 0.56,
            "eps_growth_year": -1.75,
            "eps_4q": 1.71,
            "eps_4q_growth_year": 72.24,
            "roe": 2.5,
            "roe_4q": 8.58,
            "gross_profit": 739334,
            "gross_margin": 10.71,
            "gross_margin_4q_avg": 11.35,
            "net_income": 337083,
            "net_income_4q": null,
            "revenue": 6902497,
            "revenue_4q": null,
            "common_shares": 5183462,
            "book_valuer_per_share": 22.87,
            "book_valuer_per_share_4q_avg": 22.41,
            "equity": 13468063,
            "current_ratio": 192.12,
            "debt_ratio": 41.38,
            "inventory_turnover_ratio": 1.89,
            "account_receivable_turnover_ratio": 1.17,
            "reinvestment_rate": -74.48,
            "research_to_sale_ratio": 1.44,
            "price_fair": 63.44,
            "eps_avg_yearly": 1.81,
            "eps_latest_yearly": 2.24,
            "eps_growth_yearly": 269.66
        },
        "20214": {
            "year_quarter": 20214,
            "year": 2021,
            "quarter": 4,
            "eps": 0.53,
            "eps_growth_year": 42.18,
            "eps_4q": 1.87,
            "eps_4q_growth_year": 45.85,
            "roe": 2.52,
            "roe_4q": 8.64,
            "gross_profit": 770238,
            "gross_margin": 10.7,
            "gross_margin_4q_avg": 10.97,
            "net_income": 347392,
            "net_income_4q": null,
            "revenue": 7199093,
            "revenue_4q": null,
            "common_shares": 5183462,
            "book_valuer_per_share": 23.94,
            "book_valuer_per_share_4q_avg": 23.01,
            "equity": 14093915,
            "current_ratio": 186.19,
            "debt_ratio": 42.05,
            "inventory_turnover_ratio": 1.56,
            "account_receivable_turnover_ratio": 1.15,
            "reinvestment_rate": -61.2,
            "research_to_sale_ratio": 1.54,
            "price_fair": 64.93,
            "eps_avg_yearly": 1.86,
            "eps_latest_yearly": 2.12,
            "eps_growth_yearly": 274.95
        },
        "20221": {
            "year_quarter": 20221,
            "year": 2022,
            "quarter": 1,
            "eps": 0.42,
            "eps_growth_year": 27.27,
            "eps_4q": 1.96,
            "eps_4q_growth_year": 24.89,
            "roe": 2.01,
            "roe_4q": 9.11,
            "gross_profit": 615357,
            "gross_margin": 10.32,
            "gross_margin_4q_avg": 10.86,
            "net_income": 282054,
            "net_income_4q": null,
            "revenue": 5962146,
            "revenue_4q": null,
            "common_shares": 5183462,
            "book_valuer_per_share": 23.51,
            "book_valuer_per_share_4q_avg": 23.31,
            "equity": 13977194,
            "current_ratio": 201.61,
            "debt_ratio": 38.81,
            "inventory_turnover_ratio": 1.2,
            "account_receivable_turnover_ratio": 1.01,
            "reinvestment_rate": 25.89,
            "research_to_sale_ratio": 1.47,
            "price_fair": 67.2,
            "eps_avg_yearly": 1.92,
            "eps_latest_yearly": 1.68,
            "eps_growth_yearly": 283.65
        },
        "20222": {
            "year_quarter": 20222,
            "year": 2022,
            "quarter": 2,
            "eps": 0.51,
            "eps_growth_year": 13.33,
            "eps_4q": 2.03,
            "eps_4q_growth_year": 18.23,
            "roe": 2.13,
            "roe_4q": 9.16,
            "gross_profit": 669641,
            "gross_margin": 10.78,
            "gross_margin_4q_avg": 10.63,
            "net_income": 294778,
            "net_income_4q": null,
            "revenue": 6211599,
            "revenue_4q": null,
            "common_shares": 5183462,
            "book_valuer_per_share": 23.2,
            "book_valuer_per_share_4q_avg": 23.38,
            "equity": 13738736,
            "current_ratio": 197.64,
            "debt_ratio": 40.09,
            "inventory_turnover_ratio": 1.35,
            "account_receivable_turnover_ratio": 1.1,
            "reinvestment_rate": 33.46,
            "research_to_sale_ratio": 1.46,
            "price_fair": 64.84,
            "eps_avg_yearly": 1.85,
            "eps_latest_yearly": 2.04,
            "eps_growth_yearly": 192.13
        },
        "20223": {
            "year_quarter": 20223,
            "year": 2022,
            "quarter": 3,
            "eps": 0.95,
            "eps_growth_year": 69.64,
            "eps_4q": 2.42,
            "eps_4q_growth_year": 41.57,
            "roe": 3.95,
            "roe_4q": 10.61,
            "gross_profit": 860311,
            "gross_margin": 13.27,
            "gross_margin_4q_avg": 11.27,
            "net_income": 554511,
            "net_income_4q": null,
            "revenue": 6483846,
            "revenue_4q": null,
            "common_shares": 5183462,
            "book_valuer_per_share": 24.28,
            "book_valuer_per_share_4q_avg": 23.73,
            "equity": 14326472,
            "current_ratio": 191.19,
            "debt_ratio": 42.03,
            "inventory_turnover_ratio": 1.37,
            "account_receivable_turnover_ratio": 1.02,
            "reinvestment_rate": 15.87,
            "research_to_sale_ratio": 1.71,
            "price_fair": 65.45,
            "eps_avg_yearly": 1.87,
            "eps_latest_yearly": 3.8,
            "eps_growth_yearly": 210.49
        },
        "20224": {
            "year_quarter": 20224,
            "year": 2022,
            "quarter": 4,
            "eps": 0.67,
            "eps_growth_year": 25.01,
            "eps_4q": 2.55,
            "eps_4q_growth_year": 36.71,
            "roe": 2.99,
            "roe_4q": 11.08,
            "gross_profit": 1134427,
            "gross_margin": 14.93,
            "gross_margin_4q_avg": 12.33,
            "net_income": 435056,
            "net_income_4q": null,
            "revenue": 7599749,
            "revenue_4q": null,
            "common_shares": 5183462,
            "book_valuer_per_share": 24.89,
            "book_valuer_per_share_4q_avg": 23.97,
            "equity": 14769367,
            "current_ratio": 189.24,
            "debt_ratio": 41.86,
            "inventory_turnover_ratio": 1.62,
            "account_receivable_turnover_ratio": 1.03,
            "reinvestment_rate": 17.19,
            "research_to_sale_ratio": 1.68,
            "price_fair": 67.38,
            "eps_avg_yearly": 1.93,
            "eps_latest_yearly": 2.68,
            "eps_growth_yearly": 215.34
        },
        "20231": {
            "year_quarter": 20231,
            "year": 2023,
            "quarter": 1,
            "eps": 0.57,
            "eps_growth_year": 35.71,
            "eps_4q": 2.7,
            "eps_4q_growth_year": 37.88,
            "roe": 2.26,
            "roe_4q": 11.329999999999998,
            "gross_profit": 817809,
            "gross_margin": 13.45,
            "gross_margin_4q_avg": 13.11,
            "net_income": 339784,
            "net_income_4q": null,
            "revenue": 6080658,
            "revenue_4q": null,
            "common_shares": 5183462,
            "book_valuer_per_share": 25.94,
            "book_valuer_per_share_4q_avg": 24.58,
            "equity": 15343300,
            "current_ratio": 211.7,
            "debt_ratio": 37.28,
            "inventory_turnover_ratio": 1.36,
            "account_receivable_turnover_ratio": 0.87,
            "reinvestment_rate": 16.18,
            "research_to_sale_ratio": 1.73,
            "price_fair": 70.44,
            "eps_avg_yearly": 2.01,
            "eps_latest_yearly": 2.28,
            "eps_growth_yearly": 224.39
        },
        "20232": {
            "year_quarter": 20232,
            "year": 2023,
            "quarter": 2,
            "eps": 0.62,
            "eps_growth_year": 21.57,
            "eps_4q": 2.81,
            "eps_4q_growth_year": 38.62,
            "roe": 2.4,
            "roe_4q": 11.600000000000001,
            "gross_profit": 646753,
            "gross_margin": 10.4,
            "gross_margin_4q_avg": 13.01,
            "net_income": 359527,
            "net_income_4q": null,
            "revenue": 6217119,
            "revenue_4q": null,
            "common_shares": 5183462,
            "book_valuer_per_share": 24.81,
            "book_valuer_per_share_4q_avg": 24.98,
            "equity": 14646459,
            "current_ratio": 203.84,
            "debt_ratio": 38.37,
            "inventory_turnover_ratio": 1.47,
            "account_receivable_turnover_ratio": 0.98,
            "reinvestment_rate": 16.91,
            "research_to_sale_ratio": 1.74,
            "price_fair": 70.35,
            "eps_avg_yearly": 2.01,
            "eps_latest_yearly": 2.48,
            "eps_growth_yearly": 179.99
        },
        "20233": {
            "year_quarter": 20233,
            "year": 2023,
            "quarter": 3,
            "eps": 0.64,
            "eps_growth_year": -32.63,
            "eps_4q": 2.5,
            "eps_4q_growth_year": 3.32,
            "roe": 2.65,
            "roe_4q": 10.3,
            "gross_profit": 812428,
            "gross_margin": 11.8,
            "gross_margin_4q_avg": 12.65,
            "net_income": 395386,
            "net_income_4q": null,
            "revenue": 6885374,
            "revenue_4q": null,
            "common_shares": 5183462,
            "book_valuer_per_share": 25.68,
            "book_valuer_per_share_4q_avg": 25.33,
            "equity": 15214444,
            "current_ratio": 208.42,
            "debt_ratio": 38.16,
            "inventory_turnover_ratio": 1.61,
            "account_receivable_turnover_ratio": 0.99,
            "reinvestment_rate": 20.56,
            "research_to_sale_ratio": 1.65,
            "price_fair": 66.76,
            "eps_avg_yearly": 1.91,
            "eps_latest_yearly": 2.56,
            "eps_growth_yearly": 164.13
        }
    },
    "months": {
        "2001-06": {
            "month": "2001-06",
            "price": "15.84",
            "revenue": 126758
        },
        "2001-07": {
            "month": "2001-07",
            "price": "14.89",
            "revenue": 227634
        },
        "2001-08": {
            "month": "2001-08",
            "price": "16.00",
            "revenue": 325394
        },
        "2001-09": {
            "month": "2001-09",
            "price": "12.88",
            "revenue": 513977
        },
        "2001-10": {
            "month": "2001-10",
            "price": "11.60",
            "revenue": 560589
        },
        "2001-11": {
            "month": "2001-11",
            "price": "17.31",
            "revenue": 583170
        },
        "2001-12": {
            "month": "2001-12",
            "price": "20.01",
            "revenue": 348873
        },
        "2002-01": {
            "month": "2002-01",
            "price": "24.01",
            "revenue": 229226
        },
        "2002-02": {
            "month": "2002-02",
            "price": "31.23",
            "revenue": 155080
        },
        "2002-03": {
            "month": "2002-03",
            "price": "30.91",
            "revenue": 202103
        },
        "2002-04": {
            "month": "2002-04",
            "price": "29.64",
            "revenue": 242075
        },
        "2002-05": {
            "month": "2002-05",
            "price": "22.60",
            "revenue": 246088
        },
        "2002-06": {
            "month": "2002-06",
            "price": "23.15",
            "revenue": 238177
        },
        "2002-07": {
            "month": "2002-07",
            "price": "21.61",
            "revenue": 261376
        },
        "2002-08": {
            "month": "2002-08",
            "price": "20.40",
            "revenue": 285774
        },
        "2002-09": {
            "month": "2002-09",
            "price": "19.06",
            "revenue": 307068
        },
        "2002-10": {
            "month": "2002-10",
            "price": "17.75",
            "revenue": 360192
        },
        "2002-11": {
            "month": "2002-11",
            "price": "21.40",
            "revenue": 294061
        },
        "2002-12": {
            "month": "2002-12",
            "price": "20.60",
            "revenue": 370484
        },
        "2003-01": {
            "month": "2003-01",
            "price": "19.53",
            "revenue": 376254
        },
        "2003-02": {
            "month": "2003-02",
            "price": "17.29",
            "revenue": 341993
        },
        "2003-03": {
            "month": "2003-03",
            "price": "18.24",
            "revenue": 414227
        },
        "2003-04": {
            "month": "2003-04",
            "price": "18.69",
            "revenue": 467295
        },
        "2003-05": {
            "month": "2003-05",
            "price": "20.61",
            "revenue": 448129
        },
        "2003-06": {
            "month": "2003-06",
            "price": "23.84",
            "revenue": 420559
        },
        "2003-07": {
            "month": "2003-07",
            "price": "25.25",
            "revenue": 438415
        },
        "2003-08": {
            "month": "2003-08",
            "price": "23.38",
            "revenue": 516390
        },
        "2003-09": {
            "month": "2003-09",
            "price": "21.93",
            "revenue": 547309
        },
        "2003-10": {
            "month": "2003-10",
            "price": "22.51",
            "revenue": 556964
        },
        "2003-11": {
            "month": "2003-11",
            "price": "22.40",
            "revenue": 533771
        },
        "2003-12": {
            "month": "2003-12",
            "price": "21.97",
            "revenue": 481114
        },
        "2004-01": {
            "month": "2004-01",
            "price": "22.17",
            "revenue": 430888
        },
        "2004-02": {
            "month": "2004-02",
            "price": "25.26",
            "revenue": 505304
        },
        "2004-03": {
            "month": "2004-03",
            "price": "30.27",
            "revenue": 527414
        },
        "2004-04": {
            "month": "2004-04",
            "price": "29.72",
            "revenue": 488685
        },
        "2004-05": {
            "month": "2004-05",
            "price": "20.84",
            "revenue": 455882
        },
        "2004-06": {
            "month": "2004-06",
            "price": "19.42",
            "revenue": 567052
        },
        "2004-07": {
            "month": "2004-07",
            "price": "17.53",
            "revenue": 707943
        },
        "2004-08": {
            "month": "2004-08",
            "price": "19.40",
            "revenue": 767512
        },
        "2004-09": {
            "month": "2004-09",
            "price": "22.47",
            "revenue": 906540
        },
        "2004-10": {
            "month": "2004-10",
            "price": "23.49",
            "revenue": 886656
        },
        "2004-11": {
            "month": "2004-11",
            "price": "23.73",
            "revenue": 855493
        },
        "2004-12": {
            "month": "2004-12",
            "price": "24.11",
            "revenue": 673026
        },
        "2005-01": {
            "month": "2005-01",
            "price": "23.91",
            "revenue": 799653
        },
        "2005-02": {
            "month": "2005-02",
            "price": "26.78",
            "revenue": 577299
        },
        "2005-03": {
            "month": "2005-03",
            "price": "33.21",
            "revenue": 722014
        },
        "2005-04": {
            "month": "2005-04",
            "price": "33.54",
            "revenue": 653152
        },
        "2005-05": {
            "month": "2005-05",
            "price": "37.62",
            "revenue": 589368
        },
        "2005-06": {
            "month": "2005-06",
            "price": "49.17",
            "revenue": 725138
        },
        "2005-07": {
            "month": "2005-07",
            "price": "49.93",
            "revenue": 807209
        },
        "2005-08": {
            "month": "2005-08",
            "price": "39.41",
            "revenue": 972564
        },
        "2005-09": {
            "month": "2005-09",
            "price": "37.16",
            "revenue": 1044384
        },
        "2005-10": {
            "month": "2005-10",
            "price": "37.27",
            "revenue": 1071551
        },
        "2005-11": {
            "month": "2005-11",
            "price": "39.22",
            "revenue": 1193776
        },
        "2005-12": {
            "month": "2005-12",
            "price": "46.84",
            "revenue": 1094006
        },
        "2006-01": {
            "month": "2006-01",
            "price": "55.64",
            "revenue": 614032
        },
        "2006-02": {
            "month": "2006-02",
            "price": "48.22",
            "revenue": 494890
        },
        "2006-03": {
            "month": "2006-03",
            "price": "45.96",
            "revenue": 495121
        },
        "2006-04": {
            "month": "2006-04",
            "price": "49.79",
            "revenue": 592322
        },
        "2006-05": {
            "month": "2006-05",
            "price": "45.16",
            "revenue": 676116
        },
        "2006-06": {
            "month": "2006-06",
            "price": "36.60",
            "revenue": 895619
        },
        "2006-07": {
            "month": "2006-07",
            "price": "36.45",
            "revenue": 1077420
        },
        "2006-08": {
            "month": "2006-08",
            "price": "38.04",
            "revenue": 1221003
        },
        "2006-09": {
            "month": "2006-09",
            "price": "36.32",
            "revenue": 1183598
        },
        "2006-10": {
            "month": "2006-10",
            "price": "50.79",
            "revenue": 1144872
        },
        "2006-11": {
            "month": "2006-11",
            "price": "68.44",
            "revenue": 1089066
        },
        "2006-12": {
            "month": "2006-12",
            "price": "93.70",
            "revenue": 1191193
        },
        "2007-01": {
            "month": "2007-01",
            "price": "88.39",
            "revenue": 1070014
        },
        "2007-02": {
            "month": "2007-02",
            "price": "75.72",
            "revenue": 722174
        },
        "2007-03": {
            "month": "2007-03",
            "price": "80.06",
            "revenue": 1049375
        },
        "2007-04": {
            "month": "2007-04",
            "price": "72.88",
            "revenue": 1172047
        },
        "2007-05": {
            "month": "2007-05",
            "price": "78.48",
            "revenue": 1058874
        },
        "2007-06": {
            "month": "2007-06",
            "price": "83.35",
            "revenue": 1094878
        },
        "2007-07": {
            "month": "2007-07",
            "price": "123.25",
            "revenue": 1152179
        },
        "2007-08": {
            "month": "2007-08",
            "price": "107.71",
            "revenue": 1299747
        },
        "2007-09": {
            "month": "2007-09",
            "price": "107.69",
            "revenue": 1359508
        },
        "2007-10": {
            "month": "2007-10",
            "price": "106.08",
            "revenue": 1706083
        },
        "2007-11": {
            "month": "2007-11",
            "price": "73.32",
            "revenue": 1725445
        },
        "2007-12": {
            "month": "2007-12",
            "price": "69.90",
            "revenue": 1916656
        },
        "2008-01": {
            "month": "2008-01",
            "price": "55.25",
            "revenue": 1571901
        },
        "2008-02": {
            "month": "2008-02",
            "price": "48.02",
            "revenue": 899756
        },
        "2008-03": {
            "month": "2008-03",
            "price": "54.89",
            "revenue": 1236869
        },
        "2008-04": {
            "month": "2008-04",
            "price": "59.99",
            "revenue": 1341489
        },
        "2008-05": {
            "month": "2008-05",
            "price": "58.60",
            "revenue": 1401315
        },
        "2008-06": {
            "month": "2008-06",
            "price": "49.86",
            "revenue": 1265791
        },
        "2008-07": {
            "month": "2008-07",
            "price": "47.19",
            "revenue": 1710682
        },
        "2008-08": {
            "month": "2008-08",
            "price": "53.70",
            "revenue": 1499852
        },
        "2008-09": {
            "month": "2008-09",
            "price": "44.19",
            "revenue": 1825689
        },
        "2008-10": {
            "month": "2008-10",
            "price": "33.12",
            "revenue": 1698658
        },
        "2008-11": {
            "month": "2008-11",
            "price": "21.39",
            "revenue": 2175208
        },
        "2008-12": {
            "month": "2008-12",
            "price": "21.36",
            "revenue": 1510961
        },
        "2009-01": {
            "month": "2009-01",
            "price": "26.14",
            "revenue": 653617
        },
        "2009-02": {
            "month": "2009-02",
            "price": "27.90",
            "revenue": 742383
        },
        "2009-03": {
            "month": "2009-03",
            "price": "29.41",
            "revenue": 873237
        },
        "2009-04": {
            "month": "2009-04",
            "price": "34.17",
            "revenue": 950888
        },
        "2009-05": {
            "month": "2009-05",
            "price": "39.24",
            "revenue": 1047818
        },
        "2009-06": {
            "month": "2009-06",
            "price": "37.84",
            "revenue": 963899
        },
        "2009-07": {
            "month": "2009-07",
            "price": "38.26",
            "revenue": 1202719
        },
        "2009-08": {
            "month": "2009-08",
            "price": "37.47",
            "revenue": 1042098
        },
        "2009-09": {
            "month": "2009-09",
            "price": "44.47",
            "revenue": 1574422
        },
        "2009-10": {
            "month": "2009-10",
            "price": "52.87",
            "revenue": 1560936
        },
        "2009-11": {
            "month": "2009-11",
            "price": "52.14",
            "revenue": 1407234
        },
        "2009-12": {
            "month": "2009-12",
            "price": "53.46",
            "revenue": 1058262
        },
        "2010-01": {
            "month": "2010-01",
            "price": "55.08",
            "revenue": 1107270
        },
        "2010-02": {
            "month": "2010-02",
            "price": "49.35",
            "revenue": 977697
        },
        "2010-03": {
            "month": "2010-03",
            "price": "51.26",
            "revenue": 1171306
        },
        "2010-04": {
            "month": "2010-04",
            "price": "53.14",
            "revenue": 1202082
        },
        "2010-05": {
            "month": "2010-05",
            "price": "47.95",
            "revenue": 1245785
        },
        "2010-06": {
            "month": "2010-06",
            "price": "47.48",
            "revenue": 1265846
        },
        "2010-07": {
            "month": "2010-07",
            "price": "50.51",
            "revenue": 1475917
        },
        "2010-08": {
            "month": "2010-08",
            "price": "50.56",
            "revenue": 1504647
        },
        "2010-09": {
            "month": "2010-09",
            "price": "47.25",
            "revenue": 1459664
        },
        "2010-10": {
            "month": "2010-10",
            "price": "46.23",
            "revenue": 1463172
        },
        "2010-11": {
            "month": "2010-11",
            "price": "45.85",
            "revenue": 1459137
        },
        "2010-12": {
            "month": "2010-12",
            "price": "47.09",
            "revenue": 1273058
        },
        "2011-01": {
            "month": "2011-01",
            "price": "44.90",
            "revenue": 1200841
        },
        "2011-02": {
            "month": "2011-02",
            "price": "40.50",
            "revenue": 1108759
        },
        "2011-03": {
            "month": "2011-03",
            "price": "35.92",
            "revenue": 1381723
        },
        "2011-04": {
            "month": "2011-04",
            "price": "37.71",
            "revenue": 1325853
        },
        "2011-05": {
            "month": "2011-05",
            "price": "35.99",
            "revenue": 1233396
        },
        "2011-06": {
            "month": "2011-06",
            "price": "32.05",
            "revenue": 1234267
        },
        "2011-07": {
            "month": "2011-07",
            "price": "34.28",
            "revenue": 1408397
        },
        "2011-08": {
            "month": "2011-08",
            "price": "35.26",
            "revenue": 1420756
        },
        "2011-09": {
            "month": "2011-09",
            "price": "32.43",
            "revenue": 1410198
        },
        "2011-10": {
            "month": "2011-10",
            "price": "30.66",
            "revenue": 1344850
        },
        "2011-11": {
            "month": "2011-11",
            "price": "29.01",
            "revenue": 1269001
        },
        "2011-12": {
            "month": "2011-12",
            "price": "23.55",
            "revenue": 1266695
        },
        "2012-01": {
            "month": "2012-01",
            "price": "24.05",
            "revenue": 1077420
        },
        "2012-02": {
            "month": "2012-02",
            "price": "30.53",
            "revenue": 927190
        },
        "2012-03": {
            "month": "2012-03",
            "price": "29.72",
            "revenue": 1100938
        },
        "2012-04": {
            "month": "2012-04",
            "price": "25.55",
            "revenue": 1510532
        },
        "2012-05": {
            "month": "2012-05",
            "price": "26.78",
            "revenue": 1170136
        },
        "2012-06": {
            "month": "2012-06",
            "price": "27.73",
            "revenue": 1402737
        },
        "2012-07": {
            "month": "2012-07",
            "price": "29.82",
            "revenue": 1298658
        },
        "2012-08": {
            "month": "2012-08",
            "price": "30.22",
            "revenue": 1411554
        },
        "2012-09": {
            "month": "2012-09",
            "price": "30.17",
            "revenue": 1546185
        },
        "2012-10": {
            "month": "2012-10",
            "price": "27.13",
            "revenue": 1499020
        },
        "2012-11": {
            "month": "2012-11",
            "price": "25.37",
            "revenue": 1646155
        },
        "2012-12": {
            "month": "2012-12",
            "price": "26.72",
            "revenue": 1359435
        },
        "2013-01": {
            "month": "2013-01",
            "price": "27.95",
            "revenue": 1206179
        },
        "2013-02": {
            "month": "2013-02",
            "price": "26.40",
            "revenue": 756804
        },
        "2013-03": {
            "month": "2013-03",
            "price": "24.84",
            "revenue": 994004
        },
        "2013-04": {
            "month": "2013-04",
            "price": "23.21",
            "revenue": 1022625
        },
        "2013-05": {
            "month": "2013-05",
            "price": "23.83",
            "revenue": 1218771
        },
        "2013-06": {
            "month": "2013-06",
            "price": "23.41",
            "revenue": 1306302
        },
        "2013-07": {
            "month": "2013-07",
            "price": "24.03",
            "revenue": 1309715
        },
        "2013-08": {
            "month": "2013-08",
            "price": "24.23",
            "revenue": 1305809
        },
        "2013-09": {
            "month": "2013-09",
            "price": "24.50",
            "revenue": 1675303
        },
        "2013-10": {
            "month": "2013-10",
            "price": "23.93",
            "revenue": 1788835
        },
        "2013-11": {
            "month": "2013-11",
            "price": "22.20",
            "revenue": 1386684
        },
        "2013-12": {
            "month": "2013-12",
            "price": "22.49",
            "revenue": 1521966
        },
        "2014-01": {
            "month": "2014-01",
            "price": "23.44",
            "revenue": 1118002
        },
        "2014-02": {
            "month": "2014-02",
            "price": "22.63",
            "revenue": 1072801
        },
        "2014-03": {
            "month": "2014-03",
            "price": "22.65",
            "revenue": 1236882
        },
        "2014-04": {
            "month": "2014-04",
            "price": "22.70",
            "revenue": 1347550
        },
        "2014-05": {
            "month": "2014-05",
            "price": "22.10",
            "revenue": 1332918
        },
        "2014-06": {
            "month": "2014-06",
            "price": "21.95",
            "revenue": 1473975
        },
        "2014-07": {
            "month": "2014-07",
            "price": "22.35",
            "revenue": 1504581
        },
        "2014-08": {
            "month": "2014-08",
            "price": "21.49",
            "revenue": 1718872
        },
        "2014-09": {
            "month": "2014-09",
            "price": "21.19",
            "revenue": 1664164
        },
        "2014-10": {
            "month": "2014-10",
            "price": "18.49",
            "revenue": 1509273
        },
        "2014-11": {
            "month": "2014-11",
            "price": "18.51",
            "revenue": 1516736
        },
        "2014-12": {
            "month": "2014-12",
            "price": "18.57",
            "revenue": 1589459
        },
        "2015-01": {
            "month": "2015-01",
            "price": "19.00",
            "revenue": 1139624
        },
        "2015-02": {
            "month": "2015-02",
            "price": "18.11",
            "revenue": 836601
        },
        "2015-03": {
            "month": "2015-03",
            "price": "18.48",
            "revenue": 1439017
        },
        "2015-04": {
            "month": "2015-04",
            "price": "18.44",
            "revenue": 1570574
        },
        "2015-05": {
            "month": "2015-05",
            "price": "18.10",
            "revenue": 1673959
        },
        "2015-06": {
            "month": "2015-06",
            "price": "14.35",
            "revenue": 1631136
        },
        "2015-07": {
            "month": "2015-07",
            "price": "14.41",
            "revenue": 1536827
        },
        "2015-08": {
            "month": "2015-08",
            "price": "12.47",
            "revenue": 1715350
        },
        "2015-09": {
            "month": "2015-09",
            "price": "11.74",
            "revenue": 2187852
        },
        "2015-10": {
            "month": "2015-10",
            "price": "13.05",
            "revenue": 1982943
        },
        "2015-11": {
            "month": "2015-11",
            "price": "14.10",
            "revenue": 1637016
        },
        "2015-12": {
            "month": "2015-12",
            "price": "13.43",
            "revenue": 1594557
        },
        "2016-01": {
            "month": "2016-01",
            "price": "11.73",
            "revenue": 1203513
        },
        "2016-02": {
            "month": "2016-02",
            "price": "12.28",
            "revenue": 880442
        },
        "2016-03": {
            "month": "2016-03",
            "price": "13.48",
            "revenue": 1269470
        },
        "2016-04": {
            "month": "2016-04",
            "price": "12.33",
            "revenue": 1413215
        },
        "2016-05": {
            "month": "2016-05",
            "price": "11.41",
            "revenue": 1372101
        },
        "2016-06": {
            "month": "2016-06",
            "price": "11.99",
            "revenue": 1593914
        },
        "2016-07": {
            "month": "2016-07",
            "price": "13.40",
            "revenue": 1540964
        },
        "2016-08": {
            "month": "2016-08",
            "price": "19.78",
            "revenue": 1605971
        },
        "2016-09": {
            "month": "2016-09",
            "price": "26.51",
            "revenue": 1700512
        },
        "2016-10": {
            "month": "2016-10",
            "price": "28.88",
            "revenue": 1875090
        },
        "2016-11": {
            "month": "2016-11",
            "price": "25.22",
            "revenue": 1936865
        },
        "2016-12": {
            "month": "2016-12",
            "price": "24.53",
            "revenue": 2441043
        },
        "2017-01": {
            "month": "2017-01",
            "price": "25.20",
            "revenue": 1571084
        },
        "2017-02": {
            "month": "2017-02",
            "price": "27.20",
            "revenue": 1702791
        },
        "2017-03": {
            "month": "2017-03",
            "price": "29.24",
            "revenue": 1908920
        },
        "2017-04": {
            "month": "2017-04",
            "price": "28.44",
            "revenue": 1868098
        },
        "2017-05": {
            "month": "2017-05",
            "price": "27.46",
            "revenue": 1924838
        },
        "2017-06": {
            "month": "2017-06",
            "price": "27.18",
            "revenue": 2369855
        },
        "2017-07": {
            "month": "2017-07",
            "price": "27.64",
            "revenue": 2523427
        },
        "2017-08": {
            "month": "2017-08",
            "price": "28.12",
            "revenue": 2532770
        },
        "2017-09": {
            "month": "2017-09",
            "price": "26.70",
            "revenue": 2493012
        },
        "2017-10": {
            "month": "2017-10",
            "price": "25.07",
            "revenue": 2448634
        },
        "2017-11": {
            "month": "2017-11",
            "price": "26.02",
            "revenue": 2452515
        },
        "2017-12": {
            "month": "2017-12",
            "price": "25.70",
            "revenue": 2451315
        },
        "2018-01": {
            "month": "2018-01",
            "price": "25.73",
            "revenue": 2002758
        },
        "2018-02": {
            "month": "2018-02",
            "price": "22.63",
            "revenue": 1628856
        },
        "2018-03": {
            "month": "2018-03",
            "price": "22.44",
            "revenue": 2049673
        },
        "2018-04": {
            "month": "2018-04",
            "price": "20.38",
            "revenue": 2060711
        },
        "2018-05": {
            "month": "2018-05",
            "price": "20.95",
            "revenue": 2254190
        },
        "2018-06": {
            "month": "2018-06",
            "price": "22.43",
            "revenue": 2259844
        },
        "2018-07": {
            "month": "2018-07",
            "price": "20.79",
            "revenue": 2388419
        },
        "2018-08": {
            "month": "2018-08",
            "price": "20.95",
            "revenue": 2616614
        },
        "2018-09": {
            "month": "2018-09",
            "price": "21.80",
            "revenue": 2593156
        },
        "2018-10": {
            "month": "2018-10",
            "price": "18.72",
            "revenue": 2529947
        },
        "2018-11": {
            "month": "2018-11",
            "price": "18.95",
            "revenue": 2431175
        },
        "2018-12": {
            "month": "2018-12",
            "price": "19.99",
            "revenue": 2353341
        },
        "2019-01": {
            "month": "2019-01",
            "price": "19.07",
            "revenue": 1990528
        },
        "2019-02": {
            "month": "2019-02",
            "price": "20.59",
            "revenue": 1458865
        },
        "2019-03": {
            "month": "2019-03",
            "price": "22.36",
            "revenue": 2048186
        },
        "2019-04": {
            "month": "2019-04",
            "price": "26.16",
            "revenue": 2110653
        },
        "2019-05": {
            "month": "2019-05",
            "price": "24.61",
            "revenue": 2298736
        },
        "2019-06": {
            "month": "2019-06",
            "price": "23.75",
            "revenue": 2245466
        },
        "2019-07": {
            "month": "2019-07",
            "price": "24.40",
            "revenue": 2438459
        },
        "2019-08": {
            "month": "2019-08",
            "price": "23.64",
            "revenue": 2349797
        },
        "2019-09": {
            "month": "2019-09",
            "price": "24.32",
            "revenue": 2404163
        },
        "2019-10": {
            "month": "2019-10",
            "price": "23.47",
            "revenue": 2066149
        },
        "2019-11": {
            "month": "2019-11",
            "price": "24.14",
            "revenue": 2031686
        },
        "2019-12": {
            "month": "2019-12",
            "price": "23.91",
            "revenue": 2163210
        },
        "2020-01": {
            "month": "2020-01",
            "price": "22.47",
            "revenue": 1624049
        },
        "2020-02": {
            "month": "2020-02",
            "price": "20.34",
            "revenue": 1385378
        },
        "2020-03": {
            "month": "2020-03",
            "price": "17.38",
            "revenue": 1699420
        },
        "2020-04": {
            "month": "2020-04",
            "price": "18.14",
            "revenue": 1766744
        },
        "2020-05": {
            "month": "2020-05",
            "price": "18.41",
            "revenue": 1614176
        },
        "2020-06": {
            "month": "2020-06",
            "price": "18.22",
            "revenue": 1570275
        },
        "2020-07": {
            "month": "2020-07",
            "price": "18.37",
            "revenue": 1785353
        },
        "2020-08": {
            "month": "2020-08",
            "price": "18.40",
            "revenue": 1815790
        },
        "2020-09": {
            "month": "2020-09",
            "price": "17.85",
            "revenue": 1817219
        },
        "2020-10": {
            "month": "2020-10",
            "price": "17.52",
            "revenue": 1798197
        },
        "2020-11": {
            "month": "2020-11",
            "price": "19.11",
            "revenue": 1770063
        },
        "2020-12": {
            "month": "2020-12",
            "price": "22.55",
            "revenue": 1932240
        },
        "2021-01": {
            "month": "2021-01",
            "price": "37.79",
            "revenue": 1676126
        },
        "2021-02": {
            "month": "2021-02",
            "price": "41.28",
            "revenue": 1339421
        },
        "2021-03": {
            "month": "2021-03",
            "price": "43.80",
            "revenue": 1769020
        },
        "2021-04": {
            "month": "2021-04",
            "price": "43.51",
            "revenue": 1644004
        },
        "2021-05": {
            "month": "2021-05",
            "price": "37.73",
            "revenue": 1687851
        },
        "2021-06": {
            "month": "2021-06",
            "price": "39.97",
            "revenue": 1886408
        },
        "2021-07": {
            "month": "2021-07",
            "price": "41.00",
            "revenue": 1968621
        },
        "2021-08": {
            "month": "2021-08",
            "price": "39.87",
            "revenue": 2132625
        },
        "2021-09": {
            "month": "2021-09",
            "price": "38.16",
            "revenue": 2813299
        },
        "2021-10": {
            "month": "2021-10",
            "price": "40.50",
            "revenue": 2206206
        },
        "2021-11": {
            "month": "2021-11",
            "price": "39.89",
            "revenue": 2436099
        },
        "2021-12": {
            "month": "2021-12",
            "price": "39.00",
            "revenue": 2675530
        },
        "2022-01": {
            "month": "2022-01",
            "price": "37.81",
            "revenue": 2266998
        },
        "2022-02": {
            "month": "2022-02",
            "price": "37.87",
            "revenue": 1608609
        },
        "2022-03": {
            "month": "2022-03",
            "price": "37.58",
            "revenue": 2088520
        },
        "2022-04": {
            "month": "2022-04",
            "price": "36.64",
            "revenue": 1901557
        },
        "2022-05": {
            "month": "2022-05",
            "price": "35.49",
            "revenue": 2149666
        },
        "2022-06": {
            "month": "2022-06",
            "price": "38.39",
            "revenue": 2153226
        },
        "2022-07": {
            "month": "2022-07",
            "price": "34.08",
            "revenue": 1885425
        },
        "2022-08": {
            "month": "2022-08",
            "price": "35.26",
            "revenue": 2177265
        },
        "2022-09": {
            "month": "2022-09",
            "price": "33.84",
            "revenue": 2434925
        },
        "2022-10": {
            "month": "2022-10",
            "price": "32.69",
            "revenue": 2346423
        },
        "2022-11": {
            "month": "2022-11",
            "price": "33.62",
            "revenue": 2827859
        },
        "2022-12": {
            "month": "2022-12",
            "price": "38.45",
            "revenue": 2430121
        },
        "2023-01": {
            "month": "2023-01",
            "price": "37.35",
            "revenue": 1930740
        },
        "2023-02": {
            "month": "2023-02",
            "price": "39.04",
            "revenue": 2066894
        },
        "2023-03": {
            "month": "2023-03",
            "price": "38.66",
            "revenue": 2018483
        },
        "2023-04": {
            "month": "2023-04",
            "price": "38.36",
            "revenue": 1809334
        },
        "2023-05": {
            "month": "2023-05",
            "price": "37.88",
            "revenue": 2061556
        },
        "2023-06": {
            "month": "2023-06",
            "price": "41.00",
            "revenue": 2375504
        },
        "2023-07": {
            "month": "2023-07",
            "price": "41.88",
            "revenue": 2072026
        },
        "2023-08": {
            "month": "2023-08",
            "price": "38.99",
            "revenue": 2445292
        },
        "2023-09": {
            "month": "2023-09",
            "price": "37.73",
            "revenue": 2387420
        },
        "2023-10": {
            "month": "2023-10",
            "price": "35.95",
            "revenue": 1972374
        },
        "2023-11": {
            "month": "2023-11",
            "price": "34.93",
            "revenue": 2254874
        }
    }
}
