{
    "summary": {
        "stock_name": "華泰",
        "stock_id": "2329",
        "category": "半導體",
        "main_business": "積體電路、各種半導體零組件、各種電子、電腦及通訊線路板<br>電腦及通訊產品之硬體、軟體、系統及其週邊設備<br>前各項產品研究發展、設計、製造、裝配、加工、測試及售後服務",
        "website_url": "http://www.ose.com.tw",
        "ceo": "涂家榮",
        "pe_ratio": 9,
        "report_year_from": 2001,
        "report_year_to": 2023,
        "age": 22,
        "eps_negative_percentage": 61,
        "eps_growth_avg": {
            "last_all": -59.25,
            "last_2y": -60.33,
            "last_4y": -60.33,
            "last_8y": -42.95,
            "last_12y": -52.45,
            "last_16y": -59.25,
            "last_20y": -59.25,
            "at_2006_last_3y": null,
            "at_2007_last_3y": null,
            "at_2008_last_3y": null,
            "at_2009_last_3y": -100,
            "at_2010_last_3y": -100,
            "at_2011_last_3y": -100,
            "at_2012_last_3y": -100,
            "at_2013_last_3y": -100,
            "at_2014_last_3y": -100,
            "at_2015_last_3y": -21.08,
            "at_2016_last_3y": -31.36,
            "at_2017_last_3y": -31.36,
            "at_2018_last_3y": -31.36,
            "at_2019_last_3y": -75.95,
            "at_2020_last_3y": -100,
            "at_2021_last_3y": -100,
            "at_2022_last_3y": -60.33,
            "at_2023_last_3y": -60.33,
            "at_2006_last_all": null,
            "at_2007_last_all": null,
            "at_2008_last_all": null,
            "at_2009_last_all": -100,
            "at_2010_last_all": -100,
            "at_2011_last_all": -100,
            "at_2012_last_all": -100,
            "at_2013_last_all": -100,
            "at_2014_last_all": -100,
            "at_2015_last_all": -47.39,
            "at_2016_last_all": -48.52,
            "at_2017_last_all": -58.82,
            "at_2018_last_all": -58.82,
            "at_2019_last_all": -58.82,
            "at_2020_last_all": -65.68,
            "at_2021_last_all": -65.68,
            "at_2022_last_all": -59.25,
            "at_2023_last_all": -59.25
        },
        "latest_eps": 2.27,
        "latest_price": 19.8,
        "latest_roe": 12.93,
        "latest_gross_margin": 9.88,
        "latest_equity": 10147440,
        "latest_revenue": 3253411,
        "latest_gross_profit": 321407,
        "latest_net_income": 179721,
        "latest_debt_ratio": 37.33,
        "latest_current_ratio": 235.11,
        "latest_account_receivable_turnover_ratio": 1.08,
        "latest_inventory_turnover_ratio": 1.76,
        "latest_reinvestment_rate": -64.1,
        "latest_research_to_sale_ratio": 2.69
    },
    "eps_dividends": {
        "1993": {
            "cash": 0,
            "stock": 2,
            "eps": 0
        },
        "1994": {
            "cash": 0,
            "stock": 2,
            "eps": 0
        },
        "1995": {
            "cash": 0,
            "stock": 3,
            "eps": 0
        },
        "1996": {
            "cash": 0,
            "stock": 3,
            "eps": 0
        },
        "1997": {
            "cash": 0,
            "stock": 4,
            "eps": 0
        },
        "1998": {
            "cash": 0,
            "stock": 4,
            "eps": 0
        },
        "2000": {
            "cash": 0,
            "stock": 2,
            "eps": 0
        },
        "2001": {
            "cash": 0,
            "stock": 1,
            "eps": -3.08
        },
        "2002": {
            "cash": 0,
            "stock": 0,
            "eps": -3.22
        },
        "2003": {
            "cash": 0,
            "stock": 0,
            "eps": -2.8
        },
        "2004": {
            "cash": 0,
            "stock": 0,
            "eps": -3.14
        },
        "2005": {
            "cash": 0,
            "stock": 0,
            "eps": -0.96
        },
        "2006": {
            "cash": 0,
            "stock": 0,
            "eps": -0.2
        },
        "2007": {
            "cash": 0,
            "stock": 0,
            "eps": -0.68
        },
        "2008": {
            "cash": 0,
            "stock": 0,
            "eps": 0.1
        },
        "2009": {
            "cash": 0,
            "stock": 0,
            "eps": -2.18
        },
        "2010": {
            "cash": 0,
            "stock": 0,
            "eps": -0.32
        },
        "2011": {
            "cash": 0,
            "stock": 0,
            "eps": -0.67
        },
        "2012": {
            "cash": 0,
            "stock": 0,
            "eps": 0.01
        },
        "2013": {
            "cash": 0,
            "stock": 0,
            "eps": -0.35
        },
        "2014": {
            "cash": 0,
            "stock": 0,
            "eps": 0.83
        },
        "2015": {
            "cash": 0,
            "stock": 0,
            "eps": 1.31
        },
        "2016": {
            "cash": 0,
            "stock": 0,
            "eps": 0.63
        },
        "2017": {
            "cash": 0,
            "stock": 0,
            "eps": -0.88
        },
        "2018": {
            "cash": 0,
            "stock": 0,
            "eps": -0.13
        },
        "2019": {
            "cash": 0,
            "stock": 0,
            "eps": 1.06
        },
        "2020": {
            "cash": 0,
            "stock": 0,
            "eps": -0.48
        },
        "2021": {
            "cash": 0,
            "stock": 0,
            "eps": 2.76
        },
        "2022": {
            "cash": 1,
            "stock": 0,
            "eps": 2.19
        },
        "2023": {
            "cash": 1,
            "stock": 0,
            "eps": 0.25
        }
    },
    "dividends": {
        "1993-05-29": {
            "cash": 0,
            "stock": 2
        },
        "1994-06-11": {
            "cash": 0,
            "stock": 1.9
        },
        "1995-06-10": {
            "cash": 0,
            "stock": 2.5
        },
        "1996-05-20": {
            "cash": 0,
            "stock": 3
        },
        "1997-05-22": {
            "cash": 0,
            "stock": 3.8
        },
        "1998-05-22": {
            "cash": 0,
            "stock": 3.75
        },
        "2000-06-14": {
            "cash": 0,
            "stock": 1.95
        },
        "2001-06-19": {
            "cash": 0,
            "stock": 1
        },
        "2020-09-30": {
            "cash": 0.15,
            "stock": 0
        },
        "2022-08-18": {
            "cash": 1,
            "stock": 0
        },
        "2023-04-26": {
            "cash": 0.85,
            "stock": 0
        }
    },
    "prices": {
        "200101": "10.89",
        "200102": "14.03",
        "200103": "13.63",
        "200104": "15.96",
        "200105": "13.12",
        "200106": "12.08",
        "200107": "8.35",
        "200108": "8.56",
        "200109": "7.04",
        "200110": "6.07",
        "200111": "7.34",
        "200112": "10.78",
        "200201": "11.76",
        "200202": "10.37",
        "200203": "12.17",
        "200204": "14.55",
        "200205": "14.13",
        "200206": "12.27",
        "200207": "9.96",
        "200208": "9.43",
        "200209": "7.78",
        "200210": "5.46",
        "200211": "6.50",
        "200212": "5.92",
        "200301": "6.28",
        "200302": "5.66",
        "200303": "5.53",
        "200304": "4.96",
        "200305": "3.41",
        "200306": "5.41",
        "200307": "7.24",
        "200308": "6.56",
        "200309": "6.10",
        "200310": "6.51",
        "200311": "6.60",
        "200312": "6.35",
        "200401": "6.88",
        "200402": "7.04",
        "200403": "7.51",
        "200404": "8.90",
        "200405": "4.47",
        "200406": "2.91",
        "200407": "2.26",
        "200408": "2.16",
        "200409": "1.88",
        "200410": "2.00",
        "200411": "4.29",
        "200412": "3.32",
        "200501": "3.11",
        "200502": "3.25",
        "200503": "3.18",
        "200504": "2.85",
        "200505": "2.67",
        "200506": "3.41",
        "200507": "5.20",
        "200508": "4.59",
        "200509": "4.16",
        "200510": "3.95",
        "200511": "4.20",
        "200512": "4.83",
        "200601": "4.61",
        "200602": "4.22",
        "200603": "3.87",
        "200604": "4.07",
        "200605": "4.23",
        "200606": "3.79",
        "200607": "3.47",
        "200608": "3.24",
        "200609": "2.99",
        "200610": "3.35",
        "200611": "4.38",
        "200612": "6.26",
        "200701": "7.56",
        "200702": "7.81",
        "200703": "9.60",
        "200704": "11.78",
        "200705": "11.43",
        "200706": "12.10",
        "200707": "15.37",
        "200708": "12.48",
        "200709": "11.14",
        "200710": "11.38",
        "200711": "9.21",
        "200712": "7.84",
        "200801": "6.96",
        "200802": "6.60",
        "200803": "7.88",
        "200804": "7.80",
        "200805": "6.56",
        "200806": "5.71",
        "200807": "4.38",
        "200808": "5.62",
        "200809": "4.16",
        "200810": "3.56",
        "200811": "2.98",
        "200812": "2.87",
        "200901": "2.87",
        "200902": "2.98",
        "200903": "4.88",
        "200904": "5.31",
        "200905": "4.98",
        "200906": "4.79",
        "200907": "4.77",
        "200908": "4.71",
        "200909": "4.81",
        "200910": "5.27",
        "200911": "6.80",
        "200912": "9.43",
        "201001": "10.62",
        "201002": "8.65",
        "201003": "9.35",
        "201004": "10.08",
        "201005": "8.35",
        "201006": "8.64",
        "201007": "8.50",
        "201008": "9.01",
        "201009": "8.58",
        "201010": "8.04",
        "201011": "7.08",
        "201012": "7.98",
        "201101": "8.60",
        "201102": "8.03",
        "201103": "7.09",
        "201104": "6.75",
        "201105": "7.15",
        "201106": "7.05",
        "201107": "6.80",
        "201108": "6.36",
        "201109": "5.44",
        "201110": "4.24",
        "201111": "4.54",
        "201112": "4.23",
        "201201": "4.17",
        "201202": "5.14",
        "201203": "5.00",
        "201204": "4.55",
        "201205": "4.39",
        "201206": "4.04",
        "201207": "4.06",
        "201208": "4.22",
        "201209": "4.41",
        "201210": "4.16",
        "201211": "4.03",
        "201212": "4.04",
        "201301": "3.98",
        "201302": "3.94",
        "201303": "3.98",
        "201304": "4.41",
        "201305": "5.83",
        "201306": "5.05",
        "201307": "4.86",
        "201308": "5.15",
        "201309": "5.18",
        "201310": "5.16",
        "201311": "4.98",
        "201312": "5.13",
        "201401": "6.18",
        "201402": "6.77",
        "201403": "8.25",
        "201404": "8.98",
        "201405": "8.17",
        "201406": "8.99",
        "201407": "12.13",
        "201408": "13.15",
        "201409": "12.89",
        "201410": "11.71",
        "201411": "12.30",
        "201412": "12.99",
        "201501": "13.80",
        "201502": "13.68",
        "201503": "15.41",
        "201504": "15.43",
        "201505": "14.90",
        "201506": "13.33",
        "201507": "11.97",
        "201508": "11.01",
        "201509": "11.34",
        "201510": "11.85",
        "201511": "11.87",
        "201512": "11.54",
        "201601": "10.93",
        "201602": "11.54",
        "201603": "12.70",
        "201604": "12.69",
        "201605": "12.19",
        "201606": "12.46",
        "201607": "12.62",
        "201608": "13.58",
        "201609": "13.03",
        "201610": "11.80",
        "201611": "10.96",
        "201612": "11.10",
        "201701": "11.14",
        "201702": "11.34",
        "201703": "10.73",
        "201704": "9.98",
        "201705": "9.70",
        "201706": "8.60",
        "201707": "8.64",
        "201708": "8.33",
        "201709": "9.27",
        "201710": "9.27",
        "201711": "9.74",
        "201712": "9.61",
        "201801": "9.26",
        "201802": "8.61",
        "201803": "8.80",
        "201804": "8.53",
        "201805": "8.19",
        "201806": "10.12",
        "201807": "10.52",
        "201808": "10.40",
        "201809": "10.20",
        "201810": "8.91",
        "201811": "7.59",
        "201812": "12.28",
        "201901": "12.22",
        "201902": "13.75",
        "201903": "14.69",
        "201904": "16.38",
        "201905": "14.39",
        "201906": "14.44",
        "201907": "15.24",
        "201908": "17.12",
        "201909": "18.27",
        "201910": "16.53",
        "201911": "15.60",
        "201912": "15.16",
        "202001": "14.77",
        "202002": "13.12",
        "202003": "10.58",
        "202004": "11.05",
        "202005": "11.77",
        "202006": "11.90",
        "202007": "11.87",
        "202008": "11.35",
        "202009": "10.73",
        "202010": "11.22",
        "202011": "11.79",
        "202012": "14.75",
        "202101": "15.85",
        "202102": "16.34",
        "202103": "16.47",
        "202104": "17.71",
        "202105": "16.58",
        "202106": "20.21",
        "202107": "22.77",
        "202108": "28.04",
        "202109": "27.14",
        "202110": "24.14",
        "202111": "25.14",
        "202112": "25.83",
        "202201": "24.41",
        "202202": "23.46",
        "202203": "22.35",
        "202204": "20.07",
        "202205": "20.17",
        "202206": "18.66",
        "202207": "15.84",
        "202208": "17.48",
        "202209": "17.22",
        "202210": "15.99",
        "202211": "18.00",
        "202212": "18.18",
        "202301": "18.00",
        "202302": "19.52",
        "202303": "20.17",
        "202304": "20.72",
        "202305": "19.29"
    },
    "quarters": {
        "20011": {
            "year_quarter": 20011,
            "year": 2001,
            "quarter": 1,
            "eps": 0.03,
            "eps_growth_year": -88.46,
            "eps_4q": -0.08,
            "eps_4q_growth_year": -104.08,
            "roe": 0.22,
            "roe_4q": 0.22,
            "gross_profit": -251924,
            "gross_margin": -10.54,
            "gross_margin_4q_avg": -10.54,
            "net_income": 30545,
            "revenue": 2390857,
            "common_shares": 9931428,
            "book_valuer_per_share": 14.24,
            "book_valuer_per_share_4q_avg": 14.24,
            "equity": 14139566,
            "current_ratio": 65.73,
            "debt_ratio": 53.17,
            "inventory_turnover_ratio": 1.64,
            "account_receivable_turnover_ratio": null,
            "reinvestment_rate": null,
            "research_to_sale_ratio": null,
            "price_fair": 0,
            "eps_avg_yearly": 0,
            "eps_latest_yearly": 0,
            "eps_growth_yearly": 0
        },
        "20012": {
            "year_quarter": 20012,
            "year": 2001,
            "quarter": 2,
            "eps": -1.11,
            "eps_growth_year": -384.62,
            "eps_4q": -1.5,
            "eps_4q_growth_year": -181.25,
            "roe": -7.94,
            "roe_4q": -7.720000000000001,
            "gross_profit": -422058,
            "gross_margin": -16.07,
            "gross_margin_4q_avg": -13.31,
            "net_income": -1086385,
            "revenue": 2626588,
            "common_shares": 9931428,
            "book_valuer_per_share": 13.3,
            "book_valuer_per_share_4q_avg": 13.77,
            "equity": 13212292,
            "current_ratio": 56.42,
            "debt_ratio": 56,
            "inventory_turnover_ratio": 2.44,
            "account_receivable_turnover_ratio": null,
            "reinvestment_rate": null,
            "research_to_sale_ratio": null,
            "price_fair": 0,
            "eps_avg_yearly": 0,
            "eps_latest_yearly": 0,
            "eps_growth_yearly": 0
        },
        "20013": {
            "year_quarter": 20013,
            "year": 2001,
            "quarter": 3,
            "eps": -0.76,
            "eps_growth_year": null,
            "eps_4q": -2.06,
            "eps_4q_growth_year": -236.33,
            "roe": -5.97,
            "roe_4q": -13.69,
            "gross_profit": -415634,
            "gross_margin": -15.08,
            "gross_margin_4q_avg": -13.9,
            "net_income": -815590,
            "revenue": 2755869,
            "common_shares": 10913826,
            "book_valuer_per_share": 12.91,
            "book_valuer_per_share_4q_avg": 13.48,
            "equity": 14094760,
            "current_ratio": 65.35,
            "debt_ratio": 53.16,
            "inventory_turnover_ratio": 2.89,
            "account_receivable_turnover_ratio": null,
            "reinvestment_rate": null,
            "research_to_sale_ratio": null,
            "price_fair": 0,
            "eps_avg_yearly": 0,
            "eps_latest_yearly": 0,
            "eps_growth_yearly": 0
        },
        "20014": {
            "year_quarter": 20014,
            "year": 2001,
            "quarter": 4,
            "eps": -1.24,
            "eps_growth_year": null,
            "eps_4q": -2.92,
            "eps_4q_growth_year": -2976.72,
            "roe": -9.79,
            "roe_4q": -23.48,
            "gross_profit": -312844,
            "gross_margin": -10.76,
            "gross_margin_4q_avg": -13.11,
            "net_income": -1318607,
            "revenue": 2908436,
            "common_shares": 10913826,
            "book_valuer_per_share": 11.77,
            "book_valuer_per_share_4q_avg": 13.06,
            "equity": 12849998,
            "current_ratio": 53.19,
            "debt_ratio": 58.48,
            "inventory_turnover_ratio": 2.99,
            "account_receivable_turnover_ratio": null,
            "reinvestment_rate": null,
            "research_to_sale_ratio": null,
            "price_fair": 0,
            "eps_avg_yearly": 0,
            "eps_latest_yearly": 0,
            "eps_growth_yearly": 0
        },
        "20021": {
            "year_quarter": 20021,
            "year": 2002,
            "quarter": 1,
            "eps": -0.83,
            "eps_growth_year": -2866.67,
            "eps_4q": -4.22,
            "eps_4q_growth_year": null,
            "roe": -6.34,
            "roe_4q": -30.04,
            "gross_profit": -417906,
            "gross_margin": -17.28,
            "gross_margin_4q_avg": -14.8,
            "net_income": -787756,
            "revenue": 2418090,
            "common_shares": 10913826,
            "book_valuer_per_share": 11,
            "book_valuer_per_share_4q_avg": 12.25,
            "equity": 12008893,
            "current_ratio": 55.25,
            "debt_ratio": 58.34,
            "inventory_turnover_ratio": 2.66,
            "account_receivable_turnover_ratio": null,
            "reinvestment_rate": null,
            "research_to_sale_ratio": null,
            "price_fair": 0,
            "eps_avg_yearly": 0,
            "eps_latest_yearly": 0,
            "eps_growth_yearly": 0
        },
        "20022": {
            "year_quarter": 20022,
            "year": 2002,
            "quarter": 2,
            "eps": -0.59,
            "eps_growth_year": null,
            "eps_4q": -3.24,
            "eps_4q_growth_year": null,
            "roe": -5.24,
            "roe_4q": -27.339999999999996,
            "gross_profit": -189453,
            "gross_margin": -5.54,
            "gross_margin_4q_avg": -12.17,
            "net_income": -611004,
            "revenue": 3422709,
            "common_shares": 10913826,
            "book_valuer_per_share": 10.38,
            "book_valuer_per_share_4q_avg": 11.52,
            "equity": 11323867,
            "current_ratio": 51.02,
            "debt_ratio": 60.52,
            "inventory_turnover_ratio": 3.33,
            "account_receivable_turnover_ratio": null,
            "reinvestment_rate": null,
            "research_to_sale_ratio": null,
            "price_fair": 0,
            "eps_avg_yearly": 0,
            "eps_latest_yearly": 0,
            "eps_growth_yearly": 0
        },
        "20023": {
            "year_quarter": 20023,
            "year": 2002,
            "quarter": 3,
            "eps": -0.9,
            "eps_growth_year": null,
            "eps_4q": -3.36,
            "eps_4q_growth_year": null,
            "roe": -8.75,
            "roe_4q": -30.119999999999997,
            "gross_profit": -274988,
            "gross_margin": -7.51,
            "gross_margin_4q_avg": -10.27,
            "net_income": -952293,
            "revenue": 3660218,
            "common_shares": 10913826,
            "book_valuer_per_share": 9.56,
            "book_valuer_per_share_4q_avg": 10.68,
            "equity": 10431284,
            "current_ratio": 43.22,
            "debt_ratio": 62.13,
            "inventory_turnover_ratio": 3.87,
            "account_receivable_turnover_ratio": null,
            "reinvestment_rate": null,
            "research_to_sale_ratio": null,
            "price_fair": 0,
            "eps_avg_yearly": 0,
            "eps_latest_yearly": 0,
            "eps_growth_yearly": 0
        },
        "20024": {
            "year_quarter": 20024,
            "year": 2002,
            "quarter": 4,
            "eps": -0.9,
            "eps_growth_year": null,
            "eps_4q": -3.13,
            "eps_4q_growth_year": null,
            "roe": -9.5,
            "roe_4q": -29.830000000000002,
            "gross_profit": -315170,
            "gross_margin": -9.64,
            "gross_margin_4q_avg": -9.99,
            "net_income": -948917,
            "revenue": 3270206,
            "common_shares": 10913826,
            "book_valuer_per_share": 8.71,
            "book_valuer_per_share_4q_avg": 9.91,
            "equity": 9538169,
            "current_ratio": 47.16,
            "debt_ratio": 66.16,
            "inventory_turnover_ratio": 3.82,
            "account_receivable_turnover_ratio": null,
            "reinvestment_rate": null,
            "research_to_sale_ratio": null,
            "price_fair": 0,
            "eps_avg_yearly": 0,
            "eps_latest_yearly": 0,
            "eps_growth_yearly": 0
        },
        "20031": {
            "year_quarter": 20031,
            "year": 2003,
            "quarter": 1,
            "eps": -0.87,
            "eps_growth_year": null,
            "eps_4q": -2.99,
            "eps_4q_growth_year": null,
            "roe": -10.76,
            "roe_4q": -34.25,
            "gross_profit": -383685,
            "gross_margin": -13.05,
            "gross_margin_4q_avg": -8.94,
            "net_income": -1029122,
            "revenue": 2940449,
            "common_shares": 13082589,
            "book_valuer_per_share": 7.33,
            "book_valuer_per_share_4q_avg": 9,
            "equity": 9587497,
            "current_ratio": 39.88,
            "debt_ratio": 65.4,
            "inventory_turnover_ratio": 3.65,
            "account_receivable_turnover_ratio": null,
            "reinvestment_rate": null,
            "research_to_sale_ratio": null,
            "price_fair": 0,
            "eps_avg_yearly": 0,
            "eps_latest_yearly": 0,
            "eps_growth_yearly": 0
        },
        "20032": {
            "year_quarter": 20032,
            "year": 2003,
            "quarter": 2,
            "eps": -0.69,
            "eps_growth_year": null,
            "eps_4q": -2.88,
            "eps_4q_growth_year": null,
            "roe": -9.17,
            "roe_4q": -38.18,
            "gross_profit": -382639,
            "gross_margin": -12.74,
            "gross_margin_4q_avg": -10.74,
            "net_income": -840241,
            "revenue": 3002602,
            "common_shares": 13082589,
            "book_valuer_per_share": 6.68,
            "book_valuer_per_share_4q_avg": 8.07,
            "equity": 8740900,
            "current_ratio": 48.39,
            "debt_ratio": 68.03,
            "inventory_turnover_ratio": 4.28,
            "account_receivable_turnover_ratio": null,
            "reinvestment_rate": null,
            "research_to_sale_ratio": null,
            "price_fair": 0,
            "eps_avg_yearly": 0,
            "eps_latest_yearly": 0,
            "eps_growth_yearly": 0
        },
        "20033": {
            "year_quarter": 20033,
            "year": 2003,
            "quarter": 3,
            "eps": -0.76,
            "eps_growth_year": null,
            "eps_4q": -2.59,
            "eps_4q_growth_year": null,
            "roe": -10.86,
            "roe_4q": -40.29,
            "gross_profit": -224719,
            "gross_margin": -6.36,
            "gross_margin_4q_avg": -10.45,
            "net_income": -942701,
            "revenue": 3533030,
            "common_shares": 14510426,
            "book_valuer_per_share": 5.95,
            "book_valuer_per_share_4q_avg": 7.17,
            "equity": 8627426,
            "current_ratio": 54.8,
            "debt_ratio": 67.55,
            "inventory_turnover_ratio": 4.06,
            "account_receivable_turnover_ratio": null,
            "reinvestment_rate": null,
            "research_to_sale_ratio": null,
            "price_fair": 0,
            "eps_avg_yearly": 0,
            "eps_latest_yearly": 0,
            "eps_growth_yearly": 0
        },
        "20034": {
            "year_quarter": 20034,
            "year": 2003,
            "quarter": 4,
            "eps": -0.48,
            "eps_growth_year": null,
            "eps_4q": -2.65,
            "eps_4q_growth_year": null,
            "roe": -7.25,
            "roe_4q": -38.04,
            "gross_profit": -220676,
            "gross_margin": -5.45,
            "gross_margin_4q_avg": -9.4,
            "net_income": -624091,
            "revenue": 4049449,
            "common_shares": 15549017,
            "book_valuer_per_share": 5.51,
            "book_valuer_per_share_4q_avg": 6.37,
            "equity": 8597033,
            "current_ratio": 56.39,
            "debt_ratio": 68.77,
            "inventory_turnover_ratio": 2.98,
            "account_receivable_turnover_ratio": null,
            "reinvestment_rate": null,
            "research_to_sale_ratio": null,
            "price_fair": 0,
            "eps_avg_yearly": 0,
            "eps_latest_yearly": 0,
            "eps_growth_yearly": 0
        },
        "20041": {
            "year_quarter": 20041,
            "year": 2004,
            "quarter": 1,
            "eps": -0.44,
            "eps_growth_year": null,
            "eps_4q": -2.04,
            "eps_4q_growth_year": null,
            "roe": -7.94,
            "roe_4q": -35.22,
            "gross_profit": -155839,
            "gross_margin": -4.08,
            "gross_margin_4q_avg": -7.16,
            "net_income": -660787,
            "revenue": 3817920,
            "common_shares": 15846245,
            "book_valuer_per_share": 5.08,
            "book_valuer_per_share_4q_avg": 5.81,
            "equity": 8053047,
            "current_ratio": 60.23,
            "debt_ratio": 67.76,
            "inventory_turnover_ratio": 2.53,
            "account_receivable_turnover_ratio": null,
            "reinvestment_rate": null,
            "research_to_sale_ratio": null,
            "price_fair": 0,
            "eps_avg_yearly": 0,
            "eps_latest_yearly": 0,
            "eps_growth_yearly": 0
        },
        "20042": {
            "year_quarter": 20042,
            "year": 2004,
            "quarter": 2,
            "eps": -0.49,
            "eps_growth_year": null,
            "eps_4q": -1.88,
            "eps_4q_growth_year": null,
            "roe": -9.78,
            "roe_4q": -35.83,
            "gross_profit": -50910,
            "gross_margin": -1.42,
            "gross_margin_4q_avg": -4.33,
            "net_income": -751573,
            "revenue": 3593544,
            "common_shares": 15846245,
            "book_valuer_per_share": 4.61,
            "book_valuer_per_share_4q_avg": 5.29,
            "equity": 7309244,
            "current_ratio": 50.33,
            "debt_ratio": 68.11,
            "inventory_turnover_ratio": 2.91,
            "account_receivable_turnover_ratio": null,
            "reinvestment_rate": null,
            "research_to_sale_ratio": null,
            "price_fair": 0,
            "eps_avg_yearly": 0,
            "eps_latest_yearly": 0,
            "eps_growth_yearly": 0
        },
        "20043": {
            "year_quarter": 20043,
            "year": 2004,
            "quarter": 3,
            "eps": -0.62,
            "eps_growth_year": null,
            "eps_4q": -2.91,
            "eps_4q_growth_year": null,
            "roe": -6.67,
            "roe_4q": -31.64,
            "gross_profit": -105720,
            "gross_margin": -3.51,
            "gross_margin_4q_avg": -3.62,
            "net_income": -472001,
            "revenue": 3010020,
            "common_shares": 8617141,
            "book_valuer_per_share": 7.94,
            "book_valuer_per_share_4q_avg": 5.79,
            "equity": 6843526,
            "current_ratio": 48.6,
            "debt_ratio": 68.91,
            "inventory_turnover_ratio": 3.03,
            "account_receivable_turnover_ratio": null,
            "reinvestment_rate": null,
            "research_to_sale_ratio": null,
            "price_fair": 0,
            "eps_avg_yearly": 0,
            "eps_latest_yearly": 0,
            "eps_growth_yearly": 0
        },
        "20044": {
            "year_quarter": 20044,
            "year": 2004,
            "quarter": 4,
            "eps": -1.59,
            "eps_growth_year": null,
            "eps_4q": -4.05,
            "eps_4q_growth_year": null,
            "roe": -21.81,
            "roe_4q": -46.199999999999996,
            "gross_profit": -216146,
            "gross_margin": -7.52,
            "gross_margin_4q_avg": -4.13,
            "net_income": -1348119,
            "revenue": 2873061,
            "common_shares": 8617141,
            "book_valuer_per_share": 6.33,
            "book_valuer_per_share_4q_avg": 5.99,
            "equity": 5516786,
            "current_ratio": 49.82,
            "debt_ratio": 74.52,
            "inventory_turnover_ratio": 3.14,
            "account_receivable_turnover_ratio": null,
            "reinvestment_rate": null,
            "research_to_sale_ratio": null,
            "price_fair": 0,
            "eps_avg_yearly": 0,
            "eps_latest_yearly": 0,
            "eps_growth_yearly": 0
        },
        "20051": {
            "year_quarter": 20051,
            "year": 2005,
            "quarter": 1,
            "eps": -0.62,
            "eps_growth_year": null,
            "eps_4q": -3.58,
            "eps_4q_growth_year": null,
            "roe": -10.28,
            "roe_4q": -48.54,
            "gross_profit": -233219,
            "gross_margin": -8.46,
            "gross_margin_4q_avg": -5.23,
            "net_income": -538172,
            "revenue": 2757811,
            "common_shares": 8617141,
            "book_valuer_per_share": 5.75,
            "book_valuer_per_share_4q_avg": 6.16,
            "equity": 4953306,
            "current_ratio": 57.39,
            "debt_ratio": 74.81,
            "inventory_turnover_ratio": 3.38,
            "account_receivable_turnover_ratio": null,
            "reinvestment_rate": null,
            "research_to_sale_ratio": null,
            "price_fair": 0,
            "eps_avg_yearly": 0,
            "eps_latest_yearly": 0,
            "eps_growth_yearly": 0
        },
        "20052": {
            "year_quarter": 20052,
            "year": 2005,
            "quarter": 2,
            "eps": -0.42,
            "eps_growth_year": null,
            "eps_4q": -3.16,
            "eps_4q_growth_year": null,
            "roe": -7.64,
            "roe_4q": -46.4,
            "gross_profit": -122074,
            "gross_margin": -4.07,
            "gross_margin_4q_avg": -5.89,
            "net_income": -364494,
            "revenue": 2996594,
            "common_shares": 8617141,
            "book_valuer_per_share": 5.33,
            "book_valuer_per_share_4q_avg": 6.34,
            "equity": 4594223,
            "current_ratio": 48.41,
            "debt_ratio": 75.76,
            "inventory_turnover_ratio": 4.24,
            "account_receivable_turnover_ratio": null,
            "reinvestment_rate": null,
            "research_to_sale_ratio": null,
            "price_fair": 0,
            "eps_avg_yearly": 0,
            "eps_latest_yearly": 0,
            "eps_growth_yearly": 0
        },
        "20053": {
            "year_quarter": 20053,
            "year": 2005,
            "quarter": 3,
            "eps": -0.23,
            "eps_growth_year": null,
            "eps_4q": -2.82,
            "eps_4q_growth_year": null,
            "roe": -4.47,
            "roe_4q": -44.2,
            "gross_profit": -47792,
            "gross_margin": -1.62,
            "gross_margin_4q_avg": -5.42,
            "net_income": -201290,
            "revenue": 2958628,
            "common_shares": 8688650,
            "book_valuer_per_share": 5.07,
            "book_valuer_per_share_4q_avg": 5.62,
            "equity": 4405164,
            "current_ratio": 51.15,
            "debt_ratio": 76.59,
            "inventory_turnover_ratio": 3.77,
            "account_receivable_turnover_ratio": null,
            "reinvestment_rate": null,
            "research_to_sale_ratio": null,
            "price_fair": 0,
            "eps_avg_yearly": 0,
            "eps_latest_yearly": 0,
            "eps_growth_yearly": 0
        },
        "20054": {
            "year_quarter": 20054,
            "year": 2005,
            "quarter": 4,
            "eps": 0.31,
            "eps_growth_year": null,
            "eps_4q": -0.98,
            "eps_4q_growth_year": null,
            "roe": 5.77,
            "roe_4q": -16.619999999999997,
            "gross_profit": 201967,
            "gross_margin": 7.47,
            "gross_margin_4q_avg": -1.67,
            "net_income": 264917,
            "revenue": 2704871,
            "common_shares": 8760158,
            "book_valuer_per_share": 5.24,
            "book_valuer_per_share_4q_avg": 5.35,
            "equity": 4770409,
            "current_ratio": 39.23,
            "debt_ratio": 75.09,
            "inventory_turnover_ratio": 2.61,
            "account_receivable_turnover_ratio": null,
            "reinvestment_rate": null,
            "research_to_sale_ratio": null,
            "price_fair": 0,
            "eps_avg_yearly": 0,
            "eps_latest_yearly": 0,
            "eps_growth_yearly": 0
        },
        "20061": {
            "year_quarter": 20061,
            "year": 2006,
            "quarter": 1,
            "eps": -0.17,
            "eps_growth_year": null,
            "eps_4q": -0.51,
            "eps_4q_growth_year": null,
            "roe": -3.23,
            "roe_4q": -9.57,
            "gross_profit": -36383,
            "gross_margin": -1.81,
            "gross_margin_4q_avg": -0.01,
            "net_income": -148613,
            "revenue": 2007925,
            "common_shares": 8760158,
            "book_valuer_per_share": 5.07,
            "book_valuer_per_share_4q_avg": 5.18,
            "equity": 4441296,
            "current_ratio": 72.27,
            "debt_ratio": 74.83,
            "inventory_turnover_ratio": 2.24,
            "account_receivable_turnover_ratio": null,
            "reinvestment_rate": null,
            "research_to_sale_ratio": null,
            "price_fair": 0,
            "eps_avg_yearly": 0,
            "eps_latest_yearly": 0,
            "eps_growth_yearly": 0
        },
        "20062": {
            "year_quarter": 20062,
            "year": 2006,
            "quarter": 2,
            "eps": -0.03,
            "eps_growth_year": null,
            "eps_4q": -0.13,
            "eps_4q_growth_year": null,
            "roe": -0.61,
            "roe_4q": -2.54,
            "gross_profit": -4370,
            "gross_margin": -0.23,
            "gross_margin_4q_avg": 0.95,
            "net_income": -26838,
            "revenue": 1868188,
            "common_shares": 8760158,
            "book_valuer_per_share": 5.03,
            "book_valuer_per_share_4q_avg": 5.1,
            "equity": 4403849,
            "current_ratio": 68.93,
            "debt_ratio": 74.67,
            "inventory_turnover_ratio": 2.44,
            "account_receivable_turnover_ratio": null,
            "reinvestment_rate": null,
            "research_to_sale_ratio": null,
            "price_fair": 0,
            "eps_avg_yearly": 0,
            "eps_latest_yearly": 0,
            "eps_growth_yearly": 0
        },
        "20063": {
            "year_quarter": 20063,
            "year": 2006,
            "quarter": 3,
            "eps": 0,
            "eps_growth_year": null,
            "eps_4q": 0.1,
            "eps_4q_growth_year": null,
            "roe": 0.05,
            "roe_4q": 1.9799999999999995,
            "gross_profit": 117407,
            "gross_margin": 5.62,
            "gross_margin_4q_avg": 2.76,
            "net_income": 2410,
            "revenue": 2089952,
            "common_shares": 8760158,
            "book_valuer_per_share": 5.01,
            "book_valuer_per_share_4q_avg": 5.09,
            "equity": 4389301,
            "current_ratio": 64.99,
            "debt_ratio": 74.87,
            "inventory_turnover_ratio": 2.58,
            "account_receivable_turnover_ratio": null,
            "reinvestment_rate": null,
            "research_to_sale_ratio": null,
            "price_fair": 0,
            "eps_avg_yearly": 0,
            "eps_latest_yearly": 0,
            "eps_growth_yearly": 0
        },
        "20064": {
            "year_quarter": 20064,
            "year": 2006,
            "quarter": 4,
            "eps": 0,
            "eps_growth_year": -100,
            "eps_4q": -0.21,
            "eps_4q_growth_year": null,
            "roe": -0.07,
            "roe_4q": -3.86,
            "gross_profit": 276284,
            "gross_margin": 12.59,
            "gross_margin_4q_avg": 4.04,
            "net_income": -3240,
            "revenue": 2193979,
            "common_shares": 8760158,
            "book_valuer_per_share": 5.02,
            "book_valuer_per_share_4q_avg": 5.03,
            "equity": 4441221,
            "current_ratio": 49.91,
            "debt_ratio": 75.11,
            "inventory_turnover_ratio": 2.15,
            "account_receivable_turnover_ratio": null,
            "reinvestment_rate": null,
            "research_to_sale_ratio": null,
            "price_fair": 0,
            "eps_avg_yearly": 0,
            "eps_latest_yearly": 0,
            "eps_growth_yearly": 0
        },
        "20071": {
            "year_quarter": 20071,
            "year": 2007,
            "quarter": 1,
            "eps": 0.09,
            "eps_growth_year": null,
            "eps_4q": 0.06,
            "eps_4q_growth_year": null,
            "roe": 1.71,
            "roe_4q": 1.08,
            "gross_profit": 278935,
            "gross_margin": 13.5,
            "gross_margin_4q_avg": 7.87,
            "net_income": 76323,
            "revenue": 2065655,
            "common_shares": 8760158,
            "book_valuer_per_share": 5.1,
            "book_valuer_per_share_4q_avg": 5.04,
            "equity": 4470357,
            "current_ratio": 62.08,
            "debt_ratio": 74.06,
            "inventory_turnover_ratio": 1.99,
            "account_receivable_turnover_ratio": null,
            "reinvestment_rate": null,
            "research_to_sale_ratio": null,
            "price_fair": 0,
            "eps_avg_yearly": 0,
            "eps_latest_yearly": 0,
            "eps_growth_yearly": 0
        },
        "20072": {
            "year_quarter": 20072,
            "year": 2007,
            "quarter": 2,
            "eps": -0.29,
            "eps_growth_year": null,
            "eps_4q": -0.18,
            "eps_4q_growth_year": null,
            "roe": -5.07,
            "roe_4q": -3.3800000000000003,
            "gross_profit": 95073,
            "gross_margin": 5.59,
            "gross_margin_4q_avg": 9.33,
            "net_income": -261874,
            "revenue": 1699865,
            "common_shares": 10560158,
            "book_valuer_per_share": 5.56,
            "book_valuer_per_share_4q_avg": 5.17,
            "equity": 5868116,
            "current_ratio": 52.2,
            "debt_ratio": 66.14,
            "inventory_turnover_ratio": 2.18,
            "account_receivable_turnover_ratio": null,
            "reinvestment_rate": null,
            "research_to_sale_ratio": null,
            "price_fair": 0,
            "eps_avg_yearly": 0,
            "eps_latest_yearly": 0,
            "eps_growth_yearly": 0
        },
        "20073": {
            "year_quarter": 20073,
            "year": 2007,
            "quarter": 3,
            "eps": -0.24,
            "eps_growth_year": null,
            "eps_4q": -0.39,
            "eps_4q_growth_year": -473.5,
            "roe": -3.91,
            "roe_4q": -7.340000000000001,
            "gross_profit": 134764,
            "gross_margin": 7.27,
            "gross_margin_4q_avg": 9.74,
            "net_income": -224869,
            "revenue": 1854957,
            "common_shares": 10560158,
            "book_valuer_per_share": 5.35,
            "book_valuer_per_share_4q_avg": 5.26,
            "equity": 5648265,
            "current_ratio": 44.99,
            "debt_ratio": 66.19,
            "inventory_turnover_ratio": 2.42,
            "account_receivable_turnover_ratio": null,
            "reinvestment_rate": null,
            "research_to_sale_ratio": null,
            "price_fair": 0,
            "eps_avg_yearly": 0,
            "eps_latest_yearly": 0,
            "eps_growth_yearly": 0
        },
        "20074": {
            "year_quarter": 20074,
            "year": 2007,
            "quarter": 4,
            "eps": -0.24,
            "eps_growth_year": null,
            "eps_4q": -0.66,
            "eps_4q_growth_year": null,
            "roe": -4.3,
            "roe_4q": -11.57,
            "gross_profit": 318539,
            "gross_margin": 13.28,
            "gross_margin_4q_avg": 9.91,
            "net_income": -238987,
            "revenue": 2398773,
            "common_shares": 10560158,
            "book_valuer_per_share": 5.13,
            "book_valuer_per_share_4q_avg": 5.29,
            "equity": 5460651,
            "current_ratio": 56.61,
            "debt_ratio": 68.2,
            "inventory_turnover_ratio": 2.42,
            "account_receivable_turnover_ratio": null,
            "reinvestment_rate": null,
            "research_to_sale_ratio": null,
            "price_fair": 0,
            "eps_avg_yearly": 0,
            "eps_latest_yearly": 0,
            "eps_growth_yearly": 0
        },
        "20081": {
            "year_quarter": 20081,
            "year": 2008,
            "quarter": 1,
            "eps": -0.11,
            "eps_growth_year": -222.22,
            "eps_4q": -0.82,
            "eps_4q_growth_year": -1525.85,
            "roe": -2.08,
            "roe_4q": -15.36,
            "gross_profit": 232563,
            "gross_margin": 8.61,
            "gross_margin_4q_avg": 8.69,
            "net_income": -112954,
            "revenue": 2700695,
            "common_shares": 10560158,
            "book_valuer_per_share": 5.07,
            "book_valuer_per_share_4q_avg": 5.28,
            "equity": 5401875,
            "current_ratio": 52.33,
            "debt_ratio": 68.43,
            "inventory_turnover_ratio": 2.3,
            "account_receivable_turnover_ratio": null,
            "reinvestment_rate": null,
            "research_to_sale_ratio": null,
            "price_fair": 0,
            "eps_avg_yearly": 0,
            "eps_latest_yearly": 0,
            "eps_growth_yearly": 0
        },
        "20082": {
            "year_quarter": 20082,
            "year": 2008,
            "quarter": 2,
            "eps": -0.46,
            "eps_growth_year": null,
            "eps_4q": -1.41,
            "eps_4q_growth_year": null,
            "roe": -5.31,
            "roe_4q": -15.6,
            "gross_profit": 214345,
            "gross_margin": 8.24,
            "gross_margin_4q_avg": 9.35,
            "net_income": -279139,
            "revenue": 2601583,
            "common_shares": 6060158,
            "book_valuer_per_share": 8.39,
            "book_valuer_per_share_4q_avg": 5.99,
            "equity": 5121534,
            "current_ratio": 53.79,
            "debt_ratio": 69.53,
            "inventory_turnover_ratio": 2.21,
            "account_receivable_turnover_ratio": null,
            "reinvestment_rate": null,
            "research_to_sale_ratio": null,
            "price_fair": 0,
            "eps_avg_yearly": 0,
            "eps_latest_yearly": 0,
            "eps_growth_yearly": 0
        },
        "20083": {
            "year_quarter": 20083,
            "year": 2008,
            "quarter": 3,
            "eps": 0.05,
            "eps_growth_year": null,
            "eps_4q": -0.89,
            "eps_4q_growth_year": null,
            "roe": 0.66,
            "roe_4q": -11.03,
            "gross_profit": 310425,
            "gross_margin": 11.88,
            "gross_margin_4q_avg": 10.5,
            "net_income": 33715,
            "revenue": 2612315,
            "common_shares": 6060158,
            "book_valuer_per_share": 8.34,
            "book_valuer_per_share_4q_avg": 6.73,
            "equity": 5098273,
            "current_ratio": 52.72,
            "debt_ratio": 69.44,
            "inventory_turnover_ratio": 2.39,
            "account_receivable_turnover_ratio": null,
            "reinvestment_rate": null,
            "research_to_sale_ratio": null,
            "price_fair": 0,
            "eps_avg_yearly": 0,
            "eps_latest_yearly": 0,
            "eps_growth_yearly": 0
        },
        "20084": {
            "year_quarter": 20084,
            "year": 2008,
            "quarter": 4,
            "eps": 0.62,
            "eps_growth_year": null,
            "eps_4q": 0.03,
            "eps_4q_growth_year": null,
            "roe": 7.2,
            "roe_4q": 0.47000000000000064,
            "gross_profit": 233526,
            "gross_margin": 9.79,
            "gross_margin_4q_avg": 9.63,
            "net_income": 380442,
            "revenue": 2385911,
            "common_shares": 6060158,
            "book_valuer_per_share": 8.94,
            "book_valuer_per_share_4q_avg": 7.69,
            "equity": 5464225,
            "current_ratio": 51.97,
            "debt_ratio": 66.93,
            "inventory_turnover_ratio": 2.48,
            "account_receivable_turnover_ratio": 2.79,
            "reinvestment_rate": null,
            "research_to_sale_ratio": null,
            "price_fair": 86.8,
            "eps_avg_yearly": 2.48,
            "eps_latest_yearly": 2.48,
            "eps_growth_yearly": 4560
        },
        "20091": {
            "year_quarter": 20091,
            "year": 2009,
            "quarter": 1,
            "eps": -0.23,
            "eps_growth_year": null,
            "eps_4q": -0.01,
            "eps_4q_growth_year": null,
            "roe": -2.55,
            "roe_4q": 8.881784197001252e-16,
            "gross_profit": 16300,
            "gross_margin": 0.92,
            "gross_margin_4q_avg": 7.71,
            "net_income": -137127,
            "revenue": 1777437,
            "common_shares": 6060158,
            "book_valuer_per_share": 8.65,
            "book_valuer_per_share_4q_avg": 8.58,
            "equity": 5282565,
            "current_ratio": 52.29,
            "debt_ratio": 67.24,
            "inventory_turnover_ratio": 2.14,
            "account_receivable_turnover_ratio": 1.14,
            "reinvestment_rate": null,
            "research_to_sale_ratio": null,
            "price_fair": 86.8,
            "eps_avg_yearly": 2.48,
            "eps_latest_yearly": 2.48,
            "eps_growth_yearly": 4560
        },
        "20092": {
            "year_quarter": 20092,
            "year": 2009,
            "quarter": 2,
            "eps": -1.45,
            "eps_growth_year": null,
            "eps_4q": -1.01,
            "eps_4q_growth_year": null,
            "roe": -18.15,
            "roe_4q": -12.84,
            "gross_profit": 46172,
            "gross_margin": 2.18,
            "gross_margin_4q_avg": 6.19,
            "net_income": -881995,
            "revenue": 2116999,
            "common_shares": 6060158,
            "book_valuer_per_share": 7.25,
            "book_valuer_per_share_4q_avg": 8.3,
            "equity": 4435912,
            "current_ratio": 50.81,
            "debt_ratio": 71,
            "inventory_turnover_ratio": 2.53,
            "account_receivable_turnover_ratio": 1.45,
            "reinvestment_rate": null,
            "research_to_sale_ratio": null,
            "price_fair": 86.8,
            "eps_avg_yearly": 2.48,
            "eps_latest_yearly": 2.48,
            "eps_growth_yearly": 4560
        },
        "20093": {
            "year_quarter": 20093,
            "year": 2009,
            "quarter": 3,
            "eps": -0.25,
            "eps_growth_year": -600,
            "eps_4q": -1.31,
            "eps_4q_growth_year": null,
            "roe": -3.41,
            "roe_4q": -16.91,
            "gross_profit": 106218,
            "gross_margin": 4.78,
            "gross_margin_4q_avg": 4.42,
            "net_income": -148964,
            "revenue": 2220373,
            "common_shares": 6060158,
            "book_valuer_per_share": 7.03,
            "book_valuer_per_share_4q_avg": 7.97,
            "equity": 4303580,
            "current_ratio": 51.3,
            "debt_ratio": 72.32,
            "inventory_turnover_ratio": 2.37,
            "account_receivable_turnover_ratio": 1.37,
            "reinvestment_rate": null,
            "research_to_sale_ratio": null,
            "price_fair": 86.8,
            "eps_avg_yearly": 2.48,
            "eps_latest_yearly": 2.48,
            "eps_growth_yearly": 4560
        },
        "20094": {
            "year_quarter": 20094,
            "year": 2009,
            "quarter": 4,
            "eps": -0.25,
            "eps_growth_year": -140.32,
            "eps_4q": -2.18,
            "eps_4q_growth_year": -6797.84,
            "roe": -3.51,
            "roe_4q": -27.62,
            "gross_profit": 106724,
            "gross_margin": 4.03,
            "gross_margin_4q_avg": 2.98,
            "net_income": -147791,
            "revenue": 2645218,
            "common_shares": 6060158,
            "book_valuer_per_share": 6.72,
            "book_valuer_per_share_4q_avg": 7.41,
            "equity": 4117555,
            "current_ratio": 50.56,
            "debt_ratio": 74.13,
            "inventory_turnover_ratio": 2.48,
            "account_receivable_turnover_ratio": 2.75,
            "reinvestment_rate": null,
            "research_to_sale_ratio": null,
            "price_fair": 86.8,
            "eps_avg_yearly": 2.48,
            "eps_latest_yearly": 2.48,
            "eps_growth_yearly": 4560
        },
        "20101": {
            "year_quarter": 20101,
            "year": 2010,
            "quarter": 1,
            "eps": -0.14,
            "eps_growth_year": null,
            "eps_4q": -2.09,
            "eps_4q_growth_year": null,
            "roe": -1.88,
            "roe_4q": -26.95,
            "gross_profit": 180477,
            "gross_margin": 6.82,
            "gross_margin_4q_avg": 4.45,
            "net_income": -76927,
            "revenue": 2647334,
            "common_shares": 6060158,
            "book_valuer_per_share": 6.6,
            "book_valuer_per_share_4q_avg": 6.9,
            "equity": 4055174,
            "current_ratio": 57.5,
            "debt_ratio": 75.14,
            "inventory_turnover_ratio": 2.22,
            "account_receivable_turnover_ratio": 1.44,
            "reinvestment_rate": null,
            "research_to_sale_ratio": null,
            "price_fair": 86.8,
            "eps_avg_yearly": 2.48,
            "eps_latest_yearly": 2.48,
            "eps_growth_yearly": 4560
        },
        "20102": {
            "year_quarter": 20102,
            "year": 2010,
            "quarter": 2,
            "eps": 0.06,
            "eps_growth_year": null,
            "eps_4q": -0.58,
            "eps_4q_growth_year": null,
            "roe": 1.02,
            "roe_4q": -7.779999999999999,
            "gross_profit": 251855,
            "gross_margin": 8.28,
            "gross_margin_4q_avg": 5.98,
            "net_income": 41292,
            "revenue": 3040264,
            "common_shares": 6060158,
            "book_valuer_per_share": 6.64,
            "book_valuer_per_share_4q_avg": 6.75,
            "equity": 4077475,
            "current_ratio": 61.26,
            "debt_ratio": 75.33,
            "inventory_turnover_ratio": 2.35,
            "account_receivable_turnover_ratio": 1.53,
            "reinvestment_rate": null,
            "research_to_sale_ratio": null,
            "price_fair": 86.8,
            "eps_avg_yearly": 2.48,
            "eps_latest_yearly": 2.48,
            "eps_growth_yearly": 4560
        },
        "20103": {
            "year_quarter": 20103,
            "year": 2010,
            "quarter": 3,
            "eps": -0.14,
            "eps_growth_year": null,
            "eps_4q": -0.47,
            "eps_4q_growth_year": null,
            "roe": -2.05,
            "roe_4q": -6.42,
            "gross_profit": 243530,
            "gross_margin": 7.43,
            "gross_margin_4q_avg": 6.64,
            "net_income": -82674,
            "revenue": 3276652,
            "common_shares": 6060158,
            "book_valuer_per_share": 6.5,
            "book_valuer_per_share_4q_avg": 6.62,
            "equity": 3993508,
            "current_ratio": 58.18,
            "debt_ratio": 75.53,
            "inventory_turnover_ratio": 2.39,
            "account_receivable_turnover_ratio": 1.47,
            "reinvestment_rate": null,
            "research_to_sale_ratio": null,
            "price_fair": 86.8,
            "eps_avg_yearly": 2.48,
            "eps_latest_yearly": 2.48,
            "eps_growth_yearly": 4560
        },
        "20104": {
            "year_quarter": 20104,
            "year": 2010,
            "quarter": 4,
            "eps": -0.1,
            "eps_growth_year": null,
            "eps_4q": -0.31,
            "eps_4q_growth_year": null,
            "roe": -1.38,
            "roe_4q": -4.289999999999999,
            "gross_profit": 233718,
            "gross_margin": 8.09,
            "gross_margin_4q_avg": 7.66,
            "net_income": -53835,
            "revenue": 2889354,
            "common_shares": 6060158,
            "book_valuer_per_share": 6.23,
            "book_valuer_per_share_4q_avg": 6.49,
            "equity": 3834579,
            "current_ratio": 50.77,
            "debt_ratio": 75.16,
            "inventory_turnover_ratio": 2.06,
            "account_receivable_turnover_ratio": 1.33,
            "reinvestment_rate": null,
            "research_to_sale_ratio": null,
            "price_fair": 86.8,
            "eps_avg_yearly": 2.48,
            "eps_latest_yearly": 2.48,
            "eps_growth_yearly": 4560
        },
        "20111": {
            "year_quarter": 20111,
            "year": 2011,
            "quarter": 1,
            "eps": -0.27,
            "eps_growth_year": null,
            "eps_4q": -0.45,
            "eps_4q_growth_year": null,
            "roe": -4,
            "roe_4q": -6.41,
            "gross_profit": 111350,
            "gross_margin": 4.05,
            "gross_margin_4q_avg": 6.96,
            "net_income": -150524,
            "revenue": 2747432,
            "common_shares": 6060158,
            "book_valuer_per_share": 5.97,
            "book_valuer_per_share_4q_avg": 6.34,
            "equity": 3692964,
            "current_ratio": 45.93,
            "debt_ratio": 75.1,
            "inventory_turnover_ratio": 2.13,
            "account_receivable_turnover_ratio": 1.41,
            "reinvestment_rate": null,
            "research_to_sale_ratio": null,
            "price_fair": 86.8,
            "eps_avg_yearly": 2.48,
            "eps_latest_yearly": 2.48,
            "eps_growth_yearly": 4560
        },
        "20112": {
            "year_quarter": 20112,
            "year": 2011,
            "quarter": 2,
            "eps": -0.01,
            "eps_growth_year": -115.87,
            "eps_4q": -0.51,
            "eps_4q_growth_year": null,
            "roe": 0.03,
            "roe_4q": -7.3999999999999995,
            "gross_profit": 223814,
            "gross_margin": 8.01,
            "gross_margin_4q_avg": 6.9,
            "net_income": 1271,
            "revenue": 2794749,
            "common_shares": 6060158,
            "book_valuer_per_share": 5.93,
            "book_valuer_per_share_4q_avg": 6.16,
            "equity": 3668110,
            "current_ratio": 45.85,
            "debt_ratio": 75.06,
            "inventory_turnover_ratio": 2.18,
            "account_receivable_turnover_ratio": 1.58,
            "reinvestment_rate": null,
            "research_to_sale_ratio": null,
            "price_fair": 86.8,
            "eps_avg_yearly": 2.48,
            "eps_latest_yearly": 2.48,
            "eps_growth_yearly": 4560
        },
        "20113": {
            "year_quarter": 20113,
            "year": 2011,
            "quarter": 3,
            "eps": -0.22,
            "eps_growth_year": null,
            "eps_4q": -0.5,
            "eps_4q_growth_year": null,
            "roe": -3.65,
            "roe_4q": -9,
            "gross_profit": 136565,
            "gross_margin": 4.82,
            "gross_margin_4q_avg": 6.24,
            "net_income": -155613,
            "revenue": 2831364,
            "common_shares": 8060158,
            "book_valuer_per_share": 5.92,
            "book_valuer_per_share_4q_avg": 6.01,
            "equity": 4866580,
            "current_ratio": 54.34,
            "debt_ratio": 67.56,
            "inventory_turnover_ratio": 2.18,
            "account_receivable_turnover_ratio": 1.52,
            "reinvestment_rate": null,
            "research_to_sale_ratio": null,
            "price_fair": 86.8,
            "eps_avg_yearly": 2.48,
            "eps_latest_yearly": 2.48,
            "eps_growth_yearly": 4560
        },
        "20114": {
            "year_quarter": 20114,
            "year": 2011,
            "quarter": 4,
            "eps": -0.17,
            "eps_growth_year": null,
            "eps_4q": -0.59,
            "eps_4q_growth_year": null,
            "roe": -2.87,
            "roe_4q": -10.489999999999998,
            "gross_profit": 351198,
            "gross_margin": 14.23,
            "gross_margin_4q_avg": 7.78,
            "net_income": -137360,
            "revenue": 2468133,
            "common_shares": 8060158,
            "book_valuer_per_share": 5.71,
            "book_valuer_per_share_4q_avg": 5.88,
            "equity": 4694249,
            "current_ratio": 48.79,
            "debt_ratio": 66.86,
            "inventory_turnover_ratio": 1.72,
            "account_receivable_turnover_ratio": 1.31,
            "reinvestment_rate": null,
            "research_to_sale_ratio": null,
            "price_fair": 86.8,
            "eps_avg_yearly": 2.48,
            "eps_latest_yearly": 2.48,
            "eps_growth_yearly": 4560
        },
        "20121": {
            "year_quarter": 20121,
            "year": 2012,
            "quarter": 1,
            "eps": 0.04,
            "eps_growth_year": null,
            "eps_4q": -0.35,
            "eps_4q_growth_year": null,
            "roe": 0.77,
            "roe_4q": -5.72,
            "gross_profit": 285204,
            "gross_margin": 10.02,
            "gross_margin_4q_avg": 9.27,
            "net_income": 36152,
            "revenue": 2844931,
            "common_shares": 8060158,
            "book_valuer_per_share": 5.71,
            "book_valuer_per_share_4q_avg": 5.82,
            "equity": 4698426,
            "current_ratio": 49.13,
            "debt_ratio": 66.55,
            "inventory_turnover_ratio": 2.33,
            "account_receivable_turnover_ratio": 1.57,
            "reinvestment_rate": null,
            "research_to_sale_ratio": null,
            "price_fair": 86.8,
            "eps_avg_yearly": 2.48,
            "eps_latest_yearly": 2.48,
            "eps_growth_yearly": 4560
        },
        "20122": {
            "year_quarter": 20122,
            "year": 2012,
            "quarter": 2,
            "eps": 0.06,
            "eps_growth_year": null,
            "eps_4q": -0.29,
            "eps_4q_growth_year": null,
            "roe": 1.09,
            "roe_4q": -4.66,
            "gross_profit": 302479,
            "gross_margin": 11.12,
            "gross_margin_4q_avg": 10.05,
            "net_income": 51254,
            "revenue": 2721243,
            "common_shares": 8060158,
            "book_valuer_per_share": 5.75,
            "book_valuer_per_share_4q_avg": 5.77,
            "equity": 4736530,
            "current_ratio": 64.91,
            "debt_ratio": 67.32,
            "inventory_turnover_ratio": 2.25,
            "account_receivable_turnover_ratio": 1.46,
            "reinvestment_rate": null,
            "research_to_sale_ratio": null,
            "price_fair": 47.6,
            "eps_avg_yearly": 1.36,
            "eps_latest_yearly": 0.24,
            "eps_growth_yearly": 2380
        },
        "20123": {
            "year_quarter": 20123,
            "year": 2012,
            "quarter": 3,
            "eps": -0.05,
            "eps_growth_year": null,
            "eps_4q": -0.12,
            "eps_4q_growth_year": null,
            "roe": -0.6,
            "roe_4q": -1.6099999999999999,
            "gross_profit": 205348,
            "gross_margin": 7.78,
            "gross_margin_4q_avg": 10.79,
            "net_income": -28405,
            "revenue": 2639278,
            "common_shares": 8060158,
            "book_valuer_per_share": 5.69,
            "book_valuer_per_share_4q_avg": 5.72,
            "equity": 4699298,
            "current_ratio": 61.44,
            "debt_ratio": 66.28,
            "inventory_turnover_ratio": 2.25,
            "account_receivable_turnover_ratio": 1.51,
            "reinvestment_rate": null,
            "research_to_sale_ratio": null,
            "price_fair": 47.6,
            "eps_avg_yearly": 1.36,
            "eps_latest_yearly": 0.24,
            "eps_growth_yearly": 2380
        },
        "20124": {
            "year_quarter": 20124,
            "year": 2012,
            "quarter": 4,
            "eps": -0.04,
            "eps_growth_year": null,
            "eps_4q": 0.01,
            "eps_4q_growth_year": null,
            "roe": -0.56,
            "roe_4q": 0.7,
            "gross_profit": 146207,
            "gross_margin": 5.97,
            "gross_margin_4q_avg": 8.72,
            "net_income": -26110,
            "revenue": 2448145,
            "common_shares": 8060158,
            "book_valuer_per_share": 5.55,
            "book_valuer_per_share_4q_avg": 5.68,
            "equity": 4588225,
            "current_ratio": 59.43,
            "debt_ratio": 66.27,
            "inventory_turnover_ratio": 2.18,
            "account_receivable_turnover_ratio": 1.56,
            "reinvestment_rate": null,
            "research_to_sale_ratio": null,
            "price_fair": 8.4,
            "eps_avg_yearly": 0.24,
            "eps_latest_yearly": 0.24,
            "eps_growth_yearly": 200
        },
        "20131": {
            "year_quarter": 20131,
            "year": 2013,
            "quarter": 1,
            "eps": -0.24,
            "eps_growth_year": -700,
            "eps_4q": -0.27,
            "eps_4q_growth_year": null,
            "roe": -4.19,
            "roe_4q": -4.26,
            "gross_profit": 116469,
            "gross_margin": 5.2,
            "gross_margin_4q_avg": 7.52,
            "net_income": -192057,
            "revenue": 2240851,
            "common_shares": 8060158,
            "book_valuer_per_share": 5.54,
            "book_valuer_per_share_4q_avg": 5.63,
            "equity": 4578783,
            "current_ratio": 51.47,
            "debt_ratio": 67.49,
            "inventory_turnover_ratio": 2.03,
            "account_receivable_turnover_ratio": 1.41,
            "reinvestment_rate": null,
            "research_to_sale_ratio": 1.6,
            "price_fair": 8.4,
            "eps_avg_yearly": 0.24,
            "eps_latest_yearly": 0.24,
            "eps_growth_yearly": 200
        },
        "20132": {
            "year_quarter": 20132,
            "year": 2013,
            "quarter": 2,
            "eps": -0.11,
            "eps_growth_year": -291.29,
            "eps_4q": -0.45,
            "eps_4q_growth_year": null,
            "roe": -2.01,
            "roe_4q": -7.359999999999999,
            "gross_profit": 212949,
            "gross_margin": 9.48,
            "gross_margin_4q_avg": 7.11,
            "net_income": -91217,
            "revenue": 2246667,
            "common_shares": 8060158,
            "book_valuer_per_share": 5.43,
            "book_valuer_per_share_4q_avg": 5.55,
            "equity": 4489032,
            "current_ratio": 52.92,
            "debt_ratio": 67.28,
            "inventory_turnover_ratio": 1.97,
            "account_receivable_turnover_ratio": 1.41,
            "reinvestment_rate": null,
            "research_to_sale_ratio": 1.68,
            "price_fair": 8.4,
            "eps_avg_yearly": 0.24,
            "eps_latest_yearly": 0.24,
            "eps_growth_yearly": 200
        },
        "20133": {
            "year_quarter": 20133,
            "year": 2013,
            "quarter": 3,
            "eps": 0,
            "eps_growth_year": null,
            "eps_4q": -0.4,
            "eps_4q_growth_year": null,
            "roe": 0.05,
            "roe_4q": -6.710000000000001,
            "gross_profit": 270057,
            "gross_margin": 10.75,
            "gross_margin_4q_avg": 7.85,
            "net_income": 2363,
            "revenue": 2511965,
            "common_shares": 8060158,
            "book_valuer_per_share": 5.42,
            "book_valuer_per_share_4q_avg": 5.49,
            "equity": 4478979,
            "current_ratio": 58.72,
            "debt_ratio": 69.46,
            "inventory_turnover_ratio": 2.25,
            "account_receivable_turnover_ratio": 1.53,
            "reinvestment_rate": null,
            "research_to_sale_ratio": 1.4,
            "price_fair": 8.4,
            "eps_avg_yearly": 0.24,
            "eps_latest_yearly": 0.24,
            "eps_growth_yearly": 200
        },
        "20134": {
            "year_quarter": 20134,
            "year": 2013,
            "quarter": 4,
            "eps": 0,
            "eps_growth_year": null,
            "eps_4q": -0.36,
            "eps_4q_growth_year": -4496.11,
            "roe": 0.09,
            "roe_4q": -6.0600000000000005,
            "gross_profit": 300831,
            "gross_margin": 11.78,
            "gross_margin_4q_avg": 9.3,
            "net_income": 4075,
            "revenue": 2553540,
            "common_shares": 8060158,
            "book_valuer_per_share": 5.5,
            "book_valuer_per_share_4q_avg": 5.47,
            "equity": 4549067,
            "current_ratio": 55.19,
            "debt_ratio": 67.7,
            "inventory_turnover_ratio": 2.25,
            "account_receivable_turnover_ratio": 1.48,
            "reinvestment_rate": null,
            "research_to_sale_ratio": 1.42,
            "price_fair": 8.4,
            "eps_avg_yearly": 0.24,
            "eps_latest_yearly": 0.24,
            "eps_growth_yearly": 200
        },
        "20141": {
            "year_quarter": 20141,
            "year": 2014,
            "quarter": 1,
            "eps": 0.12,
            "eps_growth_year": null,
            "eps_4q": 0,
            "eps_4q_growth_year": null,
            "roe": 2.08,
            "roe_4q": 0.20999999999999996,
            "gross_profit": 394851,
            "gross_margin": 13.26,
            "gross_margin_4q_avg": 11.32,
            "net_income": 95971,
            "revenue": 2976693,
            "common_shares": 8060158,
            "book_valuer_per_share": 5.63,
            "book_valuer_per_share_4q_avg": 5.5,
            "equity": 4658247,
            "current_ratio": 61.97,
            "debt_ratio": 68.76,
            "inventory_turnover_ratio": 2.32,
            "account_receivable_turnover_ratio": 1.56,
            "reinvestment_rate": null,
            "research_to_sale_ratio": 1.22,
            "price_fair": 8.4,
            "eps_avg_yearly": 0.24,
            "eps_latest_yearly": 0.24,
            "eps_growth_yearly": 200
        },
        "20142": {
            "year_quarter": 20142,
            "year": 2014,
            "quarter": 2,
            "eps": 0.14,
            "eps_growth_year": null,
            "eps_4q": 0.26,
            "eps_4q_growth_year": null,
            "roe": 2.51,
            "roe_4q": 4.7299999999999995,
            "gross_profit": 472330,
            "gross_margin": 14.2,
            "gross_margin_4q_avg": 12.5,
            "net_income": 118488,
            "revenue": 3327393,
            "common_shares": 8060158,
            "book_valuer_per_share": 5.77,
            "book_valuer_per_share_4q_avg": 5.58,
            "equity": 4767240,
            "current_ratio": 62.69,
            "debt_ratio": 68.56,
            "inventory_turnover_ratio": 2.24,
            "account_receivable_turnover_ratio": 1.48,
            "reinvestment_rate": null,
            "research_to_sale_ratio": 1.26,
            "price_fair": 14,
            "eps_avg_yearly": 0.4,
            "eps_latest_yearly": 0.56,
            "eps_growth_yearly": 133.33
        },
        "20143": {
            "year_quarter": 20143,
            "year": 2014,
            "quarter": 3,
            "eps": 0.28,
            "eps_growth_year": null,
            "eps_4q": 0.53,
            "eps_4q_growth_year": null,
            "roe": 4.52,
            "roe_4q": 9.2,
            "gross_profit": 536940,
            "gross_margin": 15.2,
            "gross_margin_4q_avg": 13.61,
            "net_income": 220826,
            "revenue": 3533304,
            "common_shares": 8060158,
            "book_valuer_per_share": 6.05,
            "book_valuer_per_share_4q_avg": 5.74,
            "equity": 4999594,
            "current_ratio": 64.71,
            "debt_ratio": 69.1,
            "inventory_turnover_ratio": 2.1,
            "account_receivable_turnover_ratio": 1.46,
            "reinvestment_rate": null,
            "research_to_sale_ratio": 1.25,
            "price_fair": 22.4,
            "eps_avg_yearly": 0.64,
            "eps_latest_yearly": 1.12,
            "eps_growth_yearly": 222.22
        },
        "20144": {
            "year_quarter": 20144,
            "year": 2014,
            "quarter": 4,
            "eps": 0.29,
            "eps_growth_year": 21924.56,
            "eps_4q": 0.82,
            "eps_4q_growth_year": null,
            "roe": 4.78,
            "roe_4q": 13.89,
            "gross_profit": 593281,
            "gross_margin": 14.85,
            "gross_margin_4q_avg": 14.38,
            "net_income": 246310,
            "revenue": 3993883,
            "common_shares": 8060158,
            "book_valuer_per_share": 6.4,
            "book_valuer_per_share_4q_avg": 5.96,
            "equity": 5309473,
            "current_ratio": 63.71,
            "debt_ratio": 67.6,
            "inventory_turnover_ratio": 2.3,
            "account_receivable_turnover_ratio": 1.54,
            "reinvestment_rate": null,
            "research_to_sale_ratio": 1.16,
            "price_fair": 26.95,
            "eps_avg_yearly": 0.77,
            "eps_latest_yearly": 1.16,
            "eps_growth_yearly": 170.24
        },
        "20151": {
            "year_quarter": 20151,
            "year": 2015,
            "quarter": 1,
            "eps": 0.31,
            "eps_growth_year": 158.33,
            "eps_4q": 1.01,
            "eps_4q_growth_year": 57770.02,
            "roe": 4.62,
            "roe_4q": 16.43,
            "gross_profit": 542575,
            "gross_margin": 14.37,
            "gross_margin_4q_avg": 14.66,
            "net_income": 246933,
            "revenue": 3775932,
            "common_shares": 8060158,
            "book_valuer_per_share": 6.5,
            "book_valuer_per_share_4q_avg": 6.18,
            "equity": 5382822,
            "current_ratio": 64.5,
            "debt_ratio": 68.29,
            "inventory_turnover_ratio": 2.14,
            "account_receivable_turnover_ratio": 1.39,
            "reinvestment_rate": -123.4,
            "research_to_sale_ratio": 1.16,
            "price_fair": 30.24,
            "eps_avg_yearly": 0.86,
            "eps_latest_yearly": 1.24,
            "eps_growth_yearly": 141.71
        },
        "20152": {
            "year_quarter": 20152,
            "year": 2015,
            "quarter": 2,
            "eps": 0.32,
            "eps_growth_year": 128.57,
            "eps_4q": 1.19,
            "eps_4q_growth_year": 349.91,
            "roe": 4.77,
            "roe_4q": 18.69,
            "gross_profit": 635774,
            "gross_margin": 15.27,
            "gross_margin_4q_avg": 14.92,
            "net_income": 262413,
            "revenue": 4162707,
            "common_shares": 8060158,
            "book_valuer_per_share": 6.82,
            "book_valuer_per_share_4q_avg": 6.44,
            "equity": 5621982,
            "current_ratio": 64.92,
            "debt_ratio": 67.79,
            "inventory_turnover_ratio": 2.4,
            "account_receivable_turnover_ratio": 1.45,
            "reinvestment_rate": -15.29,
            "research_to_sale_ratio": 1.17,
            "price_fair": 32.67,
            "eps_avg_yearly": 0.93,
            "eps_latest_yearly": 1.28,
            "eps_growth_yearly": 120.24
        },
        "20153": {
            "year_quarter": 20153,
            "year": 2015,
            "quarter": 3,
            "eps": 0.26,
            "eps_growth_year": -7.14,
            "eps_4q": 1.18,
            "eps_4q_growth_year": 121.01,
            "roe": 3.76,
            "roe_4q": 17.93,
            "gross_profit": 556304,
            "gross_margin": 14.9,
            "gross_margin_4q_avg": 14.85,
            "net_income": 216461,
            "revenue": 3734523,
            "common_shares": 8060158,
            "book_valuer_per_share": 7.13,
            "book_valuer_per_share_4q_avg": 6.71,
            "equity": 5885882,
            "current_ratio": 60.35,
            "debt_ratio": 65.57,
            "inventory_turnover_ratio": 2.27,
            "account_receivable_turnover_ratio": 1.32,
            "reinvestment_rate": 47.25,
            "research_to_sale_ratio": 1.33,
            "price_fair": 33.2,
            "eps_avg_yearly": 0.95,
            "eps_latest_yearly": 1.04,
            "eps_growth_yearly": 92.35
        },
        "20154": {
            "year_quarter": 20154,
            "year": 2015,
            "quarter": 4,
            "eps": 0.42,
            "eps_growth_year": 44.39,
            "eps_4q": 1.3,
            "eps_4q_growth_year": 59.15,
            "roe": 5.68,
            "roe_4q": 18.83,
            "gross_profit": 733226,
            "gross_margin": 16.56,
            "gross_margin_4q_avg": 15.28,
            "net_income": 342298,
            "revenue": 4427288,
            "common_shares": 8060158,
            "book_valuer_per_share": 7.47,
            "book_valuer_per_share_4q_avg": 6.98,
            "equity": 6164037,
            "current_ratio": 64.41,
            "debt_ratio": 65.19,
            "inventory_turnover_ratio": 2.53,
            "account_receivable_turnover_ratio": 1.53,
            "reinvestment_rate": 109.18,
            "research_to_sale_ratio": 1.48,
            "price_fair": 36.4,
            "eps_avg_yearly": 1.04,
            "eps_latest_yearly": 1.68,
            "eps_growth_yearly": 111.57
        },
        "20161": {
            "year_quarter": 20161,
            "year": 2016,
            "quarter": 1,
            "eps": 0.28,
            "eps_growth_year": -9.68,
            "eps_4q": 1.28,
            "eps_4q_growth_year": 25.94,
            "roe": 3.64,
            "roe_4q": 17.85,
            "gross_profit": 636424,
            "gross_margin": 15.69,
            "gross_margin_4q_avg": 15.61,
            "net_income": 228407,
            "revenue": 4056851,
            "common_shares": 8060158,
            "book_valuer_per_share": 7.73,
            "book_valuer_per_share_4q_avg": 7.29,
            "equity": 6376584,
            "current_ratio": 64.26,
            "debt_ratio": 63.46,
            "inventory_turnover_ratio": 2.26,
            "account_receivable_turnover_ratio": 1.39,
            "reinvestment_rate": 121.69,
            "research_to_sale_ratio": 1.39,
            "price_fair": 36.71,
            "eps_avg_yearly": 1.05,
            "eps_latest_yearly": 1.12,
            "eps_growth_yearly": 84.36
        },
        "20162": {
            "year_quarter": 20162,
            "year": 2016,
            "quarter": 2,
            "eps": 0.25,
            "eps_growth_year": -21.88,
            "eps_4q": 1.2,
            "eps_4q_growth_year": 1.67,
            "roe": 3.04,
            "roe_4q": 16.119999999999997,
            "gross_profit": 568945,
            "gross_margin": 13.61,
            "gross_margin_4q_avg": 15.19,
            "net_income": 197013,
            "revenue": 4179321,
            "common_shares": 8060158,
            "book_valuer_per_share": 7.98,
            "book_valuer_per_share_4q_avg": 7.58,
            "equity": 6575107,
            "current_ratio": 60.65,
            "debt_ratio": 63.83,
            "inventory_turnover_ratio": 2.52,
            "account_receivable_turnover_ratio": 1.54,
            "reinvestment_rate": 131.46,
            "research_to_sale_ratio": 1.56,
            "price_fair": 39.67,
            "eps_avg_yearly": 1.13,
            "eps_latest_yearly": 1,
            "eps_growth_yearly": 57.38
        },
        "20163": {
            "year_quarter": 20163,
            "year": 2016,
            "quarter": 3,
            "eps": 0.09,
            "eps_growth_year": -65.38,
            "eps_4q": 1.04,
            "eps_4q_growth_year": -11.92,
            "roe": 1.21,
            "roe_4q": 13.57,
            "gross_profit": 409962,
            "gross_margin": 10.76,
            "gross_margin_4q_avg": 14.16,
            "net_income": 79624,
            "revenue": 3809463,
            "common_shares": 8060158,
            "book_valuer_per_share": 8.06,
            "book_valuer_per_share_4q_avg": 7.81,
            "equity": 6629719,
            "current_ratio": 65.67,
            "debt_ratio": 62.69,
            "inventory_turnover_ratio": 2.53,
            "account_receivable_turnover_ratio": 1.43,
            "reinvestment_rate": 143.48,
            "research_to_sale_ratio": 1.6,
            "price_fair": 36.96,
            "eps_avg_yearly": 1.06,
            "eps_latest_yearly": 0.36,
            "eps_growth_yearly": 26.04
        },
        "20164": {
            "year_quarter": 20164,
            "year": 2016,
            "quarter": 4,
            "eps": 0.01,
            "eps_growth_year": -98.43,
            "eps_4q": 0.63,
            "eps_4q_growth_year": -52.03,
            "roe": -0.02,
            "roe_4q": 7.870000000000001,
            "gross_profit": 181593,
            "gross_margin": 4.85,
            "gross_margin_4q_avg": 11.23,
            "net_income": -1205,
            "revenue": 3740698,
            "common_shares": 8060158,
            "book_valuer_per_share": 8.04,
            "book_valuer_per_share_4q_avg": 7.95,
            "equity": 6676500,
            "current_ratio": 71.72,
            "debt_ratio": 63.06,
            "inventory_turnover_ratio": 2.5,
            "account_receivable_turnover_ratio": 1.44,
            "reinvestment_rate": 158.11,
            "research_to_sale_ratio": 1.54,
            "price_fair": 2.89,
            "eps_avg_yearly": 0.96,
            "eps_latest_yearly": 0.04,
            "eps_growth_yearly": -8.65
        },
        "20171": {
            "year_quarter": 20171,
            "year": 2017,
            "quarter": 1,
            "eps": -0.23,
            "eps_growth_year": -182.14,
            "eps_4q": 0.12,
            "eps_4q_growth_year": -90.82,
            "roe": -2.88,
            "roe_4q": 1.35,
            "gross_profit": 43579,
            "gross_margin": 1.28,
            "gross_margin_4q_avg": 7.63,
            "net_income": -186140,
            "revenue": 3396940,
            "common_shares": 8060158,
            "book_valuer_per_share": 7.75,
            "book_valuer_per_share_4q_avg": 7.96,
            "equity": 6249731,
            "current_ratio": 71.3,
            "debt_ratio": 63.85,
            "inventory_turnover_ratio": 2.3,
            "account_receivable_turnover_ratio": 1.38,
            "reinvestment_rate": 117.03,
            "research_to_sale_ratio": 1.78,
            "price_fair": 2.89,
            "eps_avg_yearly": 0.96,
            "eps_latest_yearly": 0.04,
            "eps_growth_yearly": -8.65
        },
        "20172": {
            "year_quarter": 20172,
            "year": 2017,
            "quarter": 2,
            "eps": -0.17,
            "eps_growth_year": -168,
            "eps_4q": -0.29,
            "eps_4q_growth_year": -124.48,
            "roe": -2.16,
            "roe_4q": -3.8499999999999996,
            "gross_profit": 21696,
            "gross_margin": 0.64,
            "gross_margin_4q_avg": 4.38,
            "net_income": -133650,
            "revenue": 3375875,
            "common_shares": 8060158,
            "book_valuer_per_share": 7.59,
            "book_valuer_per_share_4q_avg": 7.86,
            "equity": 6121641,
            "current_ratio": 70.46,
            "debt_ratio": 63.37,
            "inventory_turnover_ratio": 2.45,
            "account_receivable_turnover_ratio": 1.45,
            "reinvestment_rate": 101.05,
            "research_to_sale_ratio": 1.73,
            "price_fair": 2.89,
            "eps_avg_yearly": 0.96,
            "eps_latest_yearly": 0.04,
            "eps_growth_yearly": -8.65
        },
        "20173": {
            "year_quarter": 20173,
            "year": 2017,
            "quarter": 3,
            "eps": -0.11,
            "eps_growth_year": -222.22,
            "eps_4q": -0.51,
            "eps_4q_growth_year": -148.75,
            "roe": -1.54,
            "roe_4q": -6.6,
            "gross_profit": 93469,
            "gross_margin": 2.63,
            "gross_margin_4q_avg": 2.35,
            "net_income": -93841,
            "revenue": 3549901,
            "common_shares": 8060158,
            "book_valuer_per_share": 7.48,
            "book_valuer_per_share_4q_avg": 7.72,
            "equity": 6026379,
            "current_ratio": 71.53,
            "debt_ratio": 64.6,
            "inventory_turnover_ratio": 2.51,
            "account_receivable_turnover_ratio": 1.48,
            "reinvestment_rate": 91.15,
            "research_to_sale_ratio": 1.62,
            "price_fair": 2.89,
            "eps_avg_yearly": 0.96,
            "eps_latest_yearly": 0.04,
            "eps_growth_yearly": -8.65
        },
        "20174": {
            "year_quarter": 20174,
            "year": 2017,
            "quarter": 4,
            "eps": -0.37,
            "eps_growth_year": -5813.39,
            "eps_4q": -0.89,
            "eps_4q_growth_year": -241.48,
            "roe": -5.15,
            "roe_4q": -11.73,
            "gross_profit": 22892,
            "gross_margin": 0.64,
            "gross_margin_4q_avg": 1.3,
            "net_income": -301173,
            "revenue": 3563596,
            "common_shares": 8060158,
            "book_valuer_per_share": 7.02,
            "book_valuer_per_share_4q_avg": 7.46,
            "equity": 5659846,
            "current_ratio": 72.28,
            "debt_ratio": 66.13,
            "inventory_turnover_ratio": 2.46,
            "account_receivable_turnover_ratio": 1.42,
            "reinvestment_rate": 76.46,
            "research_to_sale_ratio": 1.77,
            "price_fair": 2.89,
            "eps_avg_yearly": 0.96,
            "eps_latest_yearly": 0.04,
            "eps_growth_yearly": -8.65
        },
        "20181": {
            "year_quarter": 20181,
            "year": 2018,
            "quarter": 1,
            "eps": -0.12,
            "eps_growth_year": null,
            "eps_4q": -0.78,
            "eps_4q_growth_year": -762.41,
            "roe": -1.72,
            "roe_4q": -10.57,
            "gross_profit": -122468,
            "gross_margin": -3.9,
            "gross_margin_4q_avg": 0,
            "net_income": -96608,
            "revenue": 3138690,
            "common_shares": 8060158,
            "book_valuer_per_share": 6.88,
            "book_valuer_per_share_4q_avg": 7.24,
            "equity": 5546137,
            "current_ratio": 67.07,
            "debt_ratio": 66.41,
            "inventory_turnover_ratio": 2.33,
            "account_receivable_turnover_ratio": 1.25,
            "reinvestment_rate": 64.83,
            "research_to_sale_ratio": 1.85,
            "price_fair": 2.89,
            "eps_avg_yearly": 0.96,
            "eps_latest_yearly": 0.04,
            "eps_growth_yearly": -8.65
        },
        "20182": {
            "year_quarter": 20182,
            "year": 2018,
            "quarter": 2,
            "eps": -0.06,
            "eps_growth_year": null,
            "eps_4q": -0.67,
            "eps_4q_growth_year": null,
            "roe": -0.8,
            "roe_4q": -9.21,
            "gross_profit": 113940,
            "gross_margin": 3.05,
            "gross_margin_4q_avg": 0.61,
            "net_income": -44553,
            "revenue": 3730658,
            "common_shares": 8060158,
            "book_valuer_per_share": 6.85,
            "book_valuer_per_share_4q_avg": 7.06,
            "equity": 5523711,
            "current_ratio": 65.96,
            "debt_ratio": 66.87,
            "inventory_turnover_ratio": 2.5,
            "account_receivable_turnover_ratio": 1.44,
            "reinvestment_rate": 44.45,
            "research_to_sale_ratio": 1.74,
            "price_fair": 3.01,
            "eps_avg_yearly": 1,
            "eps_latest_yearly": 0.04,
            "eps_growth_yearly": -16.18
        },
        "20183": {
            "year_quarter": 20183,
            "year": 2018,
            "quarter": 3,
            "eps": -0.06,
            "eps_growth_year": null,
            "eps_4q": -0.86,
            "eps_4q_growth_year": null,
            "roe": -0.57,
            "roe_4q": -8.24,
            "gross_profit": 173201,
            "gross_margin": 4.21,
            "gross_margin_4q_avg": 1,
            "net_income": -31372,
            "revenue": 4112318,
            "common_shares": 5523285,
            "book_valuer_per_share": 9.94,
            "book_valuer_per_share_4q_avg": 7.67,
            "equity": 5488725,
            "current_ratio": 67.86,
            "debt_ratio": 67.59,
            "inventory_turnover_ratio": 2.44,
            "account_receivable_turnover_ratio": 1.45,
            "reinvestment_rate": 41.66,
            "research_to_sale_ratio": 1.67,
            "price_fair": 2.97,
            "eps_avg_yearly": 0.99,
            "eps_latest_yearly": 0.04,
            "eps_growth_yearly": -62.42
        },
        "20184": {
            "year_quarter": 20184,
            "year": 2018,
            "quarter": 4,
            "eps": 0.11,
            "eps_growth_year": null,
            "eps_4q": -0.2,
            "eps_4q_growth_year": null,
            "roe": 1.11,
            "roe_4q": -1.98,
            "gross_profit": 363854,
            "gross_margin": 8.65,
            "gross_margin_4q_avg": 3,
            "net_income": 60985,
            "revenue": 4206526,
            "common_shares": 5523285,
            "book_valuer_per_share": 9.96,
            "book_valuer_per_share_4q_avg": 8.41,
            "equity": 5502600,
            "current_ratio": 69.5,
            "debt_ratio": 67.14,
            "inventory_turnover_ratio": 2.35,
            "account_receivable_turnover_ratio": 1.4,
            "reinvestment_rate": -26.81,
            "research_to_sale_ratio": 1.88,
            "price_fair": 2.91,
            "eps_avg_yearly": 0.97,
            "eps_latest_yearly": 0.04,
            "eps_growth_yearly": -72.01
        },
        "20191": {
            "year_quarter": 20191,
            "year": 2019,
            "quarter": 1,
            "eps": 0.12,
            "eps_growth_year": null,
            "eps_4q": 0.09,
            "eps_4q_growth_year": null,
            "roe": 1.18,
            "roe_4q": 0.9200000000000002,
            "gross_profit": 293534,
            "gross_margin": 7.53,
            "gross_margin_4q_avg": 5.86,
            "net_income": 65318,
            "revenue": 3895972,
            "common_shares": 5523285,
            "book_valuer_per_share": 10.09,
            "book_valuer_per_share_4q_avg": 9.21,
            "equity": 5571585,
            "current_ratio": 72.77,
            "debt_ratio": 65.99,
            "inventory_turnover_ratio": 2.33,
            "account_receivable_turnover_ratio": 1.3,
            "reinvestment_rate": -128.84,
            "research_to_sale_ratio": 1.75,
            "price_fair": 2.63,
            "eps_avg_yearly": 0.88,
            "eps_latest_yearly": 0.48,
            "eps_growth_yearly": -70.92
        },
        "20192": {
            "year_quarter": 20192,
            "year": 2019,
            "quarter": 2,
            "eps": 0.41,
            "eps_growth_year": null,
            "eps_4q": 0.58,
            "eps_4q_growth_year": null,
            "roe": 3.98,
            "roe_4q": 5.7,
            "gross_profit": 564876,
            "gross_margin": 12.42,
            "gross_margin_4q_avg": 8.2,
            "net_income": 226211,
            "revenue": 4549560,
            "common_shares": 5523285,
            "book_valuer_per_share": 10.5,
            "book_valuer_per_share_4q_avg": 10.12,
            "equity": 5800554,
            "current_ratio": 77.8,
            "debt_ratio": 64.9,
            "inventory_turnover_ratio": 2.7,
            "account_receivable_turnover_ratio": 1.43,
            "reinvestment_rate": -209.04,
            "research_to_sale_ratio": 1.51,
            "price_fair": 32.2,
            "eps_avg_yearly": 0.92,
            "eps_latest_yearly": 1.64,
            "eps_growth_yearly": 48.3
        },
        "20193": {
            "year_quarter": 20193,
            "year": 2019,
            "quarter": 3,
            "eps": 0.45,
            "eps_growth_year": null,
            "eps_4q": 1.09,
            "eps_4q_growth_year": null,
            "roe": 4.23,
            "roe_4q": 10.5,
            "gross_profit": 575422,
            "gross_margin": 11.58,
            "gross_margin_4q_avg": 10.05,
            "net_income": 250516,
            "revenue": 4971024,
            "common_shares": 5523285,
            "book_valuer_per_share": 10.95,
            "book_valuer_per_share_4q_avg": 10.38,
            "equity": 6046986,
            "current_ratio": 78.29,
            "debt_ratio": 63.31,
            "inventory_turnover_ratio": 3.17,
            "account_receivable_turnover_ratio": 1.44,
            "reinvestment_rate": -297.09,
            "research_to_sale_ratio": 1.46,
            "price_fair": 35.53,
            "eps_avg_yearly": 1.02,
            "eps_latest_yearly": 1.8,
            "eps_growth_yearly": 62.56
        },
        "20194": {
            "year_quarter": 20194,
            "year": 2019,
            "quarter": 4,
            "eps": 0.08,
            "eps_growth_year": -25.39,
            "eps_4q": 1.05,
            "eps_4q_growth_year": null,
            "roe": 0.76,
            "roe_4q": 10.15,
            "gross_profit": 339110,
            "gross_margin": 8.27,
            "gross_margin_4q_avg": 9.95,
            "net_income": 45915,
            "revenue": 4098589,
            "common_shares": 5573285,
            "book_valuer_per_share": 10.88,
            "book_valuer_per_share_4q_avg": 10.61,
            "equity": 6066155,
            "current_ratio": 75.74,
            "debt_ratio": 61.89,
            "inventory_turnover_ratio": 2.9,
            "account_receivable_turnover_ratio": 1.33,
            "reinvestment_rate": -771.59,
            "research_to_sale_ratio": 1.67,
            "price_fair": 2.54,
            "eps_avg_yearly": 0.85,
            "eps_latest_yearly": 0.32,
            "eps_growth_yearly": -9.32
        },
        "20201": {
            "year_quarter": 20201,
            "year": 2020,
            "quarter": 1,
            "eps": 0.02,
            "eps_growth_year": -83.33,
            "eps_4q": 0.95,
            "eps_4q_growth_year": 944.69,
            "roe": 0.14,
            "roe_4q": 9.110000000000001,
            "gross_profit": 222190,
            "gross_margin": 6.1,
            "gross_margin_4q_avg": 9.59,
            "net_income": 8417,
            "revenue": 3642533,
            "common_shares": 5573285,
            "book_valuer_per_share": 10.92,
            "book_valuer_per_share_4q_avg": 10.81,
            "equity": 6087277,
            "current_ratio": 75.26,
            "debt_ratio": 59.9,
            "inventory_turnover_ratio": 2.52,
            "account_receivable_turnover_ratio": 1.34,
            "reinvestment_rate": -5155.3,
            "research_to_sale_ratio": 1.9,
            "price_fair": 2.15,
            "eps_avg_yearly": 0.72,
            "eps_latest_yearly": 0.08,
            "eps_growth_yearly": -30.16
        },
        "20202": {
            "year_quarter": 20202,
            "year": 2020,
            "quarter": 2,
            "eps": -0.5,
            "eps_growth_year": -221.95,
            "eps_4q": 0.05,
            "eps_4q_growth_year": -90.62,
            "roe": -4.64,
            "roe_4q": 0.4900000000000002,
            "gross_profit": -74485,
            "gross_margin": -2.13,
            "gross_margin_4q_avg": 5.96,
            "net_income": -274446,
            "revenue": 3499929,
            "common_shares": 5572145,
            "book_valuer_per_share": 10.28,
            "book_valuer_per_share_4q_avg": 10.76,
            "equity": 5730856,
            "current_ratio": 74.37,
            "debt_ratio": 61.4,
            "inventory_turnover_ratio": 2.51,
            "account_receivable_turnover_ratio": 1.36,
            "reinvestment_rate": null,
            "research_to_sale_ratio": 1.84,
            "price_fair": 2.02,
            "eps_avg_yearly": 0.67,
            "eps_latest_yearly": 0.08,
            "eps_growth_yearly": -28.34
        },
        "20203": {
            "year_quarter": 20203,
            "year": 2020,
            "quarter": 3,
            "eps": 0.02,
            "eps_growth_year": -95.56,
            "eps_4q": -0.37,
            "eps_4q_growth_year": -134.3,
            "roe": 0.2,
            "roe_4q": -3.54,
            "gross_profit": 253881,
            "gross_margin": 7.78,
            "gross_margin_4q_avg": 5.01,
            "net_income": 11454,
            "revenue": 3264023,
            "common_shares": 5571145,
            "book_valuer_per_share": 10.32,
            "book_valuer_per_share_4q_avg": 10.6,
            "equity": 5746999,
            "current_ratio": 78.56,
            "debt_ratio": 59.01,
            "inventory_turnover_ratio": 2.34,
            "account_receivable_turnover_ratio": 1.39,
            "reinvestment_rate": null,
            "research_to_sale_ratio": 1.93,
            "price_fair": 14.24,
            "eps_avg_yearly": 0.73,
            "eps_latest_yearly": 0.08,
            "eps_growth_yearly": 9.6
        },
        "20204": {
            "year_quarter": 20204,
            "year": 2020,
            "quarter": 4,
            "eps": -0.02,
            "eps_growth_year": -125.16,
            "eps_4q": -0.48,
            "eps_4q_growth_year": -145.29,
            "roe": -0.17,
            "roe_4q": -4.47,
            "gross_profit": 295767,
            "gross_margin": 8.58,
            "gross_margin_4q_avg": 5.08,
            "net_income": -11548,
            "revenue": 3445424,
            "common_shares": 5570425,
            "book_valuer_per_share": 10.31,
            "book_valuer_per_share_4q_avg": 10.46,
            "equity": 7602768,
            "current_ratio": 129.47,
            "debt_ratio": 47.51,
            "inventory_turnover_ratio": 2.69,
            "account_receivable_turnover_ratio": 1.48,
            "reinvestment_rate": null,
            "research_to_sale_ratio": 2.05,
            "price_fair": 30.24,
            "eps_avg_yearly": 0.86,
            "eps_latest_yearly": 0.08,
            "eps_growth_yearly": 82.63
        },
        "20211": {
            "year_quarter": 20211,
            "year": 2021,
            "quarter": 1,
            "eps": 0.4,
            "eps_growth_year": 1900,
            "eps_4q": -0.1,
            "eps_4q_growth_year": -110.21,
            "roe": 2.86,
            "roe_4q": -1.7499999999999996,
            "gross_profit": 517907,
            "gross_margin": 13.67,
            "gross_margin_4q_avg": 6.98,
            "net_income": 220354,
            "revenue": 3788896,
            "common_shares": 5568610,
            "book_valuer_per_share": 10.61,
            "book_valuer_per_share_4q_avg": 10.38,
            "equity": 7819099,
            "current_ratio": 136.72,
            "debt_ratio": 45.57,
            "inventory_turnover_ratio": 2.7,
            "account_receivable_turnover_ratio": 1.43,
            "reinvestment_rate": null,
            "research_to_sale_ratio": 1.97,
            "price_fair": 30.24,
            "eps_avg_yearly": 0.86,
            "eps_latest_yearly": 0.08,
            "eps_growth_yearly": 82.63
        },
        "20212": {
            "year_quarter": 20212,
            "year": 2021,
            "quarter": 2,
            "eps": 0.77,
            "eps_growth_year": null,
            "eps_4q": 1.16,
            "eps_4q_growth_year": 2020.46,
            "roe": 5.28,
            "roe_4q": 8.17,
            "gross_profit": 828234,
            "gross_margin": 19.97,
            "gross_margin_4q_avg": 12.5,
            "net_income": 423998,
            "revenue": 4148371,
            "common_shares": 5568610,
            "book_valuer_per_share": 11.18,
            "book_valuer_per_share_4q_avg": 10.61,
            "equity": 8236903,
            "current_ratio": 137.76,
            "debt_ratio": 46.22,
            "inventory_turnover_ratio": 2.33,
            "account_receivable_turnover_ratio": 1.35,
            "reinvestment_rate": -743.68,
            "research_to_sale_ratio": 1.86,
            "price_fair": 43.17,
            "eps_avg_yearly": 1.23,
            "eps_latest_yearly": 3.08,
            "eps_growth_yearly": 130.53
        },
        "20213": {
            "year_quarter": 20213,
            "year": 2021,
            "quarter": 3,
            "eps": 0.64,
            "eps_growth_year": 3100,
            "eps_4q": 1.78,
            "eps_4q_growth_year": null,
            "roe": 4.23,
            "roe_4q": 12.200000000000001,
            "gross_profit": 687425,
            "gross_margin": 17.4,
            "gross_margin_4q_avg": 14.91,
            "net_income": 356087,
            "revenue": 3949810,
            "common_shares": 5568120,
            "book_valuer_per_share": 11.65,
            "book_valuer_per_share_4q_avg": 10.94,
            "equity": 8584404,
            "current_ratio": 149.34,
            "debt_ratio": 45.68,
            "inventory_turnover_ratio": 1.97,
            "account_receivable_turnover_ratio": 1.24,
            "reinvestment_rate": -349.64,
            "research_to_sale_ratio": 2.09,
            "price_fair": 49.8,
            "eps_avg_yearly": 1.42,
            "eps_latest_yearly": 2.56,
            "eps_growth_yearly": 102.23
        },
        "20214": {
            "year_quarter": 20214,
            "year": 2021,
            "quarter": 4,
            "eps": 0.95,
            "eps_growth_year": null,
            "eps_4q": 2.76,
            "eps_4q_growth_year": null,
            "roe": 6.04,
            "roe_4q": 18.41,
            "gross_profit": 903178,
            "gross_margin": 22.24,
            "gross_margin_4q_avg": 18.32,
            "net_income": 530142,
            "revenue": 4061061,
            "common_shares": 5554319,
            "book_valuer_per_share": 12.2,
            "book_valuer_per_share_4q_avg": 11.41,
            "equity": 8972065,
            "current_ratio": 156.7,
            "debt_ratio": 47.28,
            "inventory_turnover_ratio": 1.77,
            "account_receivable_turnover_ratio": 1.25,
            "reinvestment_rate": -140.54,
            "research_to_sale_ratio": 1.67,
            "price_fair": 60.2,
            "eps_avg_yearly": 1.72,
            "eps_latest_yearly": 3.8,
            "eps_growth_yearly": 113.67
        },
        "20221": {
            "year_quarter": 20221,
            "year": 2022,
            "quarter": 1,
            "eps": 0.52,
            "eps_growth_year": 30,
            "eps_4q": 3.02,
            "eps_4q_growth_year": null,
            "roe": 4.01,
            "roe_4q": 19.560000000000002,
            "gross_profit": 651684,
            "gross_margin": 16.98,
            "gross_margin_4q_avg": 19.15,
            "net_income": 367363,
            "revenue": 3838900,
            "common_shares": 5554167,
            "book_valuer_per_share": 12.72,
            "book_valuer_per_share_4q_avg": 11.94,
            "equity": 9354200,
            "current_ratio": 168.04,
            "debt_ratio": 43.74,
            "inventory_turnover_ratio": 1.73,
            "account_receivable_turnover_ratio": 1.2,
            "reinvestment_rate": -88.39,
            "research_to_sale_ratio": 1.95,
            "price_fair": 61.6,
            "eps_avg_yearly": 1.76,
            "eps_latest_yearly": 2.08,
            "eps_growth_yearly": 80.93
        },
        "20222": {
            "year_quarter": 20222,
            "year": 2022,
            "quarter": 2,
            "eps": 0.61,
            "eps_growth_year": -20.78,
            "eps_4q": 3.01,
            "eps_4q_growth_year": 160.51,
            "roe": 4.58,
            "roe_4q": 18.86,
            "gross_profit": 752628,
            "gross_margin": 17.55,
            "gross_margin_4q_avg": 18.54,
            "net_income": 420384,
            "revenue": 4288219,
            "common_shares": 5553975,
            "book_valuer_per_share": 12.21,
            "book_valuer_per_share_4q_avg": 12.2,
            "equity": 8982975,
            "current_ratio": 160.72,
            "debt_ratio": 48.6,
            "inventory_turnover_ratio": 1.85,
            "account_receivable_turnover_ratio": 1.28,
            "reinvestment_rate": -89.69,
            "research_to_sale_ratio": 2.1,
            "price_fair": 63.98,
            "eps_avg_yearly": 1.83,
            "eps_latest_yearly": 2.44,
            "eps_growth_yearly": 79.76
        },
        "20223": {
            "year_quarter": 20223,
            "year": 2022,
            "quarter": 3,
            "eps": 0.65,
            "eps_growth_year": 1.56,
            "eps_4q": 3.15,
            "eps_4q_growth_year": 77.5,
            "roe": 4.73,
            "roe_4q": 19.36,
            "gross_profit": 611548,
            "gross_margin": 16.06,
            "gross_margin_4q_avg": 18.21,
            "net_income": 432841,
            "revenue": 3808937,
            "common_shares": 5553795,
            "book_valuer_per_share": 12.69,
            "book_valuer_per_share_4q_avg": 12.46,
            "equity": 9335481,
            "current_ratio": 185.89,
            "debt_ratio": 43.54,
            "inventory_turnover_ratio": 1.65,
            "account_receivable_turnover_ratio": 1.09,
            "reinvestment_rate": -72.88,
            "research_to_sale_ratio": 2.16,
            "price_fair": 66.44,
            "eps_avg_yearly": 1.9,
            "eps_latest_yearly": 2.6,
            "eps_growth_yearly": 74.89
        },
        "20224": {
            "year_quarter": 20224,
            "year": 2022,
            "quarter": 4,
            "eps": 0.41,
            "eps_growth_year": -56.97,
            "eps_4q": 2.61,
            "eps_4q_growth_year": -5.34,
            "roe": 2.39,
            "roe_4q": 15.71,
            "gross_profit": 507064,
            "gross_margin": 14.1,
            "gross_margin_4q_avg": 16.17,
            "net_income": 228065,
            "revenue": 3595613,
            "common_shares": 5553299,
            "book_valuer_per_share": 13.26,
            "book_valuer_per_share_4q_avg": 12.72,
            "equity": 9750776,
            "current_ratio": 202.27,
            "debt_ratio": 42.46,
            "inventory_turnover_ratio": 1.65,
            "account_receivable_turnover_ratio": 1.13,
            "reinvestment_rate": -69.66,
            "research_to_sale_ratio": 2.59,
            "price_fair": 65.68,
            "eps_avg_yearly": 1.88,
            "eps_latest_yearly": 1.64,
            "eps_growth_yearly": 56.34
        },
        "20231": {
            "year_quarter": 20231,
            "year": 2023,
            "quarter": 1,
            "eps": 0.25,
            "eps_growth_year": -51.92,
            "eps_4q": 2.27,
            "eps_4q_growth_year": -24.82,
            "roe": 1.81,
            "roe_4q": 13.51,
            "gross_profit": 321407,
            "gross_margin": 9.88,
            "gross_margin_4q_avg": 14.4,
            "net_income": 179721,
            "revenue": 3253411,
            "common_shares": 5553083,
            "book_valuer_per_share": 13.8,
            "book_valuer_per_share_4q_avg": 12.99,
            "equity": 10147440,
            "current_ratio": 235.11,
            "debt_ratio": 37.33,
            "inventory_turnover_ratio": 1.76,
            "account_receivable_turnover_ratio": 1.08,
            "reinvestment_rate": -64.1,
            "research_to_sale_ratio": 2.69,
            "price_fair": 67.2,
            "eps_avg_yearly": 1.92,
            "eps_latest_yearly": 1,
            "eps_growth_yearly": 40.3
        }
    },
    "months": {
        "2001-06": {
            "month": "2001-06",
            "price": "12.08",
            "revenue": 837193
        },
        "2001-07": {
            "month": "2001-07",
            "price": "8.35",
            "revenue": 854950
        },
        "2001-08": {
            "month": "2001-08",
            "price": "8.56",
            "revenue": 952657
        },
        "2001-09": {
            "month": "2001-09",
            "price": "7.04",
            "revenue": 948262
        },
        "2001-10": {
            "month": "2001-10",
            "price": "6.07",
            "revenue": 1016418
        },
        "2001-11": {
            "month": "2001-11",
            "price": "7.34",
            "revenue": 982346
        },
        "2001-12": {
            "month": "2001-12",
            "price": "10.78",
            "revenue": 909671
        },
        "2002-01": {
            "month": "2002-01",
            "price": "11.76",
            "revenue": 852464
        },
        "2002-02": {
            "month": "2002-02",
            "price": "10.37",
            "revenue": 632359
        },
        "2002-03": {
            "month": "2002-03",
            "price": "12.17",
            "revenue": 933267
        },
        "2002-04": {
            "month": "2002-04",
            "price": "14.55",
            "revenue": 1123670
        },
        "2002-05": {
            "month": "2002-05",
            "price": "14.13",
            "revenue": 1185469
        },
        "2002-06": {
            "month": "2002-06",
            "price": "12.27",
            "revenue": 1113569
        },
        "2002-07": {
            "month": "2002-07",
            "price": "9.96",
            "revenue": 1271775
        },
        "2002-08": {
            "month": "2002-08",
            "price": "9.43",
            "revenue": 1189408
        },
        "2002-09": {
            "month": "2002-09",
            "price": "7.78",
            "revenue": 1199036
        },
        "2002-10": {
            "month": "2002-10",
            "price": "5.46",
            "revenue": 1180881
        },
        "2002-11": {
            "month": "2002-11",
            "price": "6.50",
            "revenue": 1086594
        },
        "2002-12": {
            "month": "2002-12",
            "price": "5.92",
            "revenue": 1002731
        },
        "2003-01": {
            "month": "2003-01",
            "price": "6.28",
            "revenue": 996477
        },
        "2003-02": {
            "month": "2003-02",
            "price": "5.66",
            "revenue": 907808
        },
        "2003-03": {
            "month": "2003-03",
            "price": "5.53",
            "revenue": 1036164
        },
        "2003-04": {
            "month": "2003-04",
            "price": "4.96",
            "revenue": 1021349
        },
        "2003-05": {
            "month": "2003-05",
            "price": "3.41",
            "revenue": 979288
        },
        "2003-06": {
            "month": "2003-06",
            "price": "5.41",
            "revenue": 1001966
        },
        "2003-07": {
            "month": "2003-07",
            "price": "7.24",
            "revenue": 1124761
        },
        "2003-08": {
            "month": "2003-08",
            "price": "6.56",
            "revenue": 1164410
        },
        "2003-09": {
            "month": "2003-09",
            "price": "6.10",
            "revenue": 1243859
        },
        "2003-10": {
            "month": "2003-10",
            "price": "6.51",
            "revenue": 1304288
        },
        "2003-11": {
            "month": "2003-11",
            "price": "6.60",
            "revenue": 1409838
        },
        "2003-12": {
            "month": "2003-12",
            "price": "6.35",
            "revenue": 1335322
        },
        "2004-01": {
            "month": "2004-01",
            "price": "6.88",
            "revenue": 1101960
        },
        "2004-02": {
            "month": "2004-02",
            "price": "7.04",
            "revenue": 1217720
        },
        "2004-03": {
            "month": "2004-03",
            "price": "7.51",
            "revenue": 1498239
        },
        "2004-04": {
            "month": "2004-04",
            "price": "8.90",
            "revenue": 1280990
        },
        "2004-05": {
            "month": "2004-05",
            "price": "4.47",
            "revenue": 1220201
        },
        "2004-06": {
            "month": "2004-06",
            "price": "2.91",
            "revenue": 1092354
        },
        "2004-07": {
            "month": "2004-07",
            "price": "2.26",
            "revenue": 1007343
        },
        "2004-08": {
            "month": "2004-08",
            "price": "2.16",
            "revenue": 997466
        },
        "2004-09": {
            "month": "2004-09",
            "price": "1.88",
            "revenue": 1005212
        },
        "2004-10": {
            "month": "2004-10",
            "price": "2.00",
            "revenue": 1003595
        },
        "2004-11": {
            "month": "2004-11",
            "price": "4.29",
            "revenue": 1025803
        },
        "2004-12": {
            "month": "2004-12",
            "price": "3.32",
            "revenue": 843664
        },
        "2005-01": {
            "month": "2005-01",
            "price": "3.11",
            "revenue": 970910
        },
        "2005-02": {
            "month": "2005-02",
            "price": "3.25",
            "revenue": 825542
        },
        "2005-03": {
            "month": "2005-03",
            "price": "3.18",
            "revenue": 965322
        },
        "2005-04": {
            "month": "2005-04",
            "price": "2.85",
            "revenue": 1009754
        },
        "2005-05": {
            "month": "2005-05",
            "price": "2.67",
            "revenue": 961699
        },
        "2005-06": {
            "month": "2005-06",
            "price": "3.41",
            "revenue": 1021179
        },
        "2005-07": {
            "month": "2005-07",
            "price": "5.20",
            "revenue": 947236
        },
        "2005-08": {
            "month": "2005-08",
            "price": "4.59",
            "revenue": 1003756
        },
        "2005-09": {
            "month": "2005-09",
            "price": "4.16",
            "revenue": 1007636
        },
        "2005-10": {
            "month": "2005-10",
            "price": "3.95",
            "revenue": 1029132
        },
        "2005-11": {
            "month": "2005-11",
            "price": "4.20",
            "revenue": 929667
        },
        "2005-12": {
            "month": "2005-12",
            "price": "4.83",
            "revenue": 754850
        },
        "2006-01": {
            "month": "2006-01",
            "price": "4.61",
            "revenue": 644012
        },
        "2006-02": {
            "month": "2006-02",
            "price": "4.22",
            "revenue": 642519
        },
        "2006-03": {
            "month": "2006-03",
            "price": "3.87",
            "revenue": 739876
        },
        "2006-04": {
            "month": "2006-04",
            "price": "4.07",
            "revenue": 633336
        },
        "2006-05": {
            "month": "2006-05",
            "price": "4.23",
            "revenue": 653049
        },
        "2006-06": {
            "month": "2006-06",
            "price": "3.79",
            "revenue": 598416
        },
        "2006-07": {
            "month": "2006-07",
            "price": "3.47",
            "revenue": 642758
        },
        "2006-08": {
            "month": "2006-08",
            "price": "3.24",
            "revenue": 738197
        },
        "2006-09": {
            "month": "2006-09",
            "price": "2.99",
            "revenue": 731598
        },
        "2006-10": {
            "month": "2006-10",
            "price": "3.35",
            "revenue": 749558
        },
        "2006-11": {
            "month": "2006-11",
            "price": "4.38",
            "revenue": 732797
        },
        "2006-12": {
            "month": "2006-12",
            "price": "6.26",
            "revenue": 726310
        },
        "2007-01": {
            "month": "2007-01",
            "price": "7.56",
            "revenue": 775590
        },
        "2007-02": {
            "month": "2007-02",
            "price": "7.81",
            "revenue": 589430
        },
        "2007-03": {
            "month": "2007-03",
            "price": "9.60",
            "revenue": 717809
        },
        "2007-04": {
            "month": "2007-04",
            "price": "11.78",
            "revenue": 623890
        },
        "2007-05": {
            "month": "2007-05",
            "price": "11.43",
            "revenue": 528470
        },
        "2007-06": {
            "month": "2007-06",
            "price": "12.10",
            "revenue": 565804
        },
        "2007-07": {
            "month": "2007-07",
            "price": "15.37",
            "revenue": 635520
        },
        "2007-08": {
            "month": "2007-08",
            "price": "12.48",
            "revenue": 594859
        },
        "2007-09": {
            "month": "2007-09",
            "price": "11.14",
            "revenue": 638787
        },
        "2007-10": {
            "month": "2007-10",
            "price": "11.38",
            "revenue": 779678
        },
        "2007-11": {
            "month": "2007-11",
            "price": "9.21",
            "revenue": 760630
        },
        "2007-12": {
            "month": "2007-12",
            "price": "7.84",
            "revenue": 915683
        },
        "2008-01": {
            "month": "2008-01",
            "price": "6.96",
            "revenue": 845967
        },
        "2008-02": {
            "month": "2008-02",
            "price": "6.60",
            "revenue": 782314
        },
        "2008-03": {
            "month": "2008-03",
            "price": "7.88",
            "revenue": 923168
        },
        "2008-04": {
            "month": "2008-04",
            "price": "7.80",
            "revenue": 874989
        },
        "2008-05": {
            "month": "2008-05",
            "price": "6.56",
            "revenue": 758615
        },
        "2008-06": {
            "month": "2008-06",
            "price": "5.71",
            "revenue": 723990
        },
        "2008-07": {
            "month": "2008-07",
            "price": "4.38",
            "revenue": 730949
        },
        "2008-08": {
            "month": "2008-08",
            "price": "5.62",
            "revenue": 776638
        },
        "2008-09": {
            "month": "2008-09",
            "price": "4.16",
            "revenue": 809077
        },
        "2008-10": {
            "month": "2008-10",
            "price": "3.56",
            "revenue": 805137
        },
        "2008-11": {
            "month": "2008-11",
            "price": "2.98",
            "revenue": 678438
        },
        "2008-12": {
            "month": "2008-12",
            "price": "2.87",
            "revenue": 683782
        },
        "2009-01": {
            "month": "2009-01",
            "price": "2.87",
            "revenue": 500827
        },
        "2009-02": {
            "month": "2009-02",
            "price": "2.98",
            "revenue": 544645
        },
        "2009-03": {
            "month": "2009-03",
            "price": "4.88",
            "revenue": 592207
        },
        "2009-04": {
            "month": "2009-04",
            "price": "5.31",
            "revenue": 593766
        },
        "2009-05": {
            "month": "2009-05",
            "price": "4.98",
            "revenue": 596818
        },
        "2009-06": {
            "month": "2009-06",
            "price": "4.79",
            "revenue": 643908
        },
        "2009-07": {
            "month": "2009-07",
            "price": "4.77",
            "revenue": 655560
        },
        "2009-08": {
            "month": "2009-08",
            "price": "4.71",
            "revenue": 658831
        },
        "2009-09": {
            "month": "2009-09",
            "price": "4.81",
            "revenue": 758218
        },
        "2009-10": {
            "month": "2009-10",
            "price": "5.27",
            "revenue": 754950
        },
        "2009-11": {
            "month": "2009-11",
            "price": "6.80",
            "revenue": 818025
        },
        "2009-12": {
            "month": "2009-12",
            "price": "9.43",
            "revenue": 816592
        },
        "2010-01": {
            "month": "2010-01",
            "price": "10.62",
            "revenue": 803654
        },
        "2010-02": {
            "month": "2010-02",
            "price": "8.65",
            "revenue": 685942
        },
        "2010-03": {
            "month": "2010-03",
            "price": "9.35",
            "revenue": 857132
        },
        "2010-04": {
            "month": "2010-04",
            "price": "10.08",
            "revenue": 859321
        },
        "2010-05": {
            "month": "2010-05",
            "price": "8.35",
            "revenue": 850705
        },
        "2010-06": {
            "month": "2010-06",
            "price": "8.64",
            "revenue": 940569
        },
        "2010-07": {
            "month": "2010-07",
            "price": "8.50",
            "revenue": 914822
        },
        "2010-08": {
            "month": "2010-08",
            "price": "9.01",
            "revenue": 969859
        },
        "2010-09": {
            "month": "2010-09",
            "price": "8.58",
            "revenue": 987488
        },
        "2010-10": {
            "month": "2010-10",
            "price": "8.04",
            "revenue": 941284
        },
        "2010-11": {
            "month": "2010-11",
            "price": "7.08",
            "revenue": 1091287
        },
        "2010-12": {
            "month": "2010-12",
            "price": "7.98",
            "revenue": 1013544
        },
        "2011-01": {
            "month": "2011-01",
            "price": "8.60",
            "revenue": 849100
        },
        "2011-02": {
            "month": "2011-02",
            "price": "8.03",
            "revenue": 677862
        },
        "2011-03": {
            "month": "2011-03",
            "price": "7.09",
            "revenue": 971674
        },
        "2011-04": {
            "month": "2011-04",
            "price": "6.75",
            "revenue": 894672
        },
        "2011-05": {
            "month": "2011-05",
            "price": "7.15",
            "revenue": 822902
        },
        "2011-06": {
            "month": "2011-06",
            "price": "7.05",
            "revenue": 856803
        },
        "2011-07": {
            "month": "2011-07",
            "price": "6.80",
            "revenue": 814328
        },
        "2011-08": {
            "month": "2011-08",
            "price": "6.36",
            "revenue": 951277
        },
        "2011-09": {
            "month": "2011-09",
            "price": "5.44",
            "revenue": 819841
        },
        "2011-10": {
            "month": "2011-10",
            "price": "4.24",
            "revenue": 876496
        },
        "2011-11": {
            "month": "2011-11",
            "price": "4.54",
            "revenue": 906588
        },
        "2011-12": {
            "month": "2011-12",
            "price": "4.23",
            "revenue": 907696
        },
        "2012-01": {
            "month": "2012-01",
            "price": "4.17",
            "revenue": 869405
        },
        "2012-02": {
            "month": "2012-02",
            "price": "5.14",
            "revenue": 877277
        },
        "2012-03": {
            "month": "2012-03",
            "price": "5.00",
            "revenue": 887499
        },
        "2012-04": {
            "month": "2012-04",
            "price": "4.55",
            "revenue": 873928
        },
        "2012-05": {
            "month": "2012-05",
            "price": "4.39",
            "revenue": 855973
        },
        "2012-06": {
            "month": "2012-06",
            "price": "4.04",
            "revenue": 841826
        },
        "2012-07": {
            "month": "2012-07",
            "price": "4.06",
            "revenue": 901675
        },
        "2012-08": {
            "month": "2012-08",
            "price": "4.22",
            "revenue": 790650
        },
        "2012-09": {
            "month": "2012-09",
            "price": "4.41",
            "revenue": 742310
        },
        "2012-10": {
            "month": "2012-10",
            "price": "4.16",
            "revenue": 834911
        },
        "2012-11": {
            "month": "2012-11",
            "price": "4.03",
            "revenue": 741405
        },
        "2012-12": {
            "month": "2012-12",
            "price": "4.04",
            "revenue": 743310
        },
        "2013-01": {
            "month": "2013-01",
            "price": "3.98",
            "revenue": 811872
        },
        "2013-02": {
            "month": "2013-02",
            "price": "3.94",
            "revenue": 650908
        },
        "2013-03": {
            "month": "2013-03",
            "price": "3.98",
            "revenue": 791498
        },
        "2013-04": {
            "month": "2013-04",
            "price": "4.41",
            "revenue": 827292
        },
        "2013-05": {
            "month": "2013-05",
            "price": "5.83",
            "revenue": 752354
        },
        "2013-06": {
            "month": "2013-06",
            "price": "5.05",
            "revenue": 666011
        },
        "2013-07": {
            "month": "2013-07",
            "price": "4.86",
            "revenue": 855143
        },
        "2013-08": {
            "month": "2013-08",
            "price": "5.15",
            "revenue": 816559
        },
        "2013-09": {
            "month": "2013-09",
            "price": "5.18",
            "revenue": 818219
        },
        "2013-10": {
            "month": "2013-10",
            "price": "5.16",
            "revenue": 800820
        },
        "2013-11": {
            "month": "2013-11",
            "price": "4.98",
            "revenue": 821592
        },
        "2013-12": {
            "month": "2013-12",
            "price": "5.13",
            "revenue": 940037
        },
        "2014-01": {
            "month": "2014-01",
            "price": "6.18",
            "revenue": 911301
        },
        "2014-02": {
            "month": "2014-02",
            "price": "6.77",
            "revenue": 927700
        },
        "2014-03": {
            "month": "2014-03",
            "price": "8.25",
            "revenue": 1138031
        },
        "2014-04": {
            "month": "2014-04",
            "price": "8.98",
            "revenue": 1096376
        },
        "2014-05": {
            "month": "2014-05",
            "price": "8.17",
            "revenue": 1119160
        },
        "2014-06": {
            "month": "2014-06",
            "price": "8.99",
            "revenue": 1112536
        },
        "2014-07": {
            "month": "2014-07",
            "price": "12.13",
            "revenue": 1145990
        },
        "2014-08": {
            "month": "2014-08",
            "price": "13.15",
            "revenue": 1166754
        },
        "2014-09": {
            "month": "2014-09",
            "price": "12.89",
            "revenue": 1219542
        },
        "2014-10": {
            "month": "2014-10",
            "price": "11.71",
            "revenue": 1322381
        },
        "2014-11": {
            "month": "2014-11",
            "price": "12.30",
            "revenue": 1272935
        },
        "2014-12": {
            "month": "2014-12",
            "price": "12.99",
            "revenue": 1398528
        },
        "2015-01": {
            "month": "2015-01",
            "price": "13.80",
            "revenue": 1322761
        },
        "2015-02": {
            "month": "2015-02",
            "price": "13.68",
            "revenue": 1021024
        },
        "2015-03": {
            "month": "2015-03",
            "price": "15.41",
            "revenue": 1431918
        },
        "2015-04": {
            "month": "2015-04",
            "price": "15.43",
            "revenue": 1457880
        },
        "2015-05": {
            "month": "2015-05",
            "price": "14.90",
            "revenue": 1318287
        },
        "2015-06": {
            "month": "2015-06",
            "price": "13.33",
            "revenue": 1387690
        },
        "2015-07": {
            "month": "2015-07",
            "price": "11.97",
            "revenue": 1271031
        },
        "2015-08": {
            "month": "2015-08",
            "price": "11.01",
            "revenue": 1207674
        },
        "2015-09": {
            "month": "2015-09",
            "price": "11.34",
            "revenue": 1257291
        },
        "2015-10": {
            "month": "2015-10",
            "price": "11.85",
            "revenue": 1396758
        },
        "2015-11": {
            "month": "2015-11",
            "price": "11.87",
            "revenue": 1562329
        },
        "2015-12": {
            "month": "2015-12",
            "price": "11.54",
            "revenue": 1484070
        },
        "2016-01": {
            "month": "2016-01",
            "price": "10.93",
            "revenue": 1421796
        },
        "2016-02": {
            "month": "2016-02",
            "price": "11.54",
            "revenue": 1190384
        },
        "2016-03": {
            "month": "2016-03",
            "price": "12.70",
            "revenue": 1502313
        },
        "2016-04": {
            "month": "2016-04",
            "price": "12.69",
            "revenue": 1443756
        },
        "2016-05": {
            "month": "2016-05",
            "price": "12.19",
            "revenue": 1388199
        },
        "2016-06": {
            "month": "2016-06",
            "price": "12.46",
            "revenue": 1290383
        },
        "2016-07": {
            "month": "2016-07",
            "price": "12.62",
            "revenue": 1289593
        },
        "2016-08": {
            "month": "2016-08",
            "price": "13.58",
            "revenue": 1319748
        },
        "2016-09": {
            "month": "2016-09",
            "price": "13.03",
            "revenue": 1185003
        },
        "2016-10": {
            "month": "2016-10",
            "price": "11.80",
            "revenue": 1180498
        },
        "2016-11": {
            "month": "2016-11",
            "price": "10.96",
            "revenue": 1251804
        },
        "2016-12": {
            "month": "2016-12",
            "price": "11.10",
            "revenue": 1306790
        },
        "2017-01": {
            "month": "2017-01",
            "price": "11.14",
            "revenue": 1071842
        },
        "2017-02": {
            "month": "2017-02",
            "price": "11.34",
            "revenue": 1067661
        },
        "2017-03": {
            "month": "2017-03",
            "price": "10.73",
            "revenue": 1258140
        },
        "2017-04": {
            "month": "2017-04",
            "price": "9.98",
            "revenue": 1182078
        },
        "2017-05": {
            "month": "2017-05",
            "price": "9.70",
            "revenue": 1129469
        },
        "2017-06": {
            "month": "2017-06",
            "price": "8.60",
            "revenue": 1065328
        },
        "2017-07": {
            "month": "2017-07",
            "price": "8.64",
            "revenue": 1170402
        },
        "2017-08": {
            "month": "2017-08",
            "price": "8.33",
            "revenue": 1180776
        },
        "2017-09": {
            "month": "2017-09",
            "price": "9.27",
            "revenue": 1198558
        },
        "2017-10": {
            "month": "2017-10",
            "price": "9.27",
            "revenue": 1228057
        },
        "2017-11": {
            "month": "2017-11",
            "price": "9.74",
            "revenue": 1256390
        },
        "2017-12": {
            "month": "2017-12",
            "price": "9.61",
            "revenue": 1077533
        },
        "2018-01": {
            "month": "2018-01",
            "price": "9.26",
            "revenue": 1106723
        },
        "2018-02": {
            "month": "2018-02",
            "price": "8.61",
            "revenue": 856467
        },
        "2018-03": {
            "month": "2018-03",
            "price": "8.80",
            "revenue": 1175461
        },
        "2018-04": {
            "month": "2018-04",
            "price": "8.53",
            "revenue": 1170447
        },
        "2018-05": {
            "month": "2018-05",
            "price": "8.19",
            "revenue": 1283024
        },
        "2018-06": {
            "month": "2018-06",
            "price": "10.12",
            "revenue": 1277265
        },
        "2018-07": {
            "month": "2018-07",
            "price": "10.52",
            "revenue": 1400677
        },
        "2018-08": {
            "month": "2018-08",
            "price": "10.40",
            "revenue": 1450883
        },
        "2018-09": {
            "month": "2018-09",
            "price": "10.20",
            "revenue": 1260660
        },
        "2018-10": {
            "month": "2018-10",
            "price": "8.91",
            "revenue": 1359992
        },
        "2018-11": {
            "month": "2018-11",
            "price": "7.59",
            "revenue": 1378701
        },
        "2018-12": {
            "month": "2018-12",
            "price": "12.28",
            "revenue": 1467867
        },
        "2019-01": {
            "month": "2019-01",
            "price": "12.22",
            "revenue": 1354012
        },
        "2019-02": {
            "month": "2019-02",
            "price": "13.75",
            "revenue": 1169628
        },
        "2019-03": {
            "month": "2019-03",
            "price": "14.69",
            "revenue": 1372384
        },
        "2019-04": {
            "month": "2019-04",
            "price": "16.38",
            "revenue": 1480791
        },
        "2019-05": {
            "month": "2019-05",
            "price": "14.39",
            "revenue": 1528295
        },
        "2019-06": {
            "month": "2019-06",
            "price": "14.44",
            "revenue": 1540882
        },
        "2019-07": {
            "month": "2019-07",
            "price": "15.24",
            "revenue": 1708287
        },
        "2019-08": {
            "month": "2019-08",
            "price": "17.12",
            "revenue": 1765203
        },
        "2019-09": {
            "month": "2019-09",
            "price": "18.27",
            "revenue": 1498677
        },
        "2019-10": {
            "month": "2019-10",
            "price": "16.53",
            "revenue": 1445866
        },
        "2019-11": {
            "month": "2019-11",
            "price": "15.60",
            "revenue": 1299155
        },
        "2019-12": {
            "month": "2019-12",
            "price": "15.16",
            "revenue": 1351133
        },
        "2020-01": {
            "month": "2020-01",
            "price": "14.77",
            "revenue": 1102468
        },
        "2020-02": {
            "month": "2020-02",
            "price": "13.12",
            "revenue": 1230547
        },
        "2020-03": {
            "month": "2020-03",
            "price": "10.58",
            "revenue": 1309518
        },
        "2020-04": {
            "month": "2020-04",
            "price": "11.05",
            "revenue": 1217418
        },
        "2020-05": {
            "month": "2020-05",
            "price": "11.77",
            "revenue": 1190738
        },
        "2020-06": {
            "month": "2020-06",
            "price": "11.90",
            "revenue": 1091784
        },
        "2020-07": {
            "month": "2020-07",
            "price": "11.87",
            "revenue": 1079272
        },
        "2020-08": {
            "month": "2020-08",
            "price": "11.35",
            "revenue": 1054756
        },
        "2020-09": {
            "month": "2020-09",
            "price": "10.73",
            "revenue": 1129859
        },
        "2020-10": {
            "month": "2020-10",
            "price": "11.22",
            "revenue": 1144655
        },
        "2020-11": {
            "month": "2020-11",
            "price": "11.79",
            "revenue": 1088312
        },
        "2020-12": {
            "month": "2020-12",
            "price": "14.75",
            "revenue": 1211186
        },
        "2021-01": {
            "month": "2021-01",
            "price": "15.85",
            "revenue": 1265924
        },
        "2021-02": {
            "month": "2021-02",
            "price": "16.34",
            "revenue": 1092073
        },
        "2021-03": {
            "month": "2021-03",
            "price": "16.47",
            "revenue": 1430899
        },
        "2021-04": {
            "month": "2021-04",
            "price": "17.71",
            "revenue": 1368280
        },
        "2021-05": {
            "month": "2021-05",
            "price": "16.58",
            "revenue": 1406100
        },
        "2021-06": {
            "month": "2021-06",
            "price": "20.21",
            "revenue": 1373990
        },
        "2021-07": {
            "month": "2021-07",
            "price": "22.77",
            "revenue": 1337611
        },
        "2021-08": {
            "month": "2021-08",
            "price": "28.04",
            "revenue": 1304574
        },
        "2021-09": {
            "month": "2021-09",
            "price": "27.14",
            "revenue": 1307591
        },
        "2021-10": {
            "month": "2021-10",
            "price": "24.14",
            "revenue": 1335931
        },
        "2021-11": {
            "month": "2021-11",
            "price": "25.14",
            "revenue": 1351328
        },
        "2021-12": {
            "month": "2021-12",
            "price": "25.83",
            "revenue": 1373837
        },
        "2022-01": {
            "month": "2022-01",
            "price": "24.41",
            "revenue": 1231513
        },
        "2022-02": {
            "month": "2022-02",
            "price": "23.46",
            "revenue": 1110647
        },
        "2022-03": {
            "month": "2022-03",
            "price": "22.35",
            "revenue": 1496740
        },
        "2022-04": {
            "month": "2022-04",
            "price": "20.07",
            "revenue": 1462314
        },
        "2022-05": {
            "month": "2022-05",
            "price": "20.17",
            "revenue": 1413069
        },
        "2022-06": {
            "month": "2022-06",
            "price": "18.66",
            "revenue": 1412836
        },
        "2022-07": {
            "month": "2022-07",
            "price": "15.84",
            "revenue": 1313341
        },
        "2022-08": {
            "month": "2022-08",
            "price": "17.48",
            "revenue": 1327389
        },
        "2022-09": {
            "month": "2022-09",
            "price": "17.22",
            "revenue": 1168206
        },
        "2022-10": {
            "month": "2022-10",
            "price": "15.99",
            "revenue": 1195847
        },
        "2022-11": {
            "month": "2022-11",
            "price": "18.00",
            "revenue": 1239696
        },
        "2022-12": {
            "month": "2022-12",
            "price": "18.18",
            "revenue": 1172398
        },
        "2023-01": {
            "month": "2023-01",
            "price": "18.00",
            "revenue": 976252
        },
        "2023-02": {
            "month": "2023-02",
            "price": "19.52",
            "revenue": 1031827
        },
        "2023-03": {
            "month": "2023-03",
            "price": "20.17",
            "revenue": 1245332
        },
        "2023-04": {
            "month": "2023-04",
            "price": "20.72",
            "revenue": 1228463
        }
    }
}
