{
    "summary": {
        "stock_name": "台積電",
        "stock_id": "2330",
        "category": "半導體",
        "main_business": "依客戶之訂單與其提供之產品設計說明，以從事製造與銷售積體電路<br>以及其他晶圓半導體裝置。提供前述產品之封裝與測試服務、積體電<br>路之電腦輔助設計技術服務。提供製造光罩及其設計服務。",
        "website_url": "https://www.tsmc.com",
        "ceo": "總裁: 魏哲家",
        "pe_ratio": 24,
        "report_year_from": 2001,
        "report_year_to": 2023,
        "age": 23,
        "eps_negative_percentage": 0,
        "eps_growth_avg": {
            "last_all": 21.02,
            "last_2y": 22.68,
            "last_4y": 23.27,
            "last_8y": 16.3,
            "last_12y": 15.92,
            "last_16y": 14.9,
            "last_20y": 21.48,
            "at_2006_last_3y": 49.45,
            "at_2007_last_3y": 20.34,
            "at_2008_last_3y": 0.14,
            "at_2009_last_3y": -0.98,
            "at_2010_last_3y": 11.58,
            "at_2011_last_3y": 11.48,
            "at_2012_last_3y": 19.05,
            "at_2013_last_3y": 25.18,
            "at_2014_last_3y": 15.05,
            "at_2015_last_3y": 23.35,
            "at_2016_last_3y": 19.7,
            "at_2017_last_3y": 17.02,
            "at_2018_last_3y": 7.58,
            "at_2019_last_3y": 3.06,
            "at_2020_last_3y": 13.35,
            "at_2021_last_3y": 16.46,
            "at_2022_last_3y": 33.47,
            "at_2023_last_3y": 29.53,
            "at_2024_last_3y": 29.53,
            "at_2006_last_all": 41.85,
            "at_2007_last_all": 32.13,
            "at_2008_last_all": 26.58,
            "at_2009_last_all": 21.87,
            "at_2010_last_all": 28.39,
            "at_2011_last_all": 23.87,
            "at_2012_last_all": 23.84,
            "at_2013_last_all": 22.97,
            "at_2014_last_all": 24.29,
            "at_2015_last_all": 23.72,
            "at_2016_last_all": 22.74,
            "at_2017_last_all": 21.48,
            "at_2018_last_all": 20.36,
            "at_2019_last_all": 19.13,
            "at_2020_last_all": 20.76,
            "at_2021_last_all": 20.48,
            "at_2022_last_all": 22.86,
            "at_2023_last_all": 21.02,
            "at_2024_last_all": 21.02
        },
        "latest_eps": 32.33,
        "latest_price": 784,
        "latest_roe": 26,
        "latest_gross_margin": 53.04,
        "latest_equity": 3483262847,
        "latest_revenue": 625528856,
        "latest_gross_profit": 331767925,
        "latest_net_income": 238306201,
        "latest_debt_ratio": 37.04,
        "latest_current_ratio": 240.16,
        "latest_account_receivable_turnover_ratio": 2.95,
        "latest_inventory_turnover_ratio": 1.15,
        "latest_reinvestment_rate": 58.48,
        "latest_research_to_sale_ratio": 8.06
    },
    "eps_dividends": {
        "1992": {
            "cash": 0.1,
            "stock": 0.4,
            "eps": 0
        },
        "1993": {
            "cash": 0,
            "stock": 1.04,
            "eps": 0
        },
        "1994": {
            "cash": 1,
            "stock": 2.48,
            "eps": 0
        },
        "1995": {
            "cash": 0,
            "stock": 8,
            "eps": 0
        },
        "1996": {
            "cash": 0,
            "stock": 8,
            "eps": 0
        },
        "1997": {
            "cash": 0,
            "stock": 5,
            "eps": 0
        },
        "1998": {
            "cash": 0,
            "stock": 4.5,
            "eps": 0
        },
        "1999": {
            "cash": 0,
            "stock": 2.3,
            "eps": 0
        },
        "2000": {
            "cash": 0,
            "stock": 2.8,
            "eps": 0
        },
        "2001": {
            "cash": 0,
            "stock": 4,
            "eps": 1.05
        },
        "2002": {
            "cash": 0,
            "stock": 1,
            "eps": 1.17
        },
        "2003": {
            "cash": 0,
            "stock": 0.8,
            "eps": 2.35
        },
        "2004": {
            "cash": 0.6,
            "stock": 1.4,
            "eps": 4.09
        },
        "2005": {
            "cash": 2,
            "stock": 0.5,
            "eps": 3.82
        },
        "2006": {
            "cash": 2.5,
            "stock": 0.3,
            "eps": 4.98
        },
        "2007": {
            "cash": 3,
            "stock": 0.05,
            "eps": 4.16
        },
        "2008": {
            "cash": 3.03,
            "stock": 0.05,
            "eps": 3.88
        },
        "2009": {
            "cash": 3,
            "stock": 0.05,
            "eps": 3.45
        },
        "2010": {
            "cash": 3,
            "stock": 0,
            "eps": 6.23
        },
        "2011": {
            "cash": 6,
            "stock": 0,
            "eps": 5.18
        },
        "2012": {
            "cash": 0,
            "stock": 0,
            "eps": 6.4
        },
        "2013": {
            "cash": 3,
            "stock": 0,
            "eps": 7.26
        },
        "2014": {
            "cash": 3,
            "stock": 0,
            "eps": 10.17
        },
        "2015": {
            "cash": 4.5,
            "stock": 0,
            "eps": 11.83
        },
        "2016": {
            "cash": 6,
            "stock": 0,
            "eps": 12.89
        },
        "2017": {
            "cash": 7,
            "stock": 0,
            "eps": 13.24
        },
        "2018": {
            "cash": 8,
            "stock": 0,
            "eps": 13.55
        },
        "2019": {
            "cash": 10,
            "stock": 0,
            "eps": 13.31
        },
        "2020": {
            "cash": 10,
            "stock": 0,
            "eps": 19.98
        },
        "2021": {
            "cash": 10.25,
            "stock": 0,
            "eps": 23.01
        },
        "2022": {
            "cash": 11,
            "stock": 0,
            "eps": 39.2
        },
        "2023": {
            "cash": 11.25,
            "stock": 0,
            "eps": 32.34
        },
        "2024": {
            "cash": 10,
            "stock": 0,
            "eps": 0
        }
    },
    "dividends": {
        "1992-05-19": {
            "cash": 0.1,
            "stock": 0.4
        },
        "1993-05-19": {
            "cash": 0,
            "stock": 1.04
        },
        "1994-04-21": {
            "cash": 1,
            "stock": 2.48
        },
        "1995-05-12": {
            "cash": 0,
            "stock": 8
        },
        "1996-04-08": {
            "cash": 0,
            "stock": 8
        },
        "1997-05-13": {
            "cash": 0,
            "stock": 5
        },
        "1998-05-12": {
            "cash": 0,
            "stock": 4.5
        },
        "1999-05-11": {
            "cash": 0,
            "stock": 2.3
        },
        "2000-04-14": {
            "cash": 0,
            "stock": 2.8
        },
        "2001-05-15": {
            "cash": 0,
            "stock": 4
        },
        "2002-05-07": {
            "cash": 0,
            "stock": 1
        },
        "2003-03-04": {
            "cash": 0,
            "stock": 0.8
        },
        "2004-02-17": {
            "cash": 0.6,
            "stock": 1.4
        },
        "2005-02-22": {
            "cash": 2,
            "stock": 0.5
        },
        "2006-02-14": {
            "cash": 2.5,
            "stock": 0.3
        },
        "2007-02-06": {
            "cash": 3,
            "stock": 0.05
        },
        "2008-02-19": {
            "cash": 3.03,
            "stock": 0.05
        },
        "2009-02-10": {
            "cash": 3,
            "stock": 0.05
        },
        "2010-02-09": {
            "cash": 3,
            "stock": 0
        },
        "2011-01-01": {
            "cash": 3,
            "stock": 0
        },
        "2011-02-15": {
            "cash": 3,
            "stock": 0
        },
        "2013-02-05": {
            "cash": 3,
            "stock": 0
        },
        "2014-06-24": {
            "cash": 3,
            "stock": 0
        },
        "2015-07-23": {
            "cash": 4.5,
            "stock": 0
        },
        "2016-07-21": {
            "cash": 6,
            "stock": 0
        },
        "2017-07-20": {
            "cash": 7,
            "stock": 0
        },
        "2018-07-19": {
            "cash": 8,
            "stock": 0
        },
        "2019-07-18": {
            "cash": 8,
            "stock": 0
        },
        "2019-10-17": {
            "cash": 2,
            "stock": 0
        },
        "2020-01-16": {
            "cash": 2.5,
            "stock": 0
        },
        "2020-04-16": {
            "cash": 2.5,
            "stock": 0
        },
        "2020-07-16": {
            "cash": 2.5,
            "stock": 0
        },
        "2020-10-15": {
            "cash": 2.5,
            "stock": 0
        },
        "2021-01-14": {
            "cash": 2.5,
            "stock": 0
        },
        "2021-04-15": {
            "cash": 2.5,
            "stock": 0
        },
        "2021-07-15": {
            "cash": 2.5,
            "stock": 0
        },
        "2021-10-14": {
            "cash": 2.75,
            "stock": 0
        },
        "2022-01-13": {
            "cash": 2.75,
            "stock": 0
        },
        "2022-04-14": {
            "cash": 2.75,
            "stock": 0
        },
        "2022-07-14": {
            "cash": 2.75,
            "stock": 0
        },
        "2022-10-13": {
            "cash": 2.75,
            "stock": 0
        },
        "2023-01-12": {
            "cash": 2.75,
            "stock": 0
        },
        "2023-04-13": {
            "cash": 2.75,
            "stock": 0
        },
        "2023-07-13": {
            "cash": 2.75,
            "stock": 0
        },
        "2023-10-12": {
            "cash": 3,
            "stock": 0
        },
        "2024-01-11": {
            "cash": 3,
            "stock": 0
        },
        "2024-02-06": {
            "cash": 3.5,
            "stock": 0
        },
        "2024-04-11": {
            "cash": 3.5,
            "stock": 0
        }
    },
    "prices": {
        "200101": "93.91",
        "200102": "95.13",
        "200103": "87.57",
        "200104": "85.32",
        "200105": "92.41",
        "200106": "86.15",
        "200107": "62.45",
        "200108": "66.04",
        "200109": "56.36",
        "200110": "55.28",
        "200111": "70.98",
        "200112": "83.74",
        "200201": "88.64",
        "200202": "83.79",
        "200203": "92.88",
        "200204": "92.71",
        "200205": "86.07",
        "200206": "73.52",
        "200207": "63.33",
        "200208": "50.97",
        "200209": "46.16",
        "200210": "41.89",
        "200211": "48.65",
        "200212": "48.10",
        "200301": "47.68",
        "200302": "42.62",
        "200303": "44.73",
        "200304": "45.54",
        "200305": "48.98",
        "200306": "57.50",
        "200307": "58.78",
        "200308": "61.31",
        "200309": "68.07",
        "200310": "68.09",
        "200311": "66.48",
        "200312": "62.78",
        "200401": "66.67",
        "200402": "63.28",
        "200403": "62.11",
        "200404": "61.23",
        "200405": "55.76",
        "200406": "48.88",
        "200407": "43.69",
        "200408": "45.08",
        "200409": "44.74",
        "200410": "43.36",
        "200411": "47.72",
        "200412": "49.23",
        "200501": "48.51",
        "200502": "53.92",
        "200503": "51.87",
        "200504": "51.38",
        "200505": "55.06",
        "200506": "56.52",
        "200507": "55.52",
        "200508": "52.91",
        "200509": "52.48",
        "200510": "51.47",
        "200511": "56.57",
        "200512": "62.15",
        "200601": "63.84",
        "200602": "62.54",
        "200603": "60.88",
        "200604": "67.45",
        "200605": "63.93",
        "200606": "58.04",
        "200607": "55.60",
        "200608": "56.97",
        "200609": "59.01",
        "200610": "61.60",
        "200611": "62.08",
        "200612": "65.88",
        "200701": "68.36",
        "200702": "67.92",
        "200703": "67.84",
        "200704": "68.60",
        "200705": "68.06",
        "200706": "68.02",
        "200707": "70.20",
        "200708": "61.73",
        "200709": "61.85",
        "200710": "62.98",
        "200711": "61.03",
        "200712": "60.43",
        "200801": "55.84",
        "200802": "61.36",
        "200803": "63.16",
        "200804": "64.87",
        "200805": "67.45",
        "200806": "65.47",
        "200807": "58.72",
        "200808": "59.50",
        "200809": "53.72",
        "200810": "45.79",
        "200811": "41.68",
        "200812": "42.45",
        "200901": "42.22",
        "200902": "44.48",
        "200903": "49.16",
        "200904": "51.77",
        "200905": "56.63",
        "200906": "55.40",
        "200907": "55.63",
        "200908": "58.02",
        "200909": "61.95",
        "200910": "61.83",
        "200911": "61.32",
        "200912": "62.52",
        "201001": "62.69",
        "201002": "58.69",
        "201003": "60.62",
        "201004": "62.73",
        "201005": "59.68",
        "201006": "60.93",
        "201007": "61.12",
        "201008": "60.28",
        "201009": "60.53",
        "201010": "61.61",
        "201011": "63.78",
        "201012": "69.79",
        "201101": "74.33",
        "201102": "72.37",
        "201103": "70.03",
        "201104": "70.94",
        "201105": "75.03",
        "201106": "75.07",
        "201107": "71.82",
        "201108": "67.19",
        "201109": "69.00",
        "201110": "70.63",
        "201111": "74.07",
        "201112": "75.02",
        "201201": "76.40",
        "201202": "78.13",
        "201203": "82.25",
        "201204": "84.28",
        "201205": "83.94",
        "201206": "79.50",
        "201207": "78.09",
        "201208": "82.18",
        "201209": "85.18",
        "201210": "87.64",
        "201211": "92.05",
        "201212": "96.89",
        "201301": "100.52",
        "201302": "105.23",
        "201303": "101.57",
        "201304": "102.90",
        "201305": "112.20",
        "201306": "105.97",
        "201307": "105.05",
        "201308": "97.26",
        "201309": "103.05",
        "201310": "107.09",
        "201311": "104.64",
        "201312": "103.68",
        "201401": "104.81",
        "201402": "105.91",
        "201403": "113.60",
        "201404": "120.07",
        "201405": "120.69",
        "201406": "124.08",
        "201407": "128.93",
        "201408": "123.07",
        "201409": "124.21",
        "201410": "125.02",
        "201411": "135.18",
        "201412": "137.23",
        "201501": "138.40",
        "201502": "146.69",
        "201503": "148.64",
        "201504": "146.02",
        "201505": "146.70",
        "201506": "142.40",
        "201507": "138.43",
        "201508": "127.38",
        "201509": "127.05",
        "201510": "136.90",
        "201511": "139.60",
        "201512": "141.89",
        "201601": "136.79",
        "201602": "147.92",
        "201603": "156.46",
        "201604": "156.92",
        "201605": "149.52",
        "201606": "161.38",
        "201607": "169.58",
        "201608": "176.11",
        "201609": "180.26",
        "201610": "188.60",
        "201611": "183.57",
        "201612": "182.32",
        "201701": "182.69",
        "201702": "187.17",
        "201703": "188.96",
        "201704": "190.42",
        "201705": "203.42",
        "201706": "211.28",
        "201707": "211.88",
        "201708": "214.59",
        "201709": "217.73",
        "201710": "234.92",
        "201711": "239.45",
        "201712": "227.69",
        "201801": "246.95",
        "201802": "244.46",
        "201803": "249.37",
        "201804": "236.81",
        "201805": "227.05",
        "201806": "224.62",
        "201807": "227.91",
        "201808": "245.80",
        "201809": "260.58",
        "201810": "237.80",
        "201811": "227.82",
        "201812": "223.45",
        "201901": "219.07",
        "201902": "232.62",
        "201903": "238.75",
        "201904": "257.75",
        "201905": "244.77",
        "201906": "239.16",
        "201907": "253.65",
        "201908": "251.52",
        "201909": "263.63",
        "201910": "289.52",
        "201911": "307.69",
        "201912": "326.80",
        "202001": "334.07",
        "202002": "326.26",
        "202003": "286.45",
        "202004": "290.10",
        "202005": "295.02",
        "202006": "312.22",
        "202007": "370.74",
        "202008": "429.67",
        "202009": "435.36",
        "202010": "448.92",
        "202011": "471.19",
        "202012": "511.17",
        "202101": "600.25",
        "202102": "635.69",
        "202103": "599.00",
        "202104": "605.68",
        "202105": "576.52",
        "202106": "594.86",
        "202107": "589.64",
        "202108": "586.09",
        "202109": "605.85",
        "202110": "586.15",
        "202111": "603.32",
        "202112": "605.18",
        "202201": "651.28",
        "202202": "632.33",
        "202203": "584.35",
        "202204": "559.47",
        "202205": "527.29",
        "202206": "512.31",
        "202207": "478.14",
        "202208": "509.41",
        "202209": "468.07",
        "202210": "403.08",
        "202211": "450.36",
        "202212": "469.52",
        "202301": "486.96",
        "202302": "528.44",
        "202303": "522.22",
        "202304": "513.00",
        "202305": "521.61",
        "202306": "573.65",
        "202307": "574.19",
        "202308": "549.82",
        "202309": "538.40",
        "202310": "539.20",
        "202311": "566.91",
        "202312": "580.19"
    },
    "quarters": {
        "20011": {
            "year_quarter": 20011,
            "year": 2001,
            "quarter": 1,
            "eps": 0.71,
            "eps_growth_year": -46.21,
            "eps_4q": 5.35,
            "eps_4q_growth_year": 33.8,
            "roe": 3.16,
            "roe_4q": 3.16,
            "gross_profit": 13528300,
            "gross_margin": 34.23,
            "gross_margin_4q_avg": 34.23,
            "net_income": 8420374,
            "net_income_4q": null,
            "revenue": 39520746,
            "revenue_4q": null,
            "common_shares": 116893646,
            "book_valuer_per_share": 23.1,
            "book_valuer_per_share_4q_avg": 23.1,
            "equity": 270019214,
            "current_ratio": 246.56,
            "debt_ratio": 20.04,
            "inventory_turnover_ratio": 2.5,
            "account_receivable_turnover_ratio": null,
            "reinvestment_rate": null,
            "research_to_sale_ratio": null,
            "price_fair": 0,
            "eps_avg_yearly": 0,
            "eps_latest_yearly": 0,
            "eps_growth_yearly": 0
        },
        "20012": {
            "year_quarter": 20012,
            "year": 2001,
            "quarter": 2,
            "eps": 0.01,
            "eps_growth_year": -99.17,
            "eps_4q": 4.3,
            "eps_4q_growth_year": 26.02,
            "roe": 0.12,
            "roe_4q": 3.2800000000000002,
            "gross_profit": 4947898,
            "gross_margin": 18.81,
            "gross_margin_4q_avg": 26.52,
            "net_income": 312402,
            "net_income_4q": null,
            "revenue": 26297749,
            "revenue_4q": null,
            "common_shares": 116893646,
            "book_valuer_per_share": 23.18,
            "book_valuer_per_share_4q_avg": 23.14,
            "equity": 270984734,
            "current_ratio": 224.55,
            "debt_ratio": 19.84,
            "inventory_turnover_ratio": 2.9,
            "account_receivable_turnover_ratio": null,
            "reinvestment_rate": null,
            "research_to_sale_ratio": null,
            "price_fair": 0,
            "eps_avg_yearly": 0,
            "eps_latest_yearly": 0,
            "eps_growth_yearly": 0
        },
        "20013": {
            "year_quarter": 20013,
            "year": 2001,
            "quarter": 3,
            "eps": 0.07,
            "eps_growth_year": -96.05,
            "eps_4q": 1.78,
            "eps_4q_growth_year": -61.17,
            "roe": 0.46,
            "roe_4q": 3.74,
            "gross_profit": 6815763,
            "gross_margin": 25.3,
            "gross_margin_4q_avg": 26.11,
            "net_income": 1236677,
            "net_income_4q": null,
            "revenue": 26939892,
            "revenue_4q": null,
            "common_shares": 168325531,
            "book_valuer_per_share": 16.17,
            "book_valuer_per_share_4q_avg": 20.82,
            "equity": 272166614,
            "current_ratio": 234.52,
            "debt_ratio": 18.41,
            "inventory_turnover_ratio": 2.86,
            "account_receivable_turnover_ratio": null,
            "reinvestment_rate": null,
            "research_to_sale_ratio": null,
            "price_fair": 0,
            "eps_avg_yearly": 0,
            "eps_latest_yearly": 0,
            "eps_growth_yearly": 0
        },
        "20014": {
            "year_quarter": 20014,
            "year": 2001,
            "quarter": 4,
            "eps": 0.26,
            "eps_growth_year": -86.17,
            "eps_4q": 0.83,
            "eps_4q_growth_year": -85.36,
            "roe": 1.64,
            "roe_4q": 5.380000000000001,
            "gross_profit": 11089090,
            "gross_margin": 33.47,
            "gross_margin_4q_avg": 27.95,
            "net_income": 4513721,
            "net_income_4q": null,
            "revenue": 33129616,
            "revenue_4q": null,
            "common_shares": 168325531,
            "book_valuer_per_share": 16.47,
            "book_valuer_per_share_4q_avg": 19.73,
            "equity": 277310315,
            "current_ratio": 212.43,
            "debt_ratio": 24.34,
            "inventory_turnover_ratio": 2.56,
            "account_receivable_turnover_ratio": null,
            "reinvestment_rate": null,
            "research_to_sale_ratio": null,
            "price_fair": 0,
            "eps_avg_yearly": 0,
            "eps_latest_yearly": 0,
            "eps_growth_yearly": 0
        },
        "20021": {
            "year_quarter": 20021,
            "year": 2002,
            "quarter": 1,
            "eps": 0.39,
            "eps_growth_year": -45.07,
            "eps_4q": 0.75,
            "eps_4q_growth_year": -86,
            "roe": 2.36,
            "roe_4q": 4.58,
            "gross_profit": 12026706,
            "gross_margin": 33.6,
            "gross_margin_4q_avg": 27.8,
            "net_income": 6587832,
            "net_income_4q": null,
            "revenue": 35789715,
            "revenue_4q": null,
            "common_shares": 168325531,
            "book_valuer_per_share": 16.74,
            "book_valuer_per_share_4q_avg": 18.14,
            "equity": 281708675,
            "current_ratio": 309.47,
            "debt_ratio": 21.13,
            "inventory_turnover_ratio": 2.43,
            "account_receivable_turnover_ratio": null,
            "reinvestment_rate": null,
            "research_to_sale_ratio": null,
            "price_fair": 54.6,
            "eps_avg_yearly": 1.56,
            "eps_latest_yearly": 1.56,
            "eps_growth_yearly": 200
        },
        "20022": {
            "year_quarter": 20022,
            "year": 2002,
            "quarter": 2,
            "eps": 0.49,
            "eps_growth_year": 4800,
            "eps_4q": 1.14,
            "eps_4q_growth_year": -73.5,
            "roe": 3.26,
            "roe_4q": 7.719999999999999,
            "gross_profit": 16423056,
            "gross_margin": 37.17,
            "gross_margin_4q_avg": 32.39,
            "net_income": 9309519,
            "net_income_4q": null,
            "revenue": 44182454,
            "revenue_4q": null,
            "common_shares": 186228867,
            "book_valuer_per_share": 15.53,
            "book_valuer_per_share_4q_avg": 16.23,
            "equity": 289164414,
            "current_ratio": 262.73,
            "debt_ratio": 22.89,
            "inventory_turnover_ratio": 2.59,
            "account_receivable_turnover_ratio": null,
            "reinvestment_rate": null,
            "research_to_sale_ratio": null,
            "price_fair": 61.6,
            "eps_avg_yearly": 1.76,
            "eps_latest_yearly": 1.96,
            "eps_growth_yearly": 151.28
        },
        "20023": {
            "year_quarter": 20023,
            "year": 2002,
            "quarter": 3,
            "eps": 0.16,
            "eps_growth_year": 128.57,
            "eps_4q": 1.19,
            "eps_4q_growth_year": -32.94,
            "roe": 1.08,
            "roe_4q": 8.34,
            "gross_profit": 12835205,
            "gross_margin": 32.22,
            "gross_margin_4q_avg": 34.12,
            "net_income": 3160166,
            "net_income_4q": null,
            "revenue": 39835017,
            "revenue_4q": null,
            "common_shares": 186228867,
            "book_valuer_per_share": 15.77,
            "book_valuer_per_share_4q_avg": 16.13,
            "equity": 293607329,
            "current_ratio": 242.83,
            "debt_ratio": 22.21,
            "inventory_turnover_ratio": 2.16,
            "account_receivable_turnover_ratio": null,
            "reinvestment_rate": null,
            "research_to_sale_ratio": null,
            "price_fair": 29.2,
            "eps_avg_yearly": 1.39,
            "eps_latest_yearly": 0.64,
            "eps_growth_yearly": 11.06
        },
        "20024": {
            "year_quarter": 20024,
            "year": 2002,
            "quarter": 4,
            "eps": 0.13,
            "eps_growth_year": -50,
            "eps_4q": 1.1,
            "eps_4q_growth_year": 31.91,
            "roe": 0.87,
            "roe_4q": 7.57,
            "gross_profit": 10682178,
            "gross_margin": 25.96,
            "gross_margin_4q_avg": 32.24,
            "net_income": 2552774,
            "net_income_4q": null,
            "revenue": 41154143,
            "revenue_4q": null,
            "common_shares": 186228867,
            "book_valuer_per_share": 15.89,
            "book_valuer_per_share_4q_avg": 15.98,
            "equity": 295948705,
            "current_ratio": 257.43,
            "debt_ratio": 24.22,
            "inventory_turnover_ratio": 2.49,
            "account_receivable_turnover_ratio": null,
            "reinvestment_rate": 117.52,
            "research_to_sale_ratio": null,
            "price_fair": 3.51,
            "eps_avg_yearly": 1.17,
            "eps_latest_yearly": 0.52,
            "eps_growth_yearly": -10.46
        },
        "20031": {
            "year_quarter": 20031,
            "year": 2003,
            "quarter": 1,
            "eps": 0.23,
            "eps_growth_year": -41.03,
            "eps_4q": 1.02,
            "eps_4q_growth_year": 36.58,
            "roe": 1.46,
            "roe_4q": 6.67,
            "gross_profit": 10385892,
            "gross_margin": 26.41,
            "gross_margin_4q_avg": 30.44,
            "net_income": 4357867,
            "net_income_4q": null,
            "revenue": 39325313,
            "revenue_4q": null,
            "common_shares": 186228867,
            "book_valuer_per_share": 16.1,
            "book_valuer_per_share_4q_avg": 15.82,
            "equity": 299884466,
            "current_ratio": 506.14,
            "debt_ratio": 17.45,
            "inventory_turnover_ratio": 2.71,
            "account_receivable_turnover_ratio": null,
            "reinvestment_rate": 103.55,
            "research_to_sale_ratio": null,
            "price_fair": 39.2,
            "eps_avg_yearly": 1.12,
            "eps_latest_yearly": 0.92,
            "eps_growth_yearly": 53.17
        },
        "20032": {
            "year_quarter": 20032,
            "year": 2003,
            "quarter": 2,
            "eps": 0.58,
            "eps_growth_year": 18.37,
            "eps_4q": 1.08,
            "eps_4q_growth_year": -5.39,
            "roe": 3.92,
            "roe_4q": 7.33,
            "gross_profit": 18351408,
            "gross_margin": 36.76,
            "gross_margin_4q_avg": 30.34,
            "net_income": 11729967,
            "net_income_4q": null,
            "revenue": 49922152,
            "revenue_4q": null,
            "common_shares": 186228867,
            "book_valuer_per_share": 16.02,
            "book_valuer_per_share_4q_avg": 15.95,
            "equity": 298261570,
            "current_ratio": 505.23,
            "debt_ratio": 17.8,
            "inventory_turnover_ratio": 2.93,
            "account_receivable_turnover_ratio": null,
            "reinvestment_rate": 89.6,
            "research_to_sale_ratio": null,
            "price_fair": 46.2,
            "eps_avg_yearly": 1.32,
            "eps_latest_yearly": 2.32,
            "eps_growth_yearly": 145.76
        },
        "20033": {
            "year_quarter": 20033,
            "year": 2003,
            "quarter": 3,
            "eps": 0.75,
            "eps_growth_year": 368.75,
            "eps_4q": 1.67,
            "eps_4q_growth_year": 40.07,
            "roe": 4.96,
            "roe_4q": 11.209999999999999,
            "gross_profit": 21447074,
            "gross_margin": 39.08,
            "gross_margin_4q_avg": 32.05,
            "net_income": 15168515,
            "net_income_4q": null,
            "revenue": 54877271,
            "revenue_4q": null,
            "common_shares": 202666189,
            "book_valuer_per_share": 15.44,
            "book_valuer_per_share_4q_avg": 15.86,
            "equity": 312971421,
            "current_ratio": 497.2,
            "debt_ratio": 18.11,
            "inventory_turnover_ratio": 2.89,
            "account_receivable_turnover_ratio": null,
            "reinvestment_rate": 79.17,
            "research_to_sale_ratio": null,
            "price_fair": 54.6,
            "eps_avg_yearly": 1.56,
            "eps_latest_yearly": 3,
            "eps_growth_yearly": 141.69
        },
        "20034": {
            "year_quarter": 20034,
            "year": 2003,
            "quarter": 4,
            "eps": 0.79,
            "eps_growth_year": 507.69,
            "eps_4q": 2.33,
            "eps_4q_growth_year": 112,
            "roe": 4.98,
            "roe_4q": 15.32,
            "gross_profit": 22707263,
            "gross_margin": 39.3,
            "gross_margin_4q_avg": 35.39,
            "net_income": 16002351,
            "net_income_4q": null,
            "revenue": 57779605,
            "revenue_4q": null,
            "common_shares": 202666189,
            "book_valuer_per_share": 16.24,
            "book_valuer_per_share_4q_avg": 15.95,
            "equity": 329303308,
            "current_ratio": 534.69,
            "debt_ratio": 19.17,
            "inventory_turnover_ratio": 2.93,
            "account_receivable_turnover_ratio": null,
            "reinvestment_rate": 41.62,
            "research_to_sale_ratio": null,
            "price_fair": 61.6,
            "eps_avg_yearly": 1.76,
            "eps_latest_yearly": 3.16,
            "eps_growth_yearly": 126.64
        },
        "20041": {
            "year_quarter": 20041,
            "year": 2004,
            "quarter": 1,
            "eps": 0.93,
            "eps_growth_year": 304.35,
            "eps_4q": 3.05,
            "eps_4q_growth_year": 198.52,
            "roe": 5.56,
            "roe_4q": 19.42,
            "gross_profit": 22729213,
            "gross_margin": 39.52,
            "gross_margin_4q_avg": 38.67,
            "net_income": 18789202,
            "net_income_4q": null,
            "revenue": 57513205,
            "revenue_4q": null,
            "common_shares": 202666189,
            "book_valuer_per_share": 17.1,
            "book_valuer_per_share_4q_avg": 16.2,
            "equity": 346586042,
            "current_ratio": 461.43,
            "debt_ratio": 17.68,
            "inventory_turnover_ratio": 3.01,
            "account_receivable_turnover_ratio": null,
            "reinvestment_rate": 64.21,
            "research_to_sale_ratio": null,
            "price_fair": 69.22,
            "eps_avg_yearly": 1.98,
            "eps_latest_yearly": 3.72,
            "eps_growth_yearly": 120.45
        },
        "20042": {
            "year_quarter": 20042,
            "year": 2004,
            "quarter": 2,
            "eps": 1.01,
            "eps_growth_year": 74.14,
            "eps_4q": 3.17,
            "eps_4q_growth_year": 193.66,
            "roe": 6.71,
            "roe_4q": 22.21,
            "gross_profit": 28139172,
            "gross_margin": 43.38,
            "gross_margin_4q_avg": 40.32,
            "net_income": 23409600,
            "net_income_4q": null,
            "revenue": 64869241,
            "revenue_4q": null,
            "common_shares": 233765970,
            "book_valuer_per_share": 15.02,
            "book_valuer_per_share_4q_avg": 15.95,
            "equity": 351073754,
            "current_ratio": 347.53,
            "debt_ratio": 20.18,
            "inventory_turnover_ratio": 3.23,
            "account_receivable_turnover_ratio": null,
            "reinvestment_rate": 19.99,
            "research_to_sale_ratio": null,
            "price_fair": 76.44,
            "eps_avg_yearly": 2.18,
            "eps_latest_yearly": 4.04,
            "eps_growth_yearly": 111.84
        },
        "20043": {
            "year_quarter": 20043,
            "year": 2004,
            "quarter": 3,
            "eps": 1.2,
            "eps_growth_year": 60,
            "eps_4q": 3.7,
            "eps_4q_growth_year": 121.35,
            "roe": 7.65,
            "roe_4q": 24.9,
            "gross_profit": 32139453,
            "gross_margin": 46.09,
            "gross_margin_4q_avg": 42.07,
            "net_income": 27933179,
            "net_income_4q": null,
            "revenue": 69735037,
            "revenue_4q": null,
            "common_shares": 232518770,
            "book_valuer_per_share": 16.31,
            "book_valuer_per_share_4q_avg": 16.17,
            "equity": 379262790,
            "current_ratio": 383.8,
            "debt_ratio": 18,
            "inventory_turnover_ratio": 3.09,
            "account_receivable_turnover_ratio": null,
            "reinvestment_rate": 11.55,
            "research_to_sale_ratio": null,
            "price_fair": 84.76,
            "eps_avg_yearly": 2.42,
            "eps_latest_yearly": 4.8,
            "eps_growth_yearly": 108.52
        },
        "20044": {
            "year_quarter": 20044,
            "year": 2004,
            "quarter": 4,
            "eps": 0.95,
            "eps_growth_year": 20.25,
            "eps_4q": 3.95,
            "eps_4q_growth_year": 69.35,
            "roe": 5.7,
            "roe_4q": 25.62,
            "gross_profit": 32811183,
            "gross_margin": 50.4,
            "gross_margin_4q_avg": 44.85,
            "net_income": 22197013,
            "net_income_4q": null,
            "revenue": 65095618,
            "revenue_4q": null,
            "common_shares": 232519637,
            "book_valuer_per_share": 17.16,
            "book_valuer_per_share_4q_avg": 16.4,
            "equity": 399041036,
            "current_ratio": 288.57,
            "debt_ratio": 20.1,
            "inventory_turnover_ratio": 2.29,
            "account_receivable_turnover_ratio": null,
            "reinvestment_rate": 8.06,
            "research_to_sale_ratio": null,
            "price_fair": 88.78,
            "eps_avg_yearly": 2.54,
            "eps_latest_yearly": 3.8,
            "eps_growth_yearly": 92.53
        },
        "20051": {
            "year_quarter": 20051,
            "year": 2005,
            "quarter": 1,
            "eps": 0.72,
            "eps_growth_year": -22.58,
            "eps_4q": 3.87,
            "eps_4q_growth_year": 26.67,
            "roe": 4.13,
            "roe_4q": 24.19,
            "gross_profit": 21678000,
            "gross_margin": 38.13,
            "gross_margin_4q_avg": 44.5,
            "net_income": 16818000,
            "net_income_4q": null,
            "revenue": 56858000,
            "revenue_4q": null,
            "common_shares": 232529000,
            "book_valuer_per_share": 17.86,
            "book_valuer_per_share_4q_avg": 16.59,
            "equity": 416088000,
            "current_ratio": 419.04,
            "debt_ratio": 15.72,
            "inventory_turnover_ratio": 2.33,
            "account_receivable_turnover_ratio": null,
            "reinvestment_rate": 27.64,
            "research_to_sale_ratio": null,
            "price_fair": 89.71,
            "eps_avg_yearly": 2.56,
            "eps_latest_yearly": 2.88,
            "eps_growth_yearly": 77.96
        },
        "20052": {
            "year_quarter": 20052,
            "year": 2005,
            "quarter": 2,
            "eps": 0.74,
            "eps_growth_year": -26.73,
            "eps_4q": 3.43,
            "eps_4q_growth_year": 8.42,
            "roe": 4.59,
            "roe_4q": 22.07,
            "gross_profit": 24254148,
            "gross_margin": 40.44,
            "gross_margin_4q_avg": 43.77,
            "net_income": 18393625,
            "net_income_4q": null,
            "revenue": 59977730,
            "revenue_4q": null,
            "common_shares": 247261288,
            "book_valuer_per_share": 15.54,
            "book_valuer_per_share_4q_avg": 16.72,
            "equity": 384940834,
            "current_ratio": 215.36,
            "debt_ratio": 24.73,
            "inventory_turnover_ratio": 2.39,
            "account_receivable_turnover_ratio": null,
            "reinvestment_rate": 19.99,
            "research_to_sale_ratio": null,
            "price_fair": 90.7,
            "eps_avg_yearly": 2.59,
            "eps_latest_yearly": 2.96,
            "eps_growth_yearly": 73.19
        },
        "20053": {
            "year_quarter": 20053,
            "year": 2005,
            "quarter": 3,
            "eps": 0.99,
            "eps_growth_year": -17.5,
            "eps_4q": 3.3,
            "eps_4q_growth_year": -10.7,
            "roe": 6.16,
            "roe_4q": 20.58,
            "gross_profit": 30956852,
            "gross_margin": 43.91,
            "gross_margin_4q_avg": 43.22,
            "net_income": 24524375,
            "net_income_4q": null,
            "revenue": 70501270,
            "revenue_4q": null,
            "common_shares": 247273000,
            "book_valuer_per_share": 16.63,
            "book_valuer_per_share_4q_avg": 16.8,
            "equity": 411897000,
            "current_ratio": 384.54,
            "debt_ratio": 16.98,
            "inventory_turnover_ratio": 2.52,
            "account_receivable_turnover_ratio": null,
            "reinvestment_rate": 14.08,
            "research_to_sale_ratio": null,
            "price_fair": 93.89,
            "eps_avg_yearly": 2.68,
            "eps_latest_yearly": 3.96,
            "eps_growth_yearly": 77.32
        },
        "20054": {
            "year_quarter": 20054,
            "year": 2005,
            "quarter": 4,
            "eps": 1.37,
            "eps_growth_year": 44.21,
            "eps_4q": 3.78,
            "eps_4q_growth_year": -4.28,
            "roe": 7.9,
            "roe_4q": 22.779999999999998,
            "gross_profit": 41313874,
            "gross_margin": 52.15,
            "gross_margin_4q_avg": 43.66,
            "net_income": 33896668,
            "net_income_4q": null,
            "revenue": 79228070,
            "revenue_4q": null,
            "common_shares": 247300246,
            "book_valuer_per_share": 18.02,
            "book_valuer_per_share_4q_avg": 17.01,
            "equity": 446238708,
            "current_ratio": 604.33,
            "debt_ratio": 14.1,
            "inventory_turnover_ratio": 2.23,
            "account_receivable_turnover_ratio": null,
            "reinvestment_rate": -2.54,
            "research_to_sale_ratio": null,
            "price_fair": 100.01,
            "eps_avg_yearly": 2.86,
            "eps_latest_yearly": 5.48,
            "eps_growth_yearly": 82.08
        },
        "20061": {
            "year_quarter": 20061,
            "year": 2006,
            "quarter": 1,
            "eps": 1.32,
            "eps_growth_year": 83.33,
            "eps_4q": 4.42,
            "eps_4q_growth_year": 14.24,
            "roe": 7.07,
            "roe_4q": 25.720000000000002,
            "gross_profit": 37726772,
            "gross_margin": 48.46,
            "gross_margin_4q_avg": 46.24,
            "net_income": 32670638,
            "net_income_4q": null,
            "revenue": 77850349,
            "revenue_4q": null,
            "common_shares": 247330530,
            "book_valuer_per_share": 19.32,
            "book_valuer_per_share_4q_avg": 17.38,
            "equity": 478610665,
            "current_ratio": 634.35,
            "debt_ratio": 13.81,
            "inventory_turnover_ratio": 2.22,
            "account_receivable_turnover_ratio": null,
            "reinvestment_rate": 11.58,
            "research_to_sale_ratio": null,
            "price_fair": 108.15,
            "eps_avg_yearly": 3.09,
            "eps_latest_yearly": 5.28,
            "eps_growth_yearly": 68.67
        },
        "20062": {
            "year_quarter": 20062,
            "year": 2006,
            "quarter": 2,
            "eps": 1.32,
            "eps_growth_year": 78.38,
            "eps_4q": 4.85,
            "eps_4q_growth_year": 41.44,
            "roe": 7.34,
            "roe_4q": 28.470000000000002,
            "gross_profit": 42498412,
            "gross_margin": 51.75,
            "gross_margin_4q_avg": 49.07,
            "net_income": 33991254,
            "net_income_4q": null,
            "revenue": 82117811,
            "revenue_4q": null,
            "common_shares": 258233569,
            "book_valuer_per_share": 17.3,
            "book_valuer_per_share_4q_avg": 17.82,
            "equity": 447499224,
            "current_ratio": 253.57,
            "debt_ratio": 24.63,
            "inventory_turnover_ratio": 2.06,
            "account_receivable_turnover_ratio": null,
            "reinvestment_rate": 13.06,
            "research_to_sale_ratio": null,
            "price_fair": 115.41,
            "eps_avg_yearly": 3.3,
            "eps_latest_yearly": 5.28,
            "eps_growth_yearly": 62.26
        },
        "20063": {
            "year_quarter": 20063,
            "year": 2006,
            "quarter": 3,
            "eps": 1.26,
            "eps_growth_year": 27.27,
            "eps_4q": 5.15,
            "eps_4q_growth_year": 55.95,
            "roe": 7,
            "roe_4q": 29.310000000000002,
            "gross_profit": 41131648,
            "gross_margin": 49.87,
            "gross_margin_4q_avg": 50.56,
            "net_income": 32519017,
            "net_income_4q": null,
            "revenue": 82475785,
            "revenue_4q": null,
            "common_shares": 258258398,
            "book_valuer_per_share": 18.63,
            "book_valuer_per_share_4q_avg": 18.32,
            "equity": 481863423,
            "current_ratio": 501.05,
            "debt_ratio": 14.46,
            "inventory_turnover_ratio": 2.05,
            "account_receivable_turnover_ratio": null,
            "reinvestment_rate": 12.89,
            "research_to_sale_ratio": null,
            "price_fair": 125.04,
            "eps_avg_yearly": 3.57,
            "eps_latest_yearly": 5.04,
            "eps_growth_yearly": 77.96
        },
        "20064": {
            "year_quarter": 20064,
            "year": 2006,
            "quarter": 4,
            "eps": 1.08,
            "eps_growth_year": -21.17,
            "eps_4q": 4.9,
            "eps_4q_growth_year": 29.47,
            "roe": 5.65,
            "roe_4q": 27.060000000000002,
            "gross_profit": 34453258,
            "gross_margin": 45.96,
            "gross_margin_4q_avg": 49.01,
            "net_income": 28014337,
            "net_income_4q": null,
            "revenue": 74963226,
            "revenue_4q": null,
            "common_shares": 258296879,
            "book_valuer_per_share": 19.67,
            "book_valuer_per_share_4q_avg": 18.73,
            "equity": 509138116,
            "current_ratio": 555.51,
            "debt_ratio": 13.34,
            "inventory_turnover_ratio": 1.94,
            "account_receivable_turnover_ratio": null,
            "reinvestment_rate": 2.11,
            "research_to_sale_ratio": null,
            "price_fair": 133.35,
            "eps_avg_yearly": 3.81,
            "eps_latest_yearly": 4.32,
            "eps_growth_yearly": 79.07
        },
        "20071": {
            "year_quarter": 20071,
            "year": 2007,
            "quarter": 1,
            "eps": 0.73,
            "eps_growth_year": -44.7,
            "eps_4q": 4.36,
            "eps_4q_growth_year": -1.33,
            "roe": 3.64,
            "roe_4q": 23.63,
            "gross_profit": 24610469,
            "gross_margin": 37.92,
            "gross_margin_4q_avg": 46.38,
            "net_income": 18960668,
            "net_income_4q": null,
            "revenue": 64897380,
            "revenue_4q": null,
            "common_shares": 258329592,
            "book_valuer_per_share": 20.46,
            "book_valuer_per_share_4q_avg": 19.02,
            "equity": 531738385,
            "current_ratio": 634.08,
            "debt_ratio": 12.65,
            "inventory_turnover_ratio": 1.84,
            "account_receivable_turnover_ratio": null,
            "reinvestment_rate": 11.93,
            "research_to_sale_ratio": null,
            "price_fair": 137.73,
            "eps_avg_yearly": 3.94,
            "eps_latest_yearly": 2.92,
            "eps_growth_yearly": 51.74
        },
        "20072": {
            "year_quarter": 20072,
            "year": 2007,
            "quarter": 2,
            "eps": 0.97,
            "eps_growth_year": -26.52,
            "eps_4q": 3.96,
            "eps_4q_growth_year": -18.35,
            "roe": 5.1,
            "roe_4q": 21.39,
            "gross_profit": 32179904,
            "gross_margin": 42.95,
            "gross_margin_4q_avg": 44.18,
            "net_income": 25630291,
            "net_income_4q": null,
            "revenue": 74917933,
            "revenue_4q": null,
            "common_shares": 264235168,
            "book_valuer_per_share": 17.82,
            "book_valuer_per_share_4q_avg": 19.15,
            "equity": 473872196,
            "current_ratio": 230.07,
            "debt_ratio": 25.66,
            "inventory_turnover_ratio": 1.85,
            "account_receivable_turnover_ratio": null,
            "reinvestment_rate": 17.69,
            "research_to_sale_ratio": null,
            "price_fair": 128.71,
            "eps_avg_yearly": 4.03,
            "eps_latest_yearly": 3.88,
            "eps_growth_yearly": 21.92
        },
        "20073": {
            "year_quarter": 20073,
            "year": 2007,
            "quarter": 3,
            "eps": 1.15,
            "eps_growth_year": -8.73,
            "eps_4q": 3.85,
            "eps_4q_growth_year": -25.22,
            "roe": 6.26,
            "roe_4q": 20.65,
            "gross_profit": 40724317,
            "gross_margin": 45.78,
            "gross_margin_4q_avg": 43.15,
            "net_income": 30617828,
            "net_income_4q": null,
            "revenue": 88955495,
            "revenue_4q": null,
            "common_shares": 264262018,
            "book_valuer_per_share": 18.97,
            "book_valuer_per_share_4q_avg": 19.23,
            "equity": 504618585,
            "current_ratio": 491.33,
            "debt_ratio": 13.95,
            "inventory_turnover_ratio": 1.99,
            "account_receivable_turnover_ratio": null,
            "reinvestment_rate": 18.04,
            "research_to_sale_ratio": null,
            "price_fair": 120.79,
            "eps_avg_yearly": 4.13,
            "eps_latest_yearly": 4.6,
            "eps_growth_yearly": 19.23
        },
        "20074": {
            "year_quarter": 20074,
            "year": 2007,
            "quarter": 4,
            "eps": 1.31,
            "eps_growth_year": 21.3,
            "eps_4q": 4.12,
            "eps_4q_growth_year": -15.88,
            "roe": 6.98,
            "roe_4q": 21.98,
            "gross_profit": 44835521,
            "gross_margin": 47.77,
            "gross_margin_4q_avg": 43.61,
            "net_income": 34723613,
            "net_income_4q": null,
            "revenue": 93859788,
            "revenue_4q": null,
            "common_shares": 264271037,
            "book_valuer_per_share": 18.43,
            "book_valuer_per_share_4q_avg": 18.92,
            "equity": 490685571,
            "current_ratio": 512.92,
            "debt_ratio": 14.05,
            "inventory_turnover_ratio": 2.03,
            "account_receivable_turnover_ratio": null,
            "reinvestment_rate": 11.44,
            "research_to_sale_ratio": null,
            "price_fair": 133.73,
            "eps_avg_yearly": 4.26,
            "eps_latest_yearly": 5.24,
            "eps_growth_yearly": 21.37
        },
        "20081": {
            "year_quarter": 20081,
            "year": 2008,
            "quarter": 1,
            "eps": 1.1,
            "eps_growth_year": 50.68,
            "eps_4q": 4.62,
            "eps_4q_growth_year": 5.87,
            "roe": 5.63,
            "roe_4q": 23.97,
            "gross_profit": 38239278,
            "gross_margin": 43.71,
            "gross_margin_4q_avg": 45.05,
            "net_income": 28236031,
            "net_income_4q": null,
            "revenue": 87479966,
            "revenue_4q": null,
            "common_shares": 256292416,
            "book_valuer_per_share": 19.87,
            "book_valuer_per_share_4q_avg": 18.77,
            "equity": 512970288,
            "current_ratio": 453.7,
            "debt_ratio": 14.08,
            "inventory_turnover_ratio": 2.15,
            "account_receivable_turnover_ratio": null,
            "reinvestment_rate": 15.18,
            "research_to_sale_ratio": null,
            "price_fair": 98.74,
            "eps_avg_yearly": 4.31,
            "eps_latest_yearly": 4.4,
            "eps_growth_yearly": 12.94
        },
        "20082": {
            "year_quarter": 20082,
            "year": 2008,
            "quarter": 2,
            "eps": 1.12,
            "eps_growth_year": 15.46,
            "eps_4q": 4.72,
            "eps_4q_growth_year": 19.17,
            "roe": 6.02,
            "roe_4q": 24.89,
            "gross_profit": 40221375,
            "gross_margin": 45.64,
            "gross_margin_4q_avg": 45.73,
            "net_income": 28874006,
            "net_income_4q": null,
            "revenue": 88136744,
            "revenue_4q": null,
            "common_shares": 256313709,
            "book_valuer_per_share": 17.29,
            "book_valuer_per_share_4q_avg": 18.64,
            "equity": 446687221,
            "current_ratio": 203.95,
            "debt_ratio": 27.39,
            "inventory_turnover_ratio": 2.12,
            "account_receivable_turnover_ratio": null,
            "reinvestment_rate": 14.14,
            "research_to_sale_ratio": null,
            "price_fair": 92.02,
            "eps_avg_yearly": 4.33,
            "eps_latest_yearly": 4.48,
            "eps_growth_yearly": 11.24
        },
        "20083": {
            "year_quarter": 20083,
            "year": 2008,
            "quarter": 3,
            "eps": 1.18,
            "eps_growth_year": 2.61,
            "eps_4q": 4.68,
            "eps_4q_growth_year": 21.37,
            "roe": 6.74,
            "roe_4q": 25.37,
            "gross_profit": 43093547,
            "gross_margin": 46.35,
            "gross_margin_4q_avg": 45.87,
            "net_income": 30771587,
            "net_income_4q": null,
            "revenue": 92978550,
            "revenue_4q": null,
            "common_shares": 259041660,
            "book_valuer_per_share": 17.84,
            "book_valuer_per_share_4q_avg": 18.36,
            "equity": 465823268,
            "current_ratio": 373.94,
            "debt_ratio": 15.3,
            "inventory_turnover_ratio": 2.21,
            "account_receivable_turnover_ratio": null,
            "reinvestment_rate": 10.24,
            "research_to_sale_ratio": null,
            "price_fair": 77.36,
            "eps_avg_yearly": 4.33,
            "eps_latest_yearly": 4.72,
            "eps_growth_yearly": 7.88
        },
        "20084": {
            "year_quarter": 20084,
            "year": 2008,
            "quarter": 4,
            "eps": 0.48,
            "eps_growth_year": -63.36,
            "eps_4q": 3.79,
            "eps_4q_growth_year": -7.88,
            "roe": 2.67,
            "roe_4q": 21.06,
            "gross_profit": 20195361,
            "gross_margin": 31.28,
            "gross_margin_4q_avg": 41.75,
            "net_income": 12641613,
            "net_income_4q": null,
            "revenue": 64562400,
            "revenue_4q": null,
            "common_shares": 256254373,
            "book_valuer_per_share": 18.59,
            "book_valuer_per_share_4q_avg": 18.4,
            "equity": 480372467,
            "current_ratio": 444.7,
            "debt_ratio": 14.05,
            "inventory_turnover_ratio": 2.42,
            "account_receivable_turnover_ratio": 6.98,
            "reinvestment_rate": -3.54,
            "research_to_sale_ratio": null,
            "price_fair": 12.63,
            "eps_avg_yearly": 4.21,
            "eps_latest_yearly": 1.92,
            "eps_growth_yearly": -1.75
        },
        "20091": {
            "year_quarter": 20091,
            "year": 2009,
            "quarter": 1,
            "eps": 0.06,
            "eps_growth_year": -94.55,
            "eps_4q": 2.96,
            "eps_4q_growth_year": -35.91,
            "roe": 0.31,
            "roe_4q": 15.74,
            "gross_profit": 7480242,
            "gross_margin": 18.94,
            "gross_margin_4q_avg": 35.55,
            "net_income": 1487727,
            "net_income_4q": null,
            "revenue": 39500126,
            "revenue_4q": null,
            "common_shares": 256260122,
            "book_valuer_per_share": 18.79,
            "book_valuer_per_share_4q_avg": 18.13,
            "equity": 485313759,
            "current_ratio": 591.86,
            "debt_ratio": 12.2,
            "inventory_turnover_ratio": 2.16,
            "account_receivable_turnover_ratio": 2.44,
            "reinvestment_rate": -8.38,
            "research_to_sale_ratio": null,
            "price_fair": 12.14,
            "eps_avg_yearly": 4.05,
            "eps_latest_yearly": 0.24,
            "eps_growth_yearly": -17.57
        },
        "20092": {
            "year_quarter": 20092,
            "year": 2009,
            "quarter": 2,
            "eps": 0.95,
            "eps_growth_year": -15.18,
            "eps_4q": 2.68,
            "eps_4q_growth_year": -43.21,
            "roe": 5.3,
            "roe_4q": 15.02,
            "gross_profit": 34295591,
            "gross_margin": 46.21,
            "gross_margin_4q_avg": 35.7,
            "net_income": 24445491,
            "net_income_4q": null,
            "revenue": 74211714,
            "revenue_4q": null,
            "common_shares": 256263562,
            "book_valuer_per_share": 16.93,
            "book_valuer_per_share_4q_avg": 18.04,
            "equity": 437353109,
            "current_ratio": 238.69,
            "debt_ratio": 25.56,
            "inventory_turnover_ratio": 2.37,
            "account_receivable_turnover_ratio": 3.14,
            "reinvestment_rate": -7.57,
            "research_to_sale_ratio": null,
            "price_fair": 143.41,
            "eps_avg_yearly": 4.1,
            "eps_latest_yearly": 3.8,
            "eps_growth_yearly": 352.57
        },
        "20093": {
            "year_quarter": 20093,
            "year": 2009,
            "quarter": 3,
            "eps": 1.18,
            "eps_growth_year": 0,
            "eps_4q": 2.65,
            "eps_4q_growth_year": -43.25,
            "roe": 6.79,
            "roe_4q": 15.07,
            "gross_profit": 42858078,
            "gross_margin": 47.65,
            "gross_margin_4q_avg": 36.02,
            "net_income": 30672593,
            "net_income_4q": null,
            "revenue": 89935951,
            "revenue_4q": null,
            "common_shares": 259006623,
            "book_valuer_per_share": 17.87,
            "book_valuer_per_share_4q_avg": 18.05,
            "equity": 466626671,
            "current_ratio": 444,
            "debt_ratio": 13.89,
            "inventory_turnover_ratio": 2.47,
            "account_receivable_turnover_ratio": 2.6,
            "reinvestment_rate": -3.39,
            "research_to_sale_ratio": null,
            "price_fair": 145.08,
            "eps_avg_yearly": 4.15,
            "eps_latest_yearly": 4.72,
            "eps_growth_yearly": 350.18
        },
        "20094": {
            "year_quarter": 20094,
            "year": 2009,
            "quarter": 4,
            "eps": 1.26,
            "eps_growth_year": 162.5,
            "eps_4q": 3.44,
            "eps_4q_growth_year": -9.23,
            "roe": 6.81,
            "roe_4q": 19.209999999999997,
            "gross_profit": 44694700,
            "gross_margin": 48.53,
            "gross_margin_4q_avg": 40.33,
            "net_income": 32860412,
            "net_income_4q": null,
            "revenue": 92094448,
            "revenue_4q": null,
            "common_shares": 259027066,
            "book_valuer_per_share": 19.11,
            "book_valuer_per_share_4q_avg": 18.18,
            "equity": 499048548,
            "current_ratio": 328.31,
            "debt_ratio": 16.08,
            "inventory_turnover_ratio": 2.36,
            "account_receivable_turnover_ratio": 5.21,
            "reinvestment_rate": 15.62,
            "research_to_sale_ratio": null,
            "price_fair": 144.11,
            "eps_avg_yearly": 4.12,
            "eps_latest_yearly": 5.04,
            "eps_growth_yearly": 342.28
        },
        "20101": {
            "year_quarter": 20101,
            "year": 2010,
            "quarter": 1,
            "eps": 1.3,
            "eps_growth_year": 2066.67,
            "eps_4q": 4.68,
            "eps_4q_growth_year": 58.33,
            "roe": 6.56,
            "roe_4q": 25.46,
            "gross_profit": 44185491,
            "gross_margin": 47.93,
            "gross_margin_4q_avg": 47.58,
            "net_income": 33825315,
            "net_income_4q": null,
            "revenue": 92186686,
            "revenue_4q": null,
            "common_shares": 259037692,
            "book_valuer_per_share": 20.39,
            "book_valuer_per_share_4q_avg": 18.58,
            "equity": 532304702,
            "current_ratio": 339.77,
            "debt_ratio": 15.08,
            "inventory_turnover_ratio": 2.2,
            "account_receivable_turnover_ratio": 2.45,
            "reinvestment_rate": 22.87,
            "research_to_sale_ratio": 6.95,
            "price_fair": 143.94,
            "eps_avg_yearly": 4.11,
            "eps_latest_yearly": 5.2,
            "eps_growth_yearly": 343.98
        },
        "20102": {
            "year_quarter": 20102,
            "year": 2010,
            "quarter": 2,
            "eps": 1.55,
            "eps_growth_year": 63.68,
            "eps_4q": 5.29,
            "eps_4q_growth_year": 97.4,
            "roe": 7.86,
            "roe_4q": 28.02,
            "gross_profit": 51926109,
            "gross_margin": 49.47,
            "gross_margin_4q_avg": 48.4,
            "net_income": 40466235,
            "net_income_4q": null,
            "revenue": 104962317,
            "revenue_4q": null,
            "common_shares": 259050172,
            "book_valuer_per_share": 19.02,
            "book_valuer_per_share_4q_avg": 19.1,
            "equity": 496872737,
            "current_ratio": 172.38,
            "debt_ratio": 27.01,
            "inventory_turnover_ratio": 2.23,
            "account_receivable_turnover_ratio": 2.39,
            "reinvestment_rate": 27.25,
            "research_to_sale_ratio": 6.85,
            "price_fair": 145.95,
            "eps_avg_yearly": 4.17,
            "eps_latest_yearly": 6.2,
            "eps_growth_yearly": 348.79
        },
        "20103": {
            "year_quarter": 20103,
            "year": 2010,
            "quarter": 3,
            "eps": 1.81,
            "eps_growth_year": 53.54,
            "eps_4q": 5.93,
            "eps_4q_growth_year": 123.29,
            "roe": 9.08,
            "roe_4q": 30.31,
            "gross_profit": 56124775,
            "gross_margin": 50,
            "gross_margin_4q_avg": 48.98,
            "net_income": 47123456,
            "net_income_4q": null,
            "revenue": 112246699,
            "revenue_4q": null,
            "common_shares": 259073440,
            "book_valuer_per_share": 20.71,
            "book_valuer_per_share_4q_avg": 19.81,
            "equity": 540904077,
            "current_ratio": 225.78,
            "debt_ratio": 18.97,
            "inventory_turnover_ratio": 2.18,
            "account_receivable_turnover_ratio": 2.35,
            "reinvestment_rate": 28.6,
            "research_to_sale_ratio": 7.16,
            "price_fair": 150.76,
            "eps_avg_yearly": 4.31,
            "eps_latest_yearly": 7.24,
            "eps_growth_yearly": 354.12
        },
        "20104": {
            "year_quarter": 20104,
            "year": 2010,
            "quarter": 4,
            "eps": 1.57,
            "eps_growth_year": 24.73,
            "eps_4q": 6.24,
            "eps_4q_growth_year": 81.08,
            "roe": 7.3,
            "roe_4q": 30.799999999999997,
            "gross_profit": 54817216,
            "gross_margin": 49.77,
            "gross_margin_4q_avg": 49.29,
            "net_income": 40866924,
            "net_income_4q": null,
            "revenue": 110142209,
            "revenue_4q": null,
            "common_shares": 259100787,
            "book_valuer_per_share": 22.16,
            "book_valuer_per_share_4q_avg": 20.57,
            "equity": 578704405,
            "current_ratio": 212.29,
            "debt_ratio": 19.5,
            "inventory_turnover_ratio": 2.01,
            "account_receivable_turnover_ratio": 2.44,
            "reinvestment_rate": 37.75,
            "research_to_sale_ratio": 7.33,
            "price_fair": 155.05,
            "eps_avg_yearly": 4.43,
            "eps_latest_yearly": 6.28,
            "eps_growth_yearly": 354.38
        },
        "20111": {
            "year_quarter": 20111,
            "year": 2011,
            "quarter": 1,
            "eps": 1.4,
            "eps_growth_year": 7.69,
            "eps_4q": 6.34,
            "eps_4q_growth_year": 35.3,
            "roe": 6.12,
            "roe_4q": 30.36,
            "gross_profit": 51670712,
            "gross_margin": 49.03,
            "gross_margin_4q_avg": 49.57,
            "net_income": 36427092,
            "net_income_4q": null,
            "revenue": 105377495,
            "revenue_4q": null,
            "common_shares": 259141933,
            "book_valuer_per_share": 23.45,
            "book_valuer_per_share_4q_avg": 21.34,
            "equity": 612391959,
            "current_ratio": 196.87,
            "debt_ratio": 18.36,
            "inventory_turnover_ratio": 1.78,
            "account_receivable_turnover_ratio": 2.35,
            "reinvestment_rate": 47.05,
            "research_to_sale_ratio": 7.56,
            "price_fair": 160.91,
            "eps_avg_yearly": 4.6,
            "eps_latest_yearly": 5.6,
            "eps_growth_yearly": 359.77
        },
        "20112": {
            "year_quarter": 20112,
            "year": 2011,
            "quarter": 2,
            "eps": 1.39,
            "eps_growth_year": -10.79,
            "eps_4q": 6.17,
            "eps_4q_growth_year": 16.53,
            "roe": 6.1,
            "roe_4q": 28.6,
            "gross_profit": 50855959,
            "gross_margin": 46.02,
            "gross_margin_4q_avg": 48.71,
            "net_income": 36028199,
            "net_income_4q": null,
            "revenue": 110508367,
            "revenue_4q": null,
            "common_shares": 259142831,
            "book_valuer_per_share": 21.76,
            "book_valuer_per_share_4q_avg": 22.02,
            "equity": 568362465,
            "current_ratio": 118.04,
            "debt_ratio": 27.49,
            "inventory_turnover_ratio": 1.88,
            "account_receivable_turnover_ratio": 2.38,
            "reinvestment_rate": 50.75,
            "research_to_sale_ratio": 7.69,
            "price_fair": 164.59,
            "eps_avg_yearly": 4.7,
            "eps_latest_yearly": 5.56,
            "eps_growth_yearly": 351.37
        },
        "20113": {
            "year_quarter": 20113,
            "year": 2011,
            "quarter": 3,
            "eps": 1.17,
            "eps_growth_year": -35.26,
            "eps_4q": 5.53,
            "eps_4q_growth_year": -6.67,
            "roe": 5.2,
            "roe_4q": 24.720000000000002,
            "gross_profit": 44770662,
            "gross_margin": 42.04,
            "gross_margin_4q_avg": 46.72,
            "net_income": 30433503,
            "net_income_4q": null,
            "revenue": 106483616,
            "revenue_4q": null,
            "common_shares": 259151492,
            "book_valuer_per_share": 23.1,
            "book_valuer_per_share_4q_avg": 22.62,
            "equity": 601123210,
            "current_ratio": 181.74,
            "debt_ratio": 18.17,
            "inventory_turnover_ratio": 2.16,
            "account_receivable_turnover_ratio": 2.32,
            "reinvestment_rate": 49.97,
            "research_to_sale_ratio": 8.09,
            "price_fair": 164.76,
            "eps_avg_yearly": 4.71,
            "eps_latest_yearly": 4.68,
            "eps_growth_yearly": 342.78
        },
        "20114": {
            "year_quarter": 20114,
            "year": 2011,
            "quarter": 4,
            "eps": 1.22,
            "eps_growth_year": -22.47,
            "eps_4q": 5.18,
            "eps_4q_growth_year": -16.98,
            "roe": 5.12,
            "roe_4q": 22.540000000000003,
            "gross_profit": 46845924,
            "gross_margin": 44.74,
            "gross_margin_4q_avg": 45.46,
            "net_income": 31564466,
            "net_income_4q": null,
            "revenue": 104711167,
            "revenue_4q": null,
            "common_shares": 259162226,
            "book_valuer_per_share": 24.29,
            "book_valuer_per_share_4q_avg": 23.15,
            "equity": 632043551,
            "current_ratio": 192.52,
            "debt_ratio": 18.37,
            "inventory_turnover_ratio": 2.29,
            "account_receivable_turnover_ratio": 2.42,
            "reinvestment_rate": 54.49,
            "research_to_sale_ratio": 8.36,
            "price_fair": 163.98,
            "eps_avg_yearly": 4.69,
            "eps_latest_yearly": 4.88,
            "eps_growth_yearly": 340.37
        },
        "20121": {
            "year_quarter": 20121,
            "year": 2012,
            "quarter": 1,
            "eps": 1.29,
            "eps_growth_year": -7.86,
            "eps_4q": 5.07,
            "eps_4q_growth_year": -20.01,
            "roe": 5.15,
            "roe_4q": 21.57,
            "gross_profit": 50286583,
            "gross_margin": 47.66,
            "gross_margin_4q_avg": 45.12,
            "net_income": 33365332,
            "net_income_4q": null,
            "revenue": 105507675,
            "revenue_4q": null,
            "common_shares": 259206046,
            "book_valuer_per_share": 25.5,
            "book_valuer_per_share_4q_avg": 23.66,
            "equity": 663582409,
            "current_ratio": 212.46,
            "debt_ratio": 20.23,
            "inventory_turnover_ratio": 2.1,
            "account_receivable_turnover_ratio": 2.37,
            "reinvestment_rate": 56.67,
            "research_to_sale_ratio": 8.68,
            "price_fair": 165.64,
            "eps_avg_yearly": 4.73,
            "eps_latest_yearly": 5.16,
            "eps_growth_yearly": 345.81
        },
        "20122": {
            "year_quarter": 20122,
            "year": 2012,
            "quarter": 2,
            "eps": 1.61,
            "eps_growth_year": 16.28,
            "eps_4q": 5.3,
            "eps_4q_growth_year": -14.17,
            "roe": 6.46,
            "roe_4q": 21.93,
            "gross_profit": 62470189,
            "gross_margin": 48.78,
            "gross_margin_4q_avg": 45.81,
            "net_income": 41768736,
            "net_income_4q": null,
            "revenue": 128060828,
            "revenue_4q": null,
            "common_shares": 259207094,
            "book_valuer_per_share": 24.21,
            "book_valuer_per_share_4q_avg": 24.28,
            "equity": 630057648,
            "current_ratio": 132.59,
            "debt_ratio": 28.72,
            "inventory_turnover_ratio": 2.24,
            "account_receivable_turnover_ratio": 2.49,
            "reinvestment_rate": 62.36,
            "research_to_sale_ratio": 7.87,
            "price_fair": 169.93,
            "eps_avg_yearly": 4.86,
            "eps_latest_yearly": 6.44,
            "eps_growth_yearly": 351.56
        },
        "20123": {
            "year_quarter": 20123,
            "year": 2012,
            "quarter": 3,
            "eps": 1.9,
            "eps_growth_year": 62.16,
            "eps_4q": 6.02,
            "eps_4q_growth_year": 8.91,
            "roe": 7.55,
            "roe_4q": 24.28,
            "gross_profit": 69019378,
            "gross_margin": 48.82,
            "gross_margin_4q_avg": 47.5,
            "net_income": 49345233,
            "net_income_4q": null,
            "revenue": 141375451,
            "revenue_4q": null,
            "common_shares": 259220476,
            "book_valuer_per_share": 26.02,
            "book_valuer_per_share_4q_avg": 25.01,
            "equity": 677146057,
            "current_ratio": 206.06,
            "debt_ratio": 22.93,
            "inventory_turnover_ratio": 2.26,
            "account_receivable_turnover_ratio": 2.49,
            "reinvestment_rate": 68.25,
            "research_to_sale_ratio": 7.54,
            "price_fair": 176.23,
            "eps_avg_yearly": 5.04,
            "eps_latest_yearly": 7.6,
            "eps_growth_yearly": 354.72
        },
        "20124": {
            "year_quarter": 20124,
            "year": 2012,
            "quarter": 4,
            "eps": 1.6,
            "eps_growth_year": 31.6,
            "eps_4q": 6.41,
            "eps_4q_growth_year": 23.77,
            "roe": 5.91,
            "roe_4q": 25.07,
            "gross_profit": 61843749,
            "gross_margin": 47.1,
            "gross_margin_4q_avg": 48.09,
            "net_income": 41484388,
            "net_income_4q": null,
            "revenue": 131304626,
            "revenue_4q": null,
            "common_shares": 259244357,
            "book_valuer_per_share": 27.9,
            "book_valuer_per_share_4q_avg": 25.91,
            "equity": 725753699,
            "current_ratio": 177.12,
            "debt_ratio": 24.01,
            "inventory_turnover_ratio": 1.95,
            "account_receivable_turnover_ratio": 2.38,
            "reinvestment_rate": 79.77,
            "research_to_sale_ratio": 8,
            "price_fair": 186.03,
            "eps_avg_yearly": 5.32,
            "eps_latest_yearly": 6.4,
            "eps_growth_yearly": 365.6
        },
        "20131": {
            "year_quarter": 20131,
            "year": 2013,
            "quarter": 1,
            "eps": 1.53,
            "eps_growth_year": 18.6,
            "eps_4q": 6.64,
            "eps_4q_growth_year": 31.06,
            "roe": 5.29,
            "roe_4q": 25.21,
            "gross_profit": 60769810,
            "gross_margin": 45.78,
            "gross_margin_4q_avg": 47.62,
            "net_income": 39535543,
            "net_income_4q": null,
            "revenue": 132754996,
            "revenue_4q": null,
            "common_shares": 259282327,
            "book_valuer_per_share": 29.55,
            "book_valuer_per_share_4q_avg": 26.92,
            "equity": 768649085,
            "current_ratio": 188.2,
            "debt_ratio": 27.6,
            "inventory_turnover_ratio": 1.9,
            "account_receivable_turnover_ratio": 2.25,
            "reinvestment_rate": 86.46,
            "research_to_sale_ratio": 8.02,
            "price_fair": 198.89,
            "eps_avg_yearly": 5.68,
            "eps_latest_yearly": 6.12,
            "eps_growth_yearly": 386.38
        },
        "20132": {
            "year_quarter": 20132,
            "year": 2013,
            "quarter": 2,
            "eps": 2,
            "eps_growth_year": 23.99,
            "eps_4q": 7.03,
            "eps_4q_growth_year": 32.74,
            "roe": 6.83,
            "roe_4q": 25.580000000000002,
            "gross_profit": 76422186,
            "gross_margin": 49.02,
            "gross_margin_4q_avg": 47.68,
            "net_income": 51761503,
            "net_income_4q": null,
            "revenue": 155886320,
            "revenue_4q": null,
            "common_shares": 259283058,
            "book_valuer_per_share": 28.77,
            "book_valuer_per_share_4q_avg": 28.06,
            "equity": 746236271,
            "current_ratio": 144.67,
            "debt_ratio": 36.21,
            "inventory_turnover_ratio": 2.08,
            "account_receivable_turnover_ratio": 2.13,
            "reinvestment_rate": 92.25,
            "research_to_sale_ratio": 7.66,
            "price_fair": 197.56,
            "eps_avg_yearly": 5.95,
            "eps_latest_yearly": 8,
            "eps_growth_yearly": 23.23
        },
        "20133": {
            "year_quarter": 20133,
            "year": 2013,
            "quarter": 3,
            "eps": 2,
            "eps_growth_year": 5.15,
            "eps_4q": 7.13,
            "eps_4q_growth_year": 18.37,
            "roe": 6.7,
            "roe_4q": 24.73,
            "gross_profit": 78890811,
            "gross_margin": 48.53,
            "gross_margin_4q_avg": 47.61,
            "net_income": 51934752,
            "net_income_4q": null,
            "revenue": 162577034,
            "revenue_4q": null,
            "common_shares": 259283910,
            "book_valuer_per_share": 31,
            "book_valuer_per_share_4q_avg": 29.31,
            "equity": 804174761,
            "current_ratio": 228.08,
            "debt_ratio": 31.71,
            "inventory_turnover_ratio": 2.22,
            "account_receivable_turnover_ratio": 2.03,
            "reinvestment_rate": 90.93,
            "research_to_sale_ratio": 8.22,
            "price_fair": 167.15,
            "eps_avg_yearly": 6.15,
            "eps_latest_yearly": 8,
            "eps_growth_yearly": 17.18
        },
        "20134": {
            "year_quarter": 20134,
            "year": 2013,
            "quarter": 4,
            "eps": 1.73,
            "eps_growth_year": 7.78,
            "eps_4q": 7.26,
            "eps_4q_growth_year": 13.21,
            "roe": 5.42,
            "roe_4q": 24.240000000000002,
            "gross_profit": 64862700,
            "gross_margin": 44.49,
            "gross_margin_4q_avg": 46.96,
            "net_income": 44787139,
            "net_income_4q": null,
            "revenue": 145805847,
            "revenue_4q": null,
            "common_shares": 259286171,
            "book_valuer_per_share": 32.69,
            "book_valuer_per_share_4q_avg": 30.5,
            "equity": 847775085,
            "current_ratio": 188.9,
            "debt_ratio": 32.88,
            "inventory_turnover_ratio": 2.18,
            "account_receivable_turnover_ratio": 1.92,
            "reinvestment_rate": 87.73,
            "research_to_sale_ratio": 8.35,
            "price_fair": 138.57,
            "eps_avg_yearly": 6.27,
            "eps_latest_yearly": 6.92,
            "eps_growth_yearly": 12.11
        },
        "20141": {
            "year_quarter": 20141,
            "year": 2014,
            "quarter": 1,
            "eps": 1.85,
            "eps_growth_year": 20.92,
            "eps_4q": 7.58,
            "eps_4q_growth_year": 14.03,
            "roe": 5.48,
            "roe_4q": 24.43,
            "gross_profit": 70400096,
            "gross_margin": 47.5,
            "gross_margin_4q_avg": 47.39,
            "net_income": 47845778,
            "net_income_4q": null,
            "revenue": 148215172,
            "revenue_4q": null,
            "common_shares": 259291239,
            "book_valuer_per_share": 34.62,
            "book_valuer_per_share_4q_avg": 31.77,
            "equity": 897998101,
            "current_ratio": 204.07,
            "debt_ratio": 30.86,
            "inventory_turnover_ratio": 1.92,
            "account_receivable_turnover_ratio": 2.03,
            "reinvestment_rate": 87.23,
            "research_to_sale_ratio": 8.14,
            "price_fair": 147.63,
            "eps_avg_yearly": 6.41,
            "eps_latest_yearly": 7.4,
            "eps_growth_yearly": 13.05
        },
        "20142": {
            "year_quarter": 20142,
            "year": 2014,
            "quarter": 2,
            "eps": 2.3,
            "eps_growth_year": 15,
            "eps_4q": 7.88,
            "eps_4q_growth_year": 12.11,
            "roe": 6.72,
            "roe_4q": 24.319999999999997,
            "gross_profit": 91192925,
            "gross_margin": 49.83,
            "gross_margin_4q_avg": 47.59,
            "net_income": 59659857,
            "net_income_4q": null,
            "revenue": 183020484,
            "revenue_4q": null,
            "common_shares": 259293750,
            "book_valuer_per_share": 33.81,
            "book_valuer_per_share_4q_avg": 33.03,
            "equity": 876960294,
            "current_ratio": 186.19,
            "debt_ratio": 34.8,
            "inventory_turnover_ratio": 1.94,
            "account_receivable_turnover_ratio": 2.27,
            "reinvestment_rate": 72.56,
            "research_to_sale_ratio": 7.44,
            "price_fair": 160.35,
            "eps_avg_yearly": 6.59,
            "eps_latest_yearly": 9.2,
            "eps_growth_yearly": 14.32
        },
        "20143": {
            "year_quarter": 20143,
            "year": 2014,
            "quarter": 3,
            "eps": 2.94,
            "eps_growth_year": 47,
            "eps_4q": 8.82,
            "eps_4q_growth_year": 23.69,
            "roe": 8.32,
            "roe_4q": 25.939999999999998,
            "gross_profit": 105578364,
            "gross_margin": 50.5,
            "gross_margin_4q_avg": 48.08,
            "net_income": 76304606,
            "net_income_4q": null,
            "revenue": 209049734,
            "revenue_4q": null,
            "common_shares": 259293750,
            "book_valuer_per_share": 36.89,
            "book_valuer_per_share_4q_avg": 34.5,
            "equity": 956558251,
            "current_ratio": 276.48,
            "debt_ratio": 29.14,
            "inventory_turnover_ratio": 1.78,
            "account_receivable_turnover_ratio": 2.08,
            "reinvestment_rate": 65.09,
            "research_to_sale_ratio": 7.27,
            "price_fair": 186.21,
            "eps_avg_yearly": 6.88,
            "eps_latest_yearly": 11.76,
            "eps_growth_yearly": 17.09
        },
        "20144": {
            "year_quarter": 20144,
            "year": 2014,
            "quarter": 4,
            "eps": 3.08,
            "eps_growth_year": 78.5,
            "eps_4q": 10.18,
            "eps_4q_growth_year": 40.26,
            "roe": 7.99,
            "roe_4q": 28.51,
            "gross_profit": 110562990,
            "gross_margin": 49.69,
            "gross_margin_4q_avg": 49.38,
            "net_income": 79970628,
            "net_income_4q": null,
            "revenue": 222521075,
            "revenue_4q": null,
            "common_shares": 259296624,
            "book_valuer_per_share": 40.32,
            "book_valuer_per_share_4q_avg": 36.41,
            "equity": 1045675747,
            "current_ratio": 311.7,
            "debt_ratio": 30.06,
            "inventory_turnover_ratio": 1.7,
            "account_receivable_turnover_ratio": 1.94,
            "reinvestment_rate": 55.82,
            "research_to_sale_ratio": 7.16,
            "price_fair": 229.11,
            "eps_avg_yearly": 7.25,
            "eps_latest_yearly": 12.32,
            "eps_growth_yearly": 21.59
        },
        "20151": {
            "year_quarter": 20151,
            "year": 2015,
            "quarter": 1,
            "eps": 3.05,
            "eps_growth_year": 64.86,
            "eps_4q": 11.38,
            "eps_4q_growth_year": 50.17,
            "roe": 7.28,
            "roe_4q": 30.31,
            "gross_profit": 109429264,
            "gross_margin": 49.28,
            "gross_margin_4q_avg": 49.83,
            "net_income": 78983908,
            "net_income_4q": null,
            "revenue": 222034144,
            "revenue_4q": null,
            "common_shares": 259303020,
            "book_valuer_per_share": 43.34,
            "book_valuer_per_share_4q_avg": 38.59,
            "equity": 1123915753,
            "current_ratio": 368.14,
            "debt_ratio": 27.81,
            "inventory_turnover_ratio": 1.72,
            "account_receivable_turnover_ratio": 2.07,
            "reinvestment_rate": 46.52,
            "research_to_sale_ratio": 7.56,
            "price_fair": 261.03,
            "eps_avg_yearly": 7.67,
            "eps_latest_yearly": 12.2,
            "eps_growth_yearly": 24.05
        },
        "20152": {
            "year_quarter": 20152,
            "year": 2015,
            "quarter": 2,
            "eps": 3.06,
            "eps_growth_year": 33.04,
            "eps_4q": 12.14,
            "eps_4q_growth_year": 54.02,
            "roe": 7.25,
            "roe_4q": 30.840000000000003,
            "gross_profit": 99704956,
            "gross_margin": 48.53,
            "gross_margin_4q_avg": 49.5,
            "net_income": 79412904,
            "net_income_4q": null,
            "revenue": 205439752,
            "revenue_4q": null,
            "common_shares": 259303805,
            "book_valuer_per_share": 41.13,
            "book_valuer_per_share_4q_avg": 40.42,
            "equity": 1066627555,
            "current_ratio": 236.4,
            "debt_ratio": 33.7,
            "inventory_turnover_ratio": 1.62,
            "account_receivable_turnover_ratio": 2.07,
            "reinvestment_rate": 41.11,
            "research_to_sale_ratio": 8.09,
            "price_fair": 277.35,
            "eps_avg_yearly": 8.08,
            "eps_latest_yearly": 12.24,
            "eps_growth_yearly": 24.31
        },
        "20153": {
            "year_quarter": 20153,
            "year": 2015,
            "quarter": 3,
            "eps": 2.91,
            "eps_growth_year": -1.02,
            "eps_4q": 12.1,
            "eps_4q_growth_year": 37.16,
            "roe": 6.79,
            "roe_4q": 29.310000000000002,
            "gross_profit": 102335756,
            "gross_margin": 48.16,
            "gross_margin_4q_avg": 48.92,
            "net_income": 75317300,
            "net_income_4q": null,
            "revenue": 212504909,
            "revenue_4q": null,
            "common_shares": 259303805,
            "book_valuer_per_share": 44.39,
            "book_valuer_per_share_4q_avg": 42.3,
            "equity": 1150994944,
            "current_ratio": 343.93,
            "debt_ratio": 26.98,
            "inventory_turnover_ratio": 1.68,
            "account_receivable_turnover_ratio": 2.16,
            "reinvestment_rate": 39.89,
            "research_to_sale_ratio": 7.76,
            "price_fair": 298.11,
            "eps_avg_yearly": 8.52,
            "eps_latest_yearly": 11.64,
            "eps_growth_yearly": 27.05
        },
        "20154": {
            "year_quarter": 20154,
            "year": 2015,
            "quarter": 4,
            "eps": 2.81,
            "eps_growth_year": -8.95,
            "eps_4q": 11.82,
            "eps_4q_growth_year": 16.17,
            "roe": 6.14,
            "roe_4q": 27.46,
            "gross_profit": 98924917,
            "gross_margin": 48.61,
            "gross_margin_4q_avg": 48.65,
            "net_income": 72842055,
            "net_income_4q": null,
            "revenue": 203518563,
            "revenue_4q": null,
            "common_shares": 259303805,
            "book_valuer_per_share": 47.11,
            "book_valuer_per_share_4q_avg": 43.99,
            "equity": 1222634479,
            "current_ratio": 351.86,
            "debt_ratio": 26.24,
            "inventory_turnover_ratio": 1.58,
            "account_receivable_turnover_ratio": 2.23,
            "reinvestment_rate": 39.32,
            "research_to_sale_ratio": 7.7,
            "price_fair": 312.03,
            "eps_avg_yearly": 8.92,
            "eps_latest_yearly": 11.24,
            "eps_growth_yearly": 25.12
        },
        "20161": {
            "year_quarter": 20161,
            "year": 2016,
            "quarter": 1,
            "eps": 2.5,
            "eps_growth_year": -18.03,
            "eps_4q": 11.28,
            "eps_4q_growth_year": -0.9,
            "roe": 5.18,
            "roe_4q": 25.36,
            "gross_profit": 91337578,
            "gross_margin": 44.88,
            "gross_margin_4q_avg": 47.55,
            "net_income": 64792597,
            "net_income_4q": null,
            "revenue": 203495361,
            "revenue_4q": null,
            "common_shares": 259303805,
            "book_valuer_per_share": 49.36,
            "book_valuer_per_share_4q_avg": 45.5,
            "equity": 1280946076,
            "current_ratio": 344.43,
            "debt_ratio": 25.81,
            "inventory_turnover_ratio": 1.8,
            "account_receivable_turnover_ratio": 2.23,
            "reinvestment_rate": 36.7,
            "research_to_sale_ratio": 7.68,
            "price_fair": 285.06,
            "eps_avg_yearly": 9.22,
            "eps_latest_yearly": 10,
            "eps_growth_yearly": 20.93
        },
        "20162": {
            "year_quarter": 20162,
            "year": 2016,
            "quarter": 2,
            "eps": 2.8,
            "eps_growth_year": -8.5,
            "eps_4q": 11.01,
            "eps_4q_growth_year": -9.3,
            "roe": 5.85,
            "roe_4q": 23.959999999999997,
            "gross_profit": 114334236,
            "gross_margin": 51.55,
            "gross_margin_4q_avg": 48.3,
            "net_income": 72528279,
            "net_income_4q": null,
            "revenue": 221809846,
            "revenue_4q": null,
            "common_shares": 259303805,
            "book_valuer_per_share": 46.14,
            "book_valuer_per_share_4q_avg": 46.75,
            "equity": 1197330978,
            "current_ratio": 213.81,
            "debt_ratio": 33.65,
            "inventory_turnover_ratio": 1.82,
            "account_receivable_turnover_ratio": 2.13,
            "reinvestment_rate": 35.77,
            "research_to_sale_ratio": 7.62,
            "price_fair": 263.8,
            "eps_avg_yearly": 9.52,
            "eps_latest_yearly": 11.2,
            "eps_growth_yearly": 17.72
        },
        "20163": {
            "year_quarter": 20163,
            "year": 2016,
            "quarter": 3,
            "eps": 3.73,
            "eps_growth_year": 28.18,
            "eps_4q": 11.83,
            "eps_4q_growth_year": -2.18,
            "roe": 7.8,
            "roe_4q": 24.97,
            "gross_profit": 132050789,
            "gross_margin": 50.71,
            "gross_margin_4q_avg": 48.94,
            "net_income": 96789113,
            "net_income_4q": null,
            "revenue": 260405885,
            "revenue_4q": null,
            "common_shares": 259303805,
            "book_valuer_per_share": 49.48,
            "book_valuer_per_share_4q_avg": 48.02,
            "equity": 1283892649,
            "current_ratio": 275.51,
            "debt_ratio": 25.3,
            "inventory_turnover_ratio": 2.24,
            "account_receivable_turnover_ratio": 2.16,
            "reinvestment_rate": 36.37,
            "research_to_sale_ratio": 7.19,
            "price_fair": 314.39,
            "eps_avg_yearly": 9.97,
            "eps_latest_yearly": 14.92,
            "eps_growth_yearly": 21.53
        },
        "20164": {
            "year_quarter": 20164,
            "year": 2016,
            "quarter": 4,
            "eps": 3.86,
            "eps_growth_year": 37.57,
            "eps_4q": 12.89,
            "eps_4q_growth_year": 9.03,
            "roe": 7.5,
            "roe_4q": 26.33,
            "gross_profit": 137109495,
            "gross_margin": 52.29,
            "gross_margin_4q_avg": 49.86,
            "net_income": 100228247,
            "net_income_4q": null,
            "revenue": 262227252,
            "revenue_4q": null,
            "common_shares": 259303805,
            "book_valuer_per_share": 53.58,
            "book_valuer_per_share_4q_avg": 49.64,
            "equity": 1390051126,
            "current_ratio": 256.95,
            "debt_ratio": 26.31,
            "inventory_turnover_ratio": 2.44,
            "account_receivable_turnover_ratio": 2.03,
            "reinvestment_rate": 33,
            "research_to_sale_ratio": 7.61,
            "price_fair": 368.81,
            "eps_avg_yearly": 10.54,
            "eps_latest_yearly": 15.44,
            "eps_growth_yearly": 26.34
        },
        "20171": {
            "year_quarter": 20171,
            "year": 2017,
            "quarter": 1,
            "eps": 3.38,
            "eps_growth_year": 35.2,
            "eps_4q": 13.77,
            "eps_4q_growth_year": 22.14,
            "roe": 6.16,
            "roe_4q": 27.310000000000002,
            "gross_profit": 121489636,
            "gross_margin": 51.94,
            "gross_margin_4q_avg": 51.62,
            "net_income": 87620908,
            "net_income_4q": null,
            "revenue": 233914400,
            "revenue_4q": null,
            "common_shares": 259303805,
            "book_valuer_per_share": 56.13,
            "book_valuer_per_share_4q_avg": 51.33,
            "equity": 1456310025,
            "current_ratio": 256.75,
            "debt_ratio": 24.73,
            "inventory_turnover_ratio": 2.27,
            "account_receivable_turnover_ratio": 1.96,
            "reinvestment_rate": 30.27,
            "research_to_sale_ratio": 8.3,
            "price_fair": 377.62,
            "eps_avg_yearly": 11,
            "eps_latest_yearly": 13.52,
            "eps_growth_yearly": 24.33
        },
        "20172": {
            "year_quarter": 20172,
            "year": 2017,
            "quarter": 2,
            "eps": 2.56,
            "eps_growth_year": -8.57,
            "eps_4q": 13.53,
            "eps_4q_growth_year": 22.91,
            "roe": 4.74,
            "roe_4q": 26.2,
            "gross_profit": 108708654,
            "gross_margin": 50.83,
            "gross_margin_4q_avg": 51.44,
            "net_income": 66270652,
            "net_income_4q": null,
            "revenue": 213855212,
            "revenue_4q": null,
            "common_shares": 259303805,
            "book_valuer_per_share": 51.74,
            "book_valuer_per_share_4q_avg": 52.73,
            "equity": 1342365645,
            "current_ratio": 160.08,
            "debt_ratio": 32.42,
            "inventory_turnover_ratio": 1.89,
            "account_receivable_turnover_ratio": 1.95,
            "reinvestment_rate": 28.35,
            "research_to_sale_ratio": 8.91,
            "price_fair": 229.31,
            "eps_avg_yearly": 11.14,
            "eps_latest_yearly": 10.24,
            "eps_growth_yearly": 10.58
        },
        "20173": {
            "year_quarter": 20173,
            "year": 2017,
            "quarter": 3,
            "eps": 3.47,
            "eps_growth_year": -6.97,
            "eps_4q": 13.27,
            "eps_4q_growth_year": 12.1,
            "roe": 6.49,
            "roe_4q": 24.89,
            "gross_profit": 125880148,
            "gross_margin": 49.93,
            "gross_margin_4q_avg": 51.25,
            "net_income": 89949228,
            "net_income_4q": null,
            "revenue": 252107345,
            "revenue_4q": null,
            "common_shares": 259303805,
            "book_valuer_per_share": 55.18,
            "book_valuer_per_share_4q_avg": 54.16,
            "equity": 1431412689,
            "current_ratio": 236.12,
            "debt_ratio": 22.27,
            "inventory_turnover_ratio": 1.87,
            "account_receivable_turnover_ratio": 2.2,
            "reinvestment_rate": 24.28,
            "research_to_sale_ratio": 8.35,
            "price_fair": 339.13,
            "eps_avg_yearly": 11.51,
            "eps_latest_yearly": 13.88,
            "eps_growth_yearly": 19.47
        },
        "20174": {
            "year_quarter": 20174,
            "year": 2017,
            "quarter": 4,
            "eps": 3.83,
            "eps_growth_year": -0.91,
            "eps_4q": 13.23,
            "eps_4q_growth_year": 2.65,
            "roe": 6.72,
            "roe_4q": 24.110000000000003,
            "gross_profit": 138747964,
            "gross_margin": 49.99,
            "gross_margin_4q_avg": 50.67,
            "net_income": 99306060,
            "net_income_4q": null,
            "revenue": 277570284,
            "revenue_4q": null,
            "common_shares": 259303805,
            "book_valuer_per_share": 58.7,
            "book_valuer_per_share_4q_avg": 55.44,
            "equity": 1522759643,
            "current_ratio": 238.97,
            "debt_ratio": 23.55,
            "inventory_turnover_ratio": 1.88,
            "account_receivable_turnover_ratio": 2.3,
            "reinvestment_rate": 17.81,
            "research_to_sale_ratio": 7.64,
            "price_fair": 421.14,
            "eps_avg_yearly": 12.03,
            "eps_latest_yearly": 15.32,
            "eps_growth_yearly": 25.44
        },
        "20181": {
            "year_quarter": 20181,
            "year": 2018,
            "quarter": 1,
            "eps": 3.46,
            "eps_growth_year": 2.37,
            "eps_4q": 13.32,
            "eps_4q_growth_year": -3.31,
            "roe": 5.74,
            "roe_4q": 23.690000000000005,
            "gross_profit": 124974694,
            "gross_margin": 50.38,
            "gross_margin_4q_avg": 50.28,
            "net_income": 89787574,
            "net_income_4q": null,
            "revenue": 248078671,
            "revenue_4q": null,
            "common_shares": 259303805,
            "book_valuer_per_share": 61.93,
            "book_valuer_per_share_4q_avg": 56.89,
            "equity": 1606605029,
            "current_ratio": 271.48,
            "debt_ratio": 21.6,
            "inventory_turnover_ratio": 1.55,
            "account_receivable_turnover_ratio": 2.16,
            "reinvestment_rate": 12,
            "research_to_sale_ratio": 8.23,
            "price_fair": 389.09,
            "eps_avg_yearly": 12.44,
            "eps_latest_yearly": 13.84,
            "eps_growth_yearly": 21.29
        },
        "20182": {
            "year_quarter": 20182,
            "year": 2018,
            "quarter": 2,
            "eps": 2.79,
            "eps_growth_year": 8.98,
            "eps_4q": 13.55,
            "eps_4q_growth_year": 0.12,
            "roe": 4.67,
            "roe_4q": 23.619999999999997,
            "gross_profit": 111588104,
            "gross_margin": 47.84,
            "gross_margin_4q_avg": 49.54,
            "net_income": 72293375,
            "net_income_4q": null,
            "revenue": 233276811,
            "revenue_4q": null,
            "common_shares": 259303805,
            "book_valuer_per_share": 57.46,
            "book_valuer_per_share_4q_avg": 58.32,
            "equity": 1490635285,
            "current_ratio": 207.14,
            "debt_ratio": 27.41,
            "inventory_turnover_ratio": 1.32,
            "account_receivable_turnover_ratio": 2.38,
            "reinvestment_rate": 14.16,
            "research_to_sale_ratio": 8.53,
            "price_fair": 255.77,
            "eps_avg_yearly": 12.56,
            "eps_latest_yearly": 11.16,
            "eps_growth_yearly": 10.37
        },
        "20183": {
            "year_quarter": 20183,
            "year": 2018,
            "quarter": 3,
            "eps": 3.44,
            "eps_growth_year": -0.86,
            "eps_4q": 13.51,
            "eps_4q_growth_year": 1.86,
            "roe": 5.81,
            "roe_4q": 22.939999999999998,
            "gross_profit": 123380843,
            "gross_margin": 47.39,
            "gross_margin_4q_avg": 48.9,
            "net_income": 89098072,
            "net_income_4q": null,
            "revenue": 260347882,
            "revenue_4q": null,
            "common_shares": 259303805,
            "book_valuer_per_share": 60.75,
            "book_valuer_per_share_4q_avg": 59.71,
            "equity": 1575830001,
            "current_ratio": 267.15,
            "debt_ratio": 20,
            "inventory_turnover_ratio": 1.34,
            "account_receivable_turnover_ratio": 2.39,
            "reinvestment_rate": 16.12,
            "research_to_sale_ratio": 8.41,
            "price_fair": 243.96,
            "eps_avg_yearly": 12.68,
            "eps_latest_yearly": 13.76,
            "eps_growth_yearly": 9.24
        },
        "20184": {
            "year_quarter": 20184,
            "year": 2018,
            "quarter": 4,
            "eps": 3.86,
            "eps_growth_year": 0.7,
            "eps_4q": 13.54,
            "eps_4q_growth_year": 2.34,
            "roe": 6.15,
            "roe_4q": 22.370000000000005,
            "gross_profit": 138042400,
            "gross_margin": 47.64,
            "gross_margin_4q_avg": 48.31,
            "net_income": 100005385,
            "net_income_4q": null,
            "revenue": 289770193,
            "revenue_4q": null,
            "common_shares": 259303805,
            "book_valuer_per_share": 64.67,
            "book_valuer_per_share_4q_avg": 61.2,
            "equity": 1677496396,
            "current_ratio": 279.46,
            "debt_ratio": 19.74,
            "inventory_turnover_ratio": 1.45,
            "account_receivable_turnover_ratio": 2.24,
            "reinvestment_rate": 18.1,
            "research_to_sale_ratio": 8.18,
            "price_fair": 271.69,
            "eps_avg_yearly": 12.88,
            "eps_latest_yearly": 15.44,
            "eps_growth_yearly": 11.1
        },
        "20191": {
            "year_quarter": 20191,
            "year": 2019,
            "quarter": 1,
            "eps": 2.37,
            "eps_growth_year": -31.5,
            "eps_4q": 12.45,
            "eps_4q_growth_year": -6.52,
            "roe": 3.59,
            "roe_4q": 20.22,
            "gross_profit": 90352125,
            "gross_margin": 41.31,
            "gross_margin_4q_avg": 46.05,
            "net_income": 61387310,
            "net_income_4q": null,
            "revenue": 218704469,
            "revenue_4q": null,
            "common_shares": 259303805,
            "book_valuer_per_share": 67.21,
            "book_valuer_per_share_4q_avg": 62.52,
            "equity": 1743517602,
            "current_ratio": 262.07,
            "debt_ratio": 20.29,
            "inventory_turnover_ratio": 1.21,
            "account_receivable_turnover_ratio": 1.85,
            "reinvestment_rate": 21.3,
            "research_to_sale_ratio": 9.34,
            "price_fair": 148.56,
            "eps_avg_yearly": 12.71,
            "eps_latest_yearly": 9.48,
            "eps_growth_yearly": 1.69
        },
        "20192": {
            "year_quarter": 20192,
            "year": 2019,
            "quarter": 2,
            "eps": 2.57,
            "eps_growth_year": -7.89,
            "eps_4q": 12.23,
            "eps_4q_growth_year": -9.7,
            "roe": 4.05,
            "roe_4q": 19.599999999999998,
            "gross_profit": 103673230,
            "gross_margin": 43.02,
            "gross_margin_4q_avg": 44.84,
            "net_income": 66775851,
            "net_income_4q": null,
            "revenue": 240998475,
            "revenue_4q": null,
            "common_shares": 259303805,
            "book_valuer_per_share": 59.92,
            "book_valuer_per_share_4q_avg": 63.14,
            "equity": 1554421527,
            "current_ratio": 162.34,
            "debt_ratio": 30.59,
            "inventory_turnover_ratio": 1.27,
            "account_receivable_turnover_ratio": 2.16,
            "reinvestment_rate": 23.2,
            "research_to_sale_ratio": 8.88,
            "price_fair": 172.65,
            "eps_avg_yearly": 12.59,
            "eps_latest_yearly": 10.28,
            "eps_growth_yearly": 3.72
        },
        "20193": {
            "year_quarter": 20193,
            "year": 2019,
            "quarter": 3,
            "eps": 3.9,
            "eps_growth_year": 13.37,
            "eps_4q": 12.7,
            "eps_4q_growth_year": -6.06,
            "roe": 6.44,
            "roe_4q": 20.23,
            "gross_profit": 139432161,
            "gross_margin": 47.58,
            "gross_margin_4q_avg": 44.89,
            "net_income": 101102454,
            "net_income_4q": null,
            "revenue": 293045439,
            "revenue_4q": null,
            "common_shares": 259303805,
            "book_valuer_per_share": 61.2,
            "book_valuer_per_share_4q_avg": 63.25,
            "equity": 1587497001,
            "current_ratio": 171.68,
            "debt_ratio": 25.62,
            "inventory_turnover_ratio": 1.5,
            "account_receivable_turnover_ratio": 2.24,
            "reinvestment_rate": 26.63,
            "research_to_sale_ratio": 8.18,
            "price_fair": 357.8,
            "eps_avg_yearly": 12.83,
            "eps_latest_yearly": 15.6,
            "eps_growth_yearly": 17.88
        },
        "20194": {
            "year_quarter": 20194,
            "year": 2019,
            "quarter": 4,
            "eps": 4.47,
            "eps_growth_year": 16.05,
            "eps_4q": 13.32,
            "eps_4q_growth_year": -1.67,
            "roe": 7.23,
            "roe_4q": 21.310000000000002,
            "gross_profit": 159240985,
            "gross_margin": 50.2,
            "gross_margin_4q_avg": 45.53,
            "net_income": 116078194,
            "net_income_4q": null,
            "revenue": 317237065,
            "revenue_4q": null,
            "common_shares": 259303805,
            "book_valuer_per_share": 62.53,
            "book_valuer_per_share_4q_avg": 62.72,
            "equity": 1622095426,
            "current_ratio": 139.25,
            "debt_ratio": 28.38,
            "inventory_turnover_ratio": 1.76,
            "account_receivable_turnover_ratio": 2.22,
            "reinvestment_rate": 35.13,
            "research_to_sale_ratio": 8.08,
            "price_fair": 429.15,
            "eps_avg_yearly": 13.25,
            "eps_latest_yearly": 17.88,
            "eps_growth_yearly": 22.39
        },
        "20201": {
            "year_quarter": 20201,
            "year": 2020,
            "quarter": 1,
            "eps": 4.51,
            "eps_growth_year": 90.3,
            "eps_4q": 15.46,
            "eps_4q_growth_year": 24.2,
            "roe": 7.1,
            "roe_4q": 24.82,
            "gross_profit": 160784181,
            "gross_margin": 51.77,
            "gross_margin_4q_avg": 48.14,
            "net_income": 117062893,
            "net_income_4q": null,
            "revenue": 310597183,
            "revenue_4q": null,
            "common_shares": 259303805,
            "book_valuer_per_share": 64.64,
            "book_valuer_per_share_4q_avg": 62.07,
            "equity": 1677028531,
            "current_ratio": 136.13,
            "debt_ratio": 28.43,
            "inventory_turnover_ratio": 1.86,
            "account_receivable_turnover_ratio": 2.17,
            "reinvestment_rate": 39.76,
            "research_to_sale_ratio": 8.04,
            "price_fair": 481.25,
            "eps_avg_yearly": 13.75,
            "eps_latest_yearly": 18.04,
            "eps_growth_yearly": 25.38
        },
        "20202": {
            "year_quarter": 20202,
            "year": 2020,
            "quarter": 2,
            "eps": 4.66,
            "eps_growth_year": 81.32,
            "eps_4q": 17.54,
            "eps_4q_growth_year": 43.41,
            "roe": 7.12,
            "roe_4q": 27.89,
            "gross_profit": 164692825,
            "gross_margin": 53.01,
            "gross_margin_4q_avg": 50.64,
            "net_income": 120892514,
            "net_income_4q": null,
            "revenue": 310698367,
            "revenue_4q": null,
            "common_shares": 259303805,
            "book_valuer_per_share": 66.35,
            "book_valuer_per_share_4q_avg": 63.68,
            "equity": 1721213382,
            "current_ratio": 139.89,
            "debt_ratio": 29.71,
            "inventory_turnover_ratio": 1.78,
            "account_receivable_turnover_ratio": 2.1,
            "reinvestment_rate": 39.43,
            "research_to_sale_ratio": 8.01,
            "price_fair": 472.05,
            "eps_avg_yearly": 14.22,
            "eps_latest_yearly": 18.64,
            "eps_growth_yearly": 23.21
        },
        "20203": {
            "year_quarter": 20203,
            "year": 2020,
            "quarter": 3,
            "eps": 5.3,
            "eps_growth_year": 35.9,
            "eps_4q": 18.94,
            "eps_4q_growth_year": 49.19,
            "roe": 7.83,
            "roe_4q": 29.279999999999998,
            "gross_profit": 190480670,
            "gross_margin": 53.44,
            "gross_margin_4q_avg": 52.11,
            "net_income": 137378151,
            "net_income_4q": null,
            "revenue": 356426204,
            "revenue_4q": null,
            "common_shares": 259303805,
            "book_valuer_per_share": 68.93,
            "book_valuer_per_share_4q_avg": 65.61,
            "equity": 1788266375,
            "current_ratio": 175.04,
            "debt_ratio": 32.15,
            "inventory_turnover_ratio": 1.7,
            "account_receivable_turnover_ratio": 2.28,
            "reinvestment_rate": 35.47,
            "research_to_sale_ratio": 8.33,
            "price_fair": 413.95,
            "eps_avg_yearly": 14.61,
            "eps_latest_yearly": 21.2,
            "eps_growth_yearly": 18.34
        },
        "20204": {
            "year_quarter": 20204,
            "year": 2020,
            "quarter": 4,
            "eps": 5.51,
            "eps_growth_year": 23.04,
            "eps_4q": 19.97,
            "eps_4q_growth_year": 50,
            "roe": 7.85,
            "roe_4q": 29.9,
            "gross_profit": 195188826,
            "gross_margin": 53.99,
            "gross_margin_4q_avg": 53.05,
            "net_income": 142824524,
            "net_income_4q": null,
            "revenue": 361533057,
            "revenue_4q": null,
            "common_shares": 259303805,
            "book_valuer_per_share": 71.33,
            "book_valuer_per_share_4q_avg": 67.81,
            "equity": 1850621999,
            "current_ratio": 176.97,
            "debt_ratio": 32.97,
            "inventory_turnover_ratio": 1.35,
            "account_receivable_turnover_ratio": 2.34,
            "reinvestment_rate": 34.06,
            "research_to_sale_ratio": 8.28,
            "price_fair": 427.43,
            "eps_avg_yearly": 15.02,
            "eps_latest_yearly": 22.04,
            "eps_growth_yearly": 18.46
        },
        "20211": {
            "year_quarter": 20211,
            "year": 2021,
            "quarter": 1,
            "eps": 5.39,
            "eps_growth_year": 19.51,
            "eps_4q": 20.85,
            "eps_4q_growth_year": 34.86,
            "roe": 7.37,
            "roe_4q": 30.169999999999998,
            "gross_profit": 189775219,
            "gross_margin": 52.36,
            "gross_margin_4q_avg": 53.2,
            "net_income": 139738749,
            "net_income_4q": null,
            "revenue": 362410230,
            "revenue_4q": null,
            "common_shares": 259303805,
            "book_valuer_per_share": 74.77,
            "book_valuer_per_share_4q_avg": 70.35,
            "equity": 1940996962,
            "current_ratio": 172.26,
            "debt_ratio": 33.51,
            "inventory_turnover_ratio": 1.18,
            "account_receivable_turnover_ratio": 2.31,
            "reinvestment_rate": 37.09,
            "research_to_sale_ratio": 8.49,
            "price_fair": 481.53,
            "eps_avg_yearly": 15.52,
            "eps_latest_yearly": 21.56,
            "eps_growth_yearly": 21.02
        },
        "20212": {
            "year_quarter": 20212,
            "year": 2021,
            "quarter": 2,
            "eps": 5.18,
            "eps_growth_year": 11.16,
            "eps_4q": 21.37,
            "eps_4q_growth_year": 21.81,
            "roe": 6.84,
            "roe_4q": 29.89,
            "gross_profit": 186234135,
            "gross_margin": 50.04,
            "gross_margin_4q_avg": 52.46,
            "net_income": 134481716,
            "net_income_4q": null,
            "revenue": 372145122,
            "revenue_4q": null,
            "common_shares": 259303805,
            "book_valuer_per_share": 76.81,
            "book_valuer_per_share_4q_avg": 72.96,
            "equity": 1993970573,
            "current_ratio": 191.6,
            "debt_ratio": 35.53,
            "inventory_turnover_ratio": 1.14,
            "account_receivable_turnover_ratio": 2.15,
            "reinvestment_rate": 36.99,
            "research_to_sale_ratio": 8.3,
            "price_fair": 566.21,
            "eps_avg_yearly": 16.18,
            "eps_latest_yearly": 20.72,
            "eps_growth_yearly": 26.11
        },
        "20213": {
            "year_quarter": 20213,
            "year": 2021,
            "quarter": 3,
            "eps": 6.03,
            "eps_growth_year": 13.77,
            "eps_4q": 22.1,
            "eps_4q_growth_year": 16.68,
            "roe": 7.69,
            "roe_4q": 29.75,
            "gross_profit": 212848684,
            "gross_margin": 51.33,
            "gross_margin_4q_avg": 51.93,
            "net_income": 156479154,
            "net_income_4q": null,
            "revenue": 414670379,
            "revenue_4q": null,
            "common_shares": 259303805,
            "book_valuer_per_share": 80.06,
            "book_valuer_per_share_4q_avg": 75.74,
            "equity": 2078320310,
            "current_ratio": 209.06,
            "debt_ratio": 37.63,
            "inventory_turnover_ratio": 1.14,
            "account_receivable_turnover_ratio": 2.27,
            "reinvestment_rate": 42.59,
            "research_to_sale_ratio": 7.44,
            "price_fair": 526.86,
            "eps_avg_yearly": 16.82,
            "eps_latest_yearly": 24.12,
            "eps_growth_yearly": 21.33
        },
        "20214": {
            "year_quarter": 20214,
            "year": 2021,
            "quarter": 4,
            "eps": 6.41,
            "eps_growth_year": 16.44,
            "eps_4q": 23.01,
            "eps_4q_growth_year": 15.19,
            "roe": 7.83,
            "roe_4q": 29.73,
            "gross_profit": 230679228,
            "gross_margin": 52.64,
            "gross_margin_4q_avg": 51.59,
            "net_income": 166373515,
            "net_income_4q": null,
            "revenue": 438189306,
            "revenue_4q": null,
            "common_shares": 259303805,
            "book_valuer_per_share": 83.62,
            "book_valuer_per_share_4q_avg": 78.82,
            "equity": 2170733205,
            "current_ratio": 217.32,
            "debt_ratio": 41.73,
            "inventory_turnover_ratio": 1.11,
            "account_receivable_turnover_ratio": 2.27,
            "reinvestment_rate": 49.31,
            "research_to_sale_ratio": 7.36,
            "price_fair": 529.29,
            "eps_avg_yearly": 17.46,
            "eps_latest_yearly": 25.64,
            "eps_growth_yearly": 20.31
        },
        "20221": {
            "year_quarter": 20221,
            "year": 2022,
            "quarter": 1,
            "eps": 7.82,
            "eps_growth_year": 45.08,
            "eps_4q": 25.44,
            "eps_4q_growth_year": 22.01,
            "roe": 9.03,
            "roe_4q": 31.39,
            "gross_profit": 273203166,
            "gross_margin": 55.63,
            "gross_margin_4q_avg": 52.41,
            "net_income": 202873374,
            "net_income_4q": null,
            "revenue": 491075873,
            "revenue_4q": null,
            "common_shares": 259317675,
            "book_valuer_per_share": 89.26,
            "book_valuer_per_share_4q_avg": 82.44,
            "equity": 2321468754,
            "current_ratio": 209.3,
            "debt_ratio": 41.86,
            "inventory_turnover_ratio": 1.11,
            "account_receivable_turnover_ratio": 2.39,
            "reinvestment_rate": 54.83,
            "research_to_sale_ratio": 7.34,
            "price_fair": 649.34,
            "eps_avg_yearly": 18.55,
            "eps_latest_yearly": 31.28,
            "eps_growth_yearly": 28.22
        },
        "20222": {
            "year_quarter": 20222,
            "year": 2022,
            "quarter": 2,
            "eps": 9.14,
            "eps_growth_year": 76.45,
            "eps_4q": 29.4,
            "eps_4q_growth_year": 37.56,
            "roe": 9.82,
            "roe_4q": 34.37,
            "gross_profit": 315467994,
            "gross_margin": 59.06,
            "gross_margin_4q_avg": 54.67,
            "net_income": 237180252,
            "net_income_4q": null,
            "revenue": 534140808,
            "revenue_4q": null,
            "common_shares": 259303805,
            "book_valuer_per_share": 96.27,
            "book_valuer_per_share_4q_avg": 87.3,
            "equity": 2510462125,
            "current_ratio": 225.48,
            "debt_ratio": 42.23,
            "inventory_turnover_ratio": 1.05,
            "account_receivable_turnover_ratio": 2.45,
            "reinvestment_rate": 58.52,
            "research_to_sale_ratio": 7.42,
            "price_fair": 704.9,
            "eps_avg_yearly": 20.14,
            "eps_latest_yearly": 36.56,
            "eps_growth_yearly": 37.29
        },
        "20223": {
            "year_quarter": 20223,
            "year": 2022,
            "quarter": 3,
            "eps": 10.83,
            "eps_growth_year": 79.6,
            "eps_4q": 34.2,
            "eps_4q_growth_year": 54.75,
            "roe": 10.68,
            "roe_4q": 37.36,
            "gross_profit": 370498717,
            "gross_margin": 60.43,
            "gross_margin_4q_avg": 56.94,
            "net_income": 280968407,
            "net_income_4q": null,
            "revenue": 613142743,
            "revenue_4q": null,
            "common_shares": 259303805,
            "book_valuer_per_share": 105.59,
            "book_valuer_per_share_4q_avg": 93.69,
            "equity": 2752316159,
            "current_ratio": 249.46,
            "debt_ratio": 40.72,
            "inventory_turnover_ratio": 1.11,
            "account_receivable_turnover_ratio": 2.54,
            "reinvestment_rate": 60.21,
            "research_to_sale_ratio": 7.01,
            "price_fair": 769.56,
            "eps_avg_yearly": 21.99,
            "eps_latest_yearly": 43.32,
            "eps_growth_yearly": 36.08
        },
        "20224": {
            "year_quarter": 20224,
            "year": 2022,
            "quarter": 4,
            "eps": 11.41,
            "eps_growth_year": 78.01,
            "eps_4q": 39.2,
            "eps_4q_growth_year": 70.4,
            "roe": 10.36,
            "roe_4q": 39.89,
            "gross_profit": 389184929,
            "gross_margin": 62.22,
            "gross_margin_4q_avg": 59.34,
            "net_income": 295878482,
            "net_income_4q": null,
            "revenue": 625531868,
            "revenue_4q": null,
            "common_shares": 259303805,
            "book_valuer_per_share": 113.6,
            "book_valuer_per_share_4q_avg": 101.18,
            "equity": 2960488867,
            "current_ratio": 217.42,
            "debt_ratio": 40.37,
            "inventory_turnover_ratio": 1.08,
            "account_receivable_turnover_ratio": 2.54,
            "reinvestment_rate": 65.89,
            "research_to_sale_ratio": 7.13,
            "price_fair": 835.63,
            "eps_avg_yearly": 23.88,
            "eps_latest_yearly": 45.64,
            "eps_growth_yearly": 34.37
        },
        "20231": {
            "year_quarter": 20231,
            "year": 2023,
            "quarter": 1,
            "eps": 7.98,
            "eps_growth_year": 2.05,
            "eps_4q": 39.36,
            "eps_4q_growth_year": 54.75,
            "roe": 6.84,
            "roe_4q": 37.7,
            "gross_profit": 286500392,
            "gross_margin": 56.33,
            "gross_margin_4q_avg": 59.51,
            "net_income": 206949036,
            "net_income_4q": null,
            "revenue": 508632973,
            "revenue_4q": null,
            "common_shares": 259324905,
            "book_valuer_per_share": 118.7,
            "book_valuer_per_share_4q_avg": 108.54,
            "equity": 3092897598,
            "current_ratio": 228.58,
            "debt_ratio": 38.7,
            "inventory_turnover_ratio": 1.02,
            "account_receivable_turnover_ratio": 2.68,
            "reinvestment_rate": 66.21,
            "research_to_sale_ratio": 7.7,
            "price_fair": 884.71,
            "eps_avg_yearly": 25.28,
            "eps_latest_yearly": 31.92,
            "eps_growth_yearly": 36.51
        },
        "20232": {
            "year_quarter": 20232,
            "year": 2023,
            "quarter": 2,
            "eps": 7.01,
            "eps_growth_year": -23.3,
            "eps_4q": 37.23,
            "eps_4q_growth_year": 26.66,
            "roe": 5.77,
            "roe_4q": 33.65,
            "gross_profit": 260199847,
            "gross_margin": 54.11,
            "gross_margin_4q_avg": 58.27,
            "net_income": 181717006,
            "net_income_4q": null,
            "revenue": 480841254,
            "revenue_4q": null,
            "common_shares": 259320710,
            "book_valuer_per_share": 122.97,
            "book_valuer_per_share_4q_avg": 115.22,
            "equity": 3205468199,
            "current_ratio": 241.72,
            "debt_ratio": 37.75,
            "inventory_turnover_ratio": 0.98,
            "account_receivable_turnover_ratio": 2.84,
            "reinvestment_rate": 66.28,
            "research_to_sale_ratio": 8.67,
            "price_fair": 923.56,
            "eps_avg_yearly": 26.39,
            "eps_latest_yearly": 28.04,
            "eps_growth_yearly": 31.36
        },
        "20233": {
            "year_quarter": 20233,
            "year": 2023,
            "quarter": 3,
            "eps": 8.14,
            "eps_growth_year": -24.84,
            "eps_4q": 34.54,
            "eps_4q_growth_year": 0.99,
            "roe": 6.41,
            "roe_4q": 29.38,
            "gross_profit": 296642464,
            "gross_margin": 54.26,
            "gross_margin_4q_avg": 56.73,
            "net_income": 210795274,
            "net_income_4q": null,
            "revenue": 546732758,
            "revenue_4q": null,
            "common_shares": 259320710,
            "book_valuer_per_share": 129.12,
            "book_valuer_per_share_4q_avg": 121.1,
            "equity": 3372818107,
            "current_ratio": 214.68,
            "debt_ratio": 38.5,
            "inventory_turnover_ratio": 1.01,
            "account_receivable_turnover_ratio": 2.64,
            "reinvestment_rate": 68.34,
            "research_to_sale_ratio": 9.35,
            "price_fair": 890.64,
            "eps_avg_yearly": 27.45,
            "eps_latest_yearly": 32.56,
            "eps_growth_yearly": 22.45
        },
        "20234": {
            "year_quarter": 20234,
            "year": 2023,
            "quarter": 4,
            "eps": 9.21,
            "eps_growth_year": -19.33,
            "eps_4q": 32.33,
            "eps_4q_growth_year": -17.52,
            "roe": 6.95,
            "roe_4q": 25.97,
            "gross_profit": 331767925,
            "gross_margin": 53.04,
            "gross_margin_4q_avg": 54.44,
            "net_income": 238306201,
            "net_income_4q": null,
            "revenue": 625528856,
            "revenue_4q": null,
            "common_shares": 259320710,
            "book_valuer_per_share": 133.38,
            "book_valuer_per_share_4q_avg": 126.04,
            "equity": 3483262847,
            "current_ratio": 240.16,
            "debt_ratio": 37.04,
            "inventory_turnover_ratio": 1.15,
            "account_receivable_turnover_ratio": 2.95,
            "reinvestment_rate": 58.48,
            "research_to_sale_ratio": 8.06,
            "price_fair": 918.56,
            "eps_avg_yearly": 28.63,
            "eps_latest_yearly": 36.84,
            "eps_growth_yearly": 22.08
        }
    },
    "months": {
        "2001-06": {
            "month": "2001-06",
            "price": "86.15",
            "revenue": 8515354
        },
        "2001-07": {
            "month": "2001-07",
            "price": "62.45",
            "revenue": 8604351
        },
        "2001-08": {
            "month": "2001-08",
            "price": "66.04",
            "revenue": 9027834
        },
        "2001-09": {
            "month": "2001-09",
            "price": "56.36",
            "revenue": 9307707
        },
        "2001-10": {
            "month": "2001-10",
            "price": "55.28",
            "revenue": 10337550
        },
        "2001-11": {
            "month": "2001-11",
            "price": "70.98",
            "revenue": 11058792
        },
        "2001-12": {
            "month": "2001-12",
            "price": "83.74",
            "revenue": 11733275
        },
        "2002-01": {
            "month": "2002-01",
            "price": "88.64",
            "revenue": 12044713
        },
        "2002-02": {
            "month": "2002-02",
            "price": "83.79",
            "revenue": 11468227
        },
        "2002-03": {
            "month": "2002-03",
            "price": "92.88",
            "revenue": 12276775
        },
        "2002-04": {
            "month": "2002-04",
            "price": "92.71",
            "revenue": 13366231
        },
        "2002-05": {
            "month": "2002-05",
            "price": "86.07",
            "revenue": 15200909
        },
        "2002-06": {
            "month": "2002-06",
            "price": "73.52",
            "revenue": 15615315
        },
        "2002-07": {
            "month": "2002-07",
            "price": "63.33",
            "revenue": 13536263
        },
        "2002-08": {
            "month": "2002-08",
            "price": "50.97",
            "revenue": 13544132
        },
        "2002-09": {
            "month": "2002-09",
            "price": "46.16",
            "revenue": 12754622
        },
        "2002-10": {
            "month": "2002-10",
            "price": "41.89",
            "revenue": 15230876
        },
        "2002-11": {
            "month": "2002-11",
            "price": "48.65",
            "revenue": 14582366
        },
        "2002-12": {
            "month": "2002-12",
            "price": "48.10",
            "revenue": 11277901
        },
        "2003-01": {
            "month": "2003-01",
            "price": "47.68",
            "revenue": 13128841
        },
        "2003-02": {
            "month": "2003-02",
            "price": "42.62",
            "revenue": 12345096
        },
        "2003-03": {
            "month": "2003-03",
            "price": "44.73",
            "revenue": 13851376
        },
        "2003-04": {
            "month": "2003-04",
            "price": "45.54",
            "revenue": 15264311
        },
        "2003-05": {
            "month": "2003-05",
            "price": "48.98",
            "revenue": 16811729
        },
        "2003-06": {
            "month": "2003-06",
            "price": "57.50",
            "revenue": 17846112
        },
        "2003-07": {
            "month": "2003-07",
            "price": "58.78",
            "revenue": 17648605
        },
        "2003-08": {
            "month": "2003-08",
            "price": "61.31",
            "revenue": 18317430
        },
        "2003-09": {
            "month": "2003-09",
            "price": "68.07",
            "revenue": 18911236
        },
        "2003-10": {
            "month": "2003-10",
            "price": "68.09",
            "revenue": 20303764
        },
        "2003-11": {
            "month": "2003-11",
            "price": "66.48",
            "revenue": 18510405
        },
        "2003-12": {
            "month": "2003-12",
            "price": "62.78",
            "revenue": 18965436
        },
        "2004-01": {
            "month": "2004-01",
            "price": "66.67",
            "revenue": 19155894
        },
        "2004-02": {
            "month": "2004-02",
            "price": "63.28",
            "revenue": 18385262
        },
        "2004-03": {
            "month": "2004-03",
            "price": "62.11",
            "revenue": 19972049
        },
        "2004-04": {
            "month": "2004-04",
            "price": "61.23",
            "revenue": 20630606
        },
        "2004-05": {
            "month": "2004-05",
            "price": "55.76",
            "revenue": 21719561
        },
        "2004-06": {
            "month": "2004-06",
            "price": "48.88",
            "revenue": 22519074
        },
        "2004-07": {
            "month": "2004-07",
            "price": "43.69",
            "revenue": 23147633
        },
        "2004-08": {
            "month": "2004-08",
            "price": "45.08",
            "revenue": 23413876
        },
        "2004-09": {
            "month": "2004-09",
            "price": "44.74",
            "revenue": 23173529
        },
        "2004-10": {
            "month": "2004-10",
            "price": "43.36",
            "revenue": 22969780
        },
        "2004-11": {
            "month": "2004-11",
            "price": "47.72",
            "revenue": 20985825
        },
        "2004-12": {
            "month": "2004-12",
            "price": "49.23",
            "revenue": 19919339
        },
        "2005-01": {
            "month": "2005-01",
            "price": "48.51",
            "revenue": 20842779
        },
        "2005-02": {
            "month": "2005-02",
            "price": "53.92",
            "revenue": 17200047
        },
        "2005-03": {
            "month": "2005-03",
            "price": "51.87",
            "revenue": 17610390
        },
        "2005-04": {
            "month": "2005-04",
            "price": "51.38",
            "revenue": 18903406
        },
        "2005-05": {
            "month": "2005-05",
            "price": "55.06",
            "revenue": 19507661
        },
        "2005-06": {
            "month": "2005-06",
            "price": "56.52",
            "revenue": 20105150
        },
        "2005-07": {
            "month": "2005-07",
            "price": "55.52",
            "revenue": 20847066
        },
        "2005-08": {
            "month": "2005-08",
            "price": "52.91",
            "revenue": 23182037
        },
        "2005-09": {
            "month": "2005-09",
            "price": "52.48",
            "revenue": 25228512
        },
        "2005-10": {
            "month": "2005-10",
            "price": "51.47",
            "revenue": 26227155
        },
        "2005-11": {
            "month": "2005-11",
            "price": "56.57",
            "revenue": 27518437
        },
        "2005-12": {
            "month": "2005-12",
            "price": "62.15",
            "revenue": 27415724
        },
        "2006-01": {
            "month": "2006-01",
            "price": "63.84",
            "revenue": 26177607
        },
        "2006-02": {
            "month": "2006-02",
            "price": "62.54",
            "revenue": 24008853
        },
        "2006-03": {
            "month": "2006-03",
            "price": "60.88",
            "revenue": 27106885
        },
        "2006-04": {
            "month": "2006-04",
            "price": "67.45",
            "revenue": 27388061
        },
        "2006-05": {
            "month": "2006-05",
            "price": "63.93",
            "revenue": 27124244
        },
        "2006-06": {
            "month": "2006-06",
            "price": "58.04",
            "revenue": 27646913
        },
        "2006-07": {
            "month": "2006-07",
            "price": "55.60",
            "revenue": 27958817
        },
        "2006-08": {
            "month": "2006-08",
            "price": "56.97",
            "revenue": 27284121
        },
        "2006-09": {
            "month": "2006-09",
            "price": "59.01",
            "revenue": 27198253
        },
        "2006-10": {
            "month": "2006-10",
            "price": "61.60",
            "revenue": 27031725
        },
        "2006-11": {
            "month": "2006-11",
            "price": "62.08",
            "revenue": 25060098
        },
        "2006-12": {
            "month": "2006-12",
            "price": "65.88",
            "revenue": 22871403
        },
        "2007-01": {
            "month": "2007-01",
            "price": "68.36",
            "revenue": 21389281
        },
        "2007-02": {
            "month": "2007-02",
            "price": "67.92",
            "revenue": 20947892
        },
        "2007-03": {
            "month": "2007-03",
            "price": "67.84",
            "revenue": 22559908
        },
        "2007-04": {
            "month": "2007-04",
            "price": "68.60",
            "revenue": 23093768
        },
        "2007-05": {
            "month": "2007-05",
            "price": "68.06",
            "revenue": 25711843
        },
        "2007-06": {
            "month": "2007-06",
            "price": "68.02",
            "revenue": 26112322
        },
        "2007-07": {
            "month": "2007-07",
            "price": "70.20",
            "revenue": 29482674
        },
        "2007-08": {
            "month": "2007-08",
            "price": "61.73",
            "revenue": 30018860
        },
        "2007-09": {
            "month": "2007-09",
            "price": "61.85",
            "revenue": 29452630
        },
        "2007-10": {
            "month": "2007-10",
            "price": "62.98",
            "revenue": 32606417
        },
        "2007-11": {
            "month": "2007-11",
            "price": "61.03",
            "revenue": 31264926
        },
        "2007-12": {
            "month": "2007-12",
            "price": "60.43",
            "revenue": 29988444
        },
        "2008-01": {
            "month": "2008-01",
            "price": "55.84",
            "revenue": 31069018
        },
        "2008-02": {
            "month": "2008-02",
            "price": "61.36",
            "revenue": 29282492
        },
        "2008-03": {
            "month": "2008-03",
            "price": "63.16",
            "revenue": 27128456
        },
        "2008-04": {
            "month": "2008-04",
            "price": "64.87",
            "revenue": 28862999
        },
        "2008-05": {
            "month": "2008-05",
            "price": "67.45",
            "revenue": 29801210
        },
        "2008-06": {
            "month": "2008-06",
            "price": "65.47",
            "revenue": 29472535
        },
        "2008-07": {
            "month": "2008-07",
            "price": "58.72",
            "revenue": 31814177
        },
        "2008-08": {
            "month": "2008-08",
            "price": "59.50",
            "revenue": 31849618
        },
        "2008-09": {
            "month": "2008-09",
            "price": "53.72",
            "revenue": 29314755
        },
        "2008-10": {
            "month": "2008-10",
            "price": "45.79",
            "revenue": 29490001
        },
        "2008-11": {
            "month": "2008-11",
            "price": "41.68",
            "revenue": 20643533
        },
        "2008-12": {
            "month": "2008-12",
            "price": "42.45",
            "revenue": 14428868
        },
        "2009-01": {
            "month": "2009-01",
            "price": "42.22",
            "revenue": 13126186
        },
        "2009-02": {
            "month": "2009-02",
            "price": "44.48",
            "revenue": 12176024
        },
        "2009-03": {
            "month": "2009-03",
            "price": "49.16",
            "revenue": 14197917
        },
        "2009-04": {
            "month": "2009-04",
            "price": "51.77",
            "revenue": 22449502
        },
        "2009-05": {
            "month": "2009-05",
            "price": "56.63",
            "revenue": 25247300
        },
        "2009-06": {
            "month": "2009-06",
            "price": "55.40",
            "revenue": 26514911
        },
        "2009-07": {
            "month": "2009-07",
            "price": "55.63",
            "revenue": 31173173
        },
        "2009-08": {
            "month": "2009-08",
            "price": "58.02",
            "revenue": 29826553
        },
        "2009-09": {
            "month": "2009-09",
            "price": "61.95",
            "revenue": 28936225
        },
        "2009-10": {
            "month": "2009-10",
            "price": "61.83",
            "revenue": 30218674
        },
        "2009-11": {
            "month": "2009-11",
            "price": "61.32",
            "revenue": 30321989
        },
        "2009-12": {
            "month": "2009-12",
            "price": "62.52",
            "revenue": 31553784
        },
        "2010-01": {
            "month": "2010-01",
            "price": "62.69",
            "revenue": 30135692
        },
        "2010-02": {
            "month": "2010-02",
            "price": "58.69",
            "revenue": 30132257
        },
        "2010-03": {
            "month": "2010-03",
            "price": "60.62",
            "revenue": 31918737
        },
        "2010-04": {
            "month": "2010-04",
            "price": "62.73",
            "revenue": 33809483
        },
        "2010-05": {
            "month": "2010-05",
            "price": "59.68",
            "revenue": 34818548
        },
        "2010-06": {
            "month": "2010-06",
            "price": "60.93",
            "revenue": 36334357
        },
        "2010-07": {
            "month": "2010-07",
            "price": "61.12",
            "revenue": 37217893
        },
        "2010-08": {
            "month": "2010-08",
            "price": "60.28",
            "revenue": 37390814
        },
        "2010-09": {
            "month": "2010-09",
            "price": "60.53",
            "revenue": 37637898
        },
        "2010-10": {
            "month": "2010-10",
            "price": "61.61",
            "revenue": 38427283
        },
        "2010-11": {
            "month": "2010-11",
            "price": "63.78",
            "revenue": 36846406
        },
        "2010-12": {
            "month": "2010-12",
            "price": "69.79",
            "revenue": 34868520
        },
        "2011-01": {
            "month": "2011-01",
            "price": "74.33",
            "revenue": 35370662
        },
        "2011-02": {
            "month": "2011-02",
            "price": "72.37",
            "revenue": 32691258
        },
        "2011-03": {
            "month": "2011-03",
            "price": "70.03",
            "revenue": 37315575
        },
        "2011-04": {
            "month": "2011-04",
            "price": "70.94",
            "revenue": 37126441
        },
        "2011-05": {
            "month": "2011-05",
            "price": "75.03",
            "revenue": 36708610
        },
        "2011-06": {
            "month": "2011-06",
            "price": "75.07",
            "revenue": 36673316
        },
        "2011-07": {
            "month": "2011-07",
            "price": "71.82",
            "revenue": 35432214
        },
        "2011-08": {
            "month": "2011-08",
            "price": "67.19",
            "revenue": 37644994
        },
        "2011-09": {
            "month": "2011-09",
            "price": "69.00",
            "revenue": 33406409
        },
        "2011-10": {
            "month": "2011-10",
            "price": "70.63",
            "revenue": 37609824
        },
        "2011-11": {
            "month": "2011-11",
            "price": "74.07",
            "revenue": 35859379
        },
        "2011-12": {
            "month": "2011-12",
            "price": "75.02",
            "revenue": 31241963
        },
        "2012-01": {
            "month": "2012-01",
            "price": "76.40",
            "revenue": 34568723
        },
        "2012-02": {
            "month": "2012-02",
            "price": "78.13",
            "revenue": 33855692
        },
        "2012-03": {
            "month": "2012-03",
            "price": "82.25",
            "revenue": 37083259
        },
        "2012-04": {
            "month": "2012-04",
            "price": "84.28",
            "revenue": 40496082
        },
        "2012-05": {
            "month": "2012-05",
            "price": "83.94",
            "revenue": 44137730
        },
        "2012-06": {
            "month": "2012-06",
            "price": "79.50",
            "revenue": 43427017
        },
        "2012-07": {
            "month": "2012-07",
            "price": "78.09",
            "revenue": 48525185
        },
        "2012-08": {
            "month": "2012-08",
            "price": "82.18",
            "revenue": 49496994
        },
        "2012-09": {
            "month": "2012-09",
            "price": "85.18",
            "revenue": 43353272
        },
        "2012-10": {
            "month": "2012-10",
            "price": "87.64",
            "revenue": 49937707
        },
        "2012-11": {
            "month": "2012-11",
            "price": "92.05",
            "revenue": 44252771
        },
        "2012-12": {
            "month": "2012-12",
            "price": "96.89",
            "revenue": 37114148
        },
        "2013-01": {
            "month": "2013-01",
            "price": "100.52",
            "revenue": 47438687
        },
        "2013-02": {
            "month": "2013-02",
            "price": "105.23",
            "revenue": 41182084
        },
        "2013-03": {
            "month": "2013-03",
            "price": "101.57",
            "revenue": 44134225
        },
        "2013-04": {
            "month": "2013-04",
            "price": "102.90",
            "revenue": 50070645
        },
        "2013-05": {
            "month": "2013-05",
            "price": "112.20",
            "revenue": 51787926
        },
        "2013-06": {
            "month": "2013-06",
            "price": "105.97",
            "revenue": 54027749
        },
        "2013-07": {
            "month": "2013-07",
            "price": "105.05",
            "revenue": 52103384
        },
        "2013-08": {
            "month": "2013-08",
            "price": "97.26",
            "revenue": 55091177
        },
        "2013-09": {
            "month": "2013-09",
            "price": "103.05",
            "revenue": 55382473
        },
        "2013-10": {
            "month": "2013-10",
            "price": "107.09",
            "revenue": 51794813
        },
        "2013-11": {
            "month": "2013-11",
            "price": "104.64",
            "revenue": 44329997
        },
        "2013-12": {
            "month": "2013-12",
            "price": "103.68",
            "revenue": 49681037
        },
        "2014-01": {
            "month": "2014-01",
            "price": "104.81",
            "revenue": 51429993
        },
        "2014-02": {
            "month": "2014-02",
            "price": "105.91",
            "revenue": 46829051
        },
        "2014-03": {
            "month": "2014-03",
            "price": "113.60",
            "revenue": 49956128
        },
        "2014-04": {
            "month": "2014-04",
            "price": "120.07",
            "revenue": 61887391
        },
        "2014-05": {
            "month": "2014-05",
            "price": "120.69",
            "revenue": 60789137
        },
        "2014-06": {
            "month": "2014-06",
            "price": "124.08",
            "revenue": 60343956
        },
        "2014-07": {
            "month": "2014-07",
            "price": "128.93",
            "revenue": 64924870
        },
        "2014-08": {
            "month": "2014-08",
            "price": "123.07",
            "revenue": 69278551
        },
        "2014-09": {
            "month": "2014-09",
            "price": "124.21",
            "revenue": 74846313
        },
        "2014-10": {
            "month": "2014-10",
            "price": "125.02",
            "revenue": 80736353
        },
        "2014-11": {
            "month": "2014-11",
            "price": "135.18",
            "revenue": 72274532
        },
        "2014-12": {
            "month": "2014-12",
            "price": "137.23",
            "revenue": 69510190
        },
        "2015-01": {
            "month": "2015-01",
            "price": "138.40",
            "revenue": 87120068
        },
        "2015-02": {
            "month": "2015-02",
            "price": "146.69",
            "revenue": 62645075
        },
        "2015-03": {
            "month": "2015-03",
            "price": "148.64",
            "revenue": 72269001
        },
        "2015-04": {
            "month": "2015-04",
            "price": "146.02",
            "revenue": 75329510
        },
        "2015-05": {
            "month": "2015-05",
            "price": "146.70",
            "revenue": 70154763
        },
        "2015-06": {
            "month": "2015-06",
            "price": "142.40",
            "revenue": 59955479
        },
        "2015-07": {
            "month": "2015-07",
            "price": "138.43",
            "revenue": 80952810
        },
        "2015-08": {
            "month": "2015-08",
            "price": "127.38",
            "revenue": 67038016
        },
        "2015-09": {
            "month": "2015-09",
            "price": "127.05",
            "revenue": 64514083
        },
        "2015-10": {
            "month": "2015-10",
            "price": "136.90",
            "revenue": 81743395
        },
        "2015-11": {
            "month": "2015-11",
            "price": "139.60",
            "revenue": 63428163
        },
        "2015-12": {
            "month": "2015-12",
            "price": "141.89",
            "revenue": 58347005
        },
        "2016-01": {
            "month": "2016-01",
            "price": "136.79",
            "revenue": 70855235
        },
        "2016-02": {
            "month": "2016-02",
            "price": "147.92",
            "revenue": 59551321
        },
        "2016-03": {
            "month": "2016-03",
            "price": "156.46",
            "revenue": 73088805
        },
        "2016-04": {
            "month": "2016-04",
            "price": "156.92",
            "revenue": 66843310
        },
        "2016-05": {
            "month": "2016-05",
            "price": "149.52",
            "revenue": 73575784
        },
        "2016-06": {
            "month": "2016-06",
            "price": "161.38",
            "revenue": 81390752
        },
        "2016-07": {
            "month": "2016-07",
            "price": "169.58",
            "revenue": 76391654
        },
        "2016-08": {
            "month": "2016-08",
            "price": "176.11",
            "revenue": 94311424
        },
        "2016-09": {
            "month": "2016-09",
            "price": "180.26",
            "revenue": 89702807
        },
        "2016-10": {
            "month": "2016-10",
            "price": "188.60",
            "revenue": 91085318
        },
        "2016-11": {
            "month": "2016-11",
            "price": "183.57",
            "revenue": 93029912
        },
        "2016-12": {
            "month": "2016-12",
            "price": "182.32",
            "revenue": 78112022
        },
        "2017-01": {
            "month": "2017-01",
            "price": "182.69",
            "revenue": 76616258
        },
        "2017-02": {
            "month": "2017-02",
            "price": "187.17",
            "revenue": 71422961
        },
        "2017-03": {
            "month": "2017-03",
            "price": "188.96",
            "revenue": 85875181
        },
        "2017-04": {
            "month": "2017-04",
            "price": "190.42",
            "revenue": 56871933
        },
        "2017-05": {
            "month": "2017-05",
            "price": "203.42",
            "revenue": 72795974
        },
        "2017-06": {
            "month": "2017-06",
            "price": "211.28",
            "revenue": 84187305
        },
        "2017-07": {
            "month": "2017-07",
            "price": "211.88",
            "revenue": 71611190
        },
        "2017-08": {
            "month": "2017-08",
            "price": "214.59",
            "revenue": 91917167
        },
        "2017-09": {
            "month": "2017-09",
            "price": "217.73",
            "revenue": 88578988
        },
        "2017-10": {
            "month": "2017-10",
            "price": "234.92",
            "revenue": 94519722
        },
        "2017-11": {
            "month": "2017-11",
            "price": "239.45",
            "revenue": 93153310
        },
        "2017-12": {
            "month": "2017-12",
            "price": "227.69",
            "revenue": 89897252
        },
        "2018-01": {
            "month": "2018-01",
            "price": "246.95",
            "revenue": 79740672
        },
        "2018-02": {
            "month": "2018-02",
            "price": "244.46",
            "revenue": 64640562
        },
        "2018-03": {
            "month": "2018-03",
            "price": "249.37",
            "revenue": 103697437
        },
        "2018-04": {
            "month": "2018-04",
            "price": "236.81",
            "revenue": 81869781
        },
        "2018-05": {
            "month": "2018-05",
            "price": "227.05",
            "revenue": 80968732
        },
        "2018-06": {
            "month": "2018-06",
            "price": "224.62",
            "revenue": 70438298
        },
        "2018-07": {
            "month": "2018-07",
            "price": "227.91",
            "revenue": 74370924
        },
        "2018-08": {
            "month": "2018-08",
            "price": "245.80",
            "revenue": 91055038
        },
        "2018-09": {
            "month": "2018-09",
            "price": "260.58",
            "revenue": 94921920
        },
        "2018-10": {
            "month": "2018-10",
            "price": "237.80",
            "revenue": 101550181
        },
        "2018-11": {
            "month": "2018-11",
            "price": "227.82",
            "revenue": 98389414
        },
        "2018-12": {
            "month": "2018-12",
            "price": "223.45",
            "revenue": 89830598
        },
        "2019-01": {
            "month": "2019-01",
            "price": "219.07",
            "revenue": 78093827
        },
        "2019-02": {
            "month": "2019-02",
            "price": "232.62",
            "revenue": 60889055
        },
        "2019-03": {
            "month": "2019-03",
            "price": "238.75",
            "revenue": 79721587
        },
        "2019-04": {
            "month": "2019-04",
            "price": "257.75",
            "revenue": 74693615
        },
        "2019-05": {
            "month": "2019-05",
            "price": "244.77",
            "revenue": 80436931
        },
        "2019-06": {
            "month": "2019-06",
            "price": "239.16",
            "revenue": 85867929
        },
        "2019-07": {
            "month": "2019-07",
            "price": "253.65",
            "revenue": 84757724
        },
        "2019-08": {
            "month": "2019-08",
            "price": "251.52",
            "revenue": 106117619
        },
        "2019-09": {
            "month": "2019-09",
            "price": "263.63",
            "revenue": 102170096
        },
        "2019-10": {
            "month": "2019-10",
            "price": "289.52",
            "revenue": 106039531
        },
        "2019-11": {
            "month": "2019-11",
            "price": "307.69",
            "revenue": 107884396
        },
        "2019-12": {
            "month": "2019-12",
            "price": "326.80",
            "revenue": 103313138
        },
        "2020-01": {
            "month": "2020-01",
            "price": "334.07",
            "revenue": 103683135
        },
        "2020-02": {
            "month": "2020-02",
            "price": "326.26",
            "revenue": 93394449
        },
        "2020-03": {
            "month": "2020-03",
            "price": "286.45",
            "revenue": 113519599
        },
        "2020-04": {
            "month": "2020-04",
            "price": "290.10",
            "revenue": 96001572
        },
        "2020-05": {
            "month": "2020-05",
            "price": "295.02",
            "revenue": 93819010
        },
        "2020-06": {
            "month": "2020-06",
            "price": "312.22",
            "revenue": 120877785
        },
        "2020-07": {
            "month": "2020-07",
            "price": "370.74",
            "revenue": 105963468
        },
        "2020-08": {
            "month": "2020-08",
            "price": "429.67",
            "revenue": 122878244
        },
        "2020-09": {
            "month": "2020-09",
            "price": "435.36",
            "revenue": 127584492
        },
        "2020-10": {
            "month": "2020-10",
            "price": "448.92",
            "revenue": 119302707
        },
        "2020-11": {
            "month": "2020-11",
            "price": "471.19",
            "revenue": 124865438
        },
        "2020-12": {
            "month": "2020-12",
            "price": "511.17",
            "revenue": 117364912
        },
        "2021-01": {
            "month": "2021-01",
            "price": "600.25",
            "revenue": 126749152
        },
        "2021-02": {
            "month": "2021-02",
            "price": "635.69",
            "revenue": 106533690
        },
        "2021-03": {
            "month": "2021-03",
            "price": "599.00",
            "revenue": 129127388
        },
        "2021-04": {
            "month": "2021-04",
            "price": "605.68",
            "revenue": 111314794
        },
        "2021-05": {
            "month": "2021-05",
            "price": "576.52",
            "revenue": 112359668
        },
        "2021-06": {
            "month": "2021-06",
            "price": "594.86",
            "revenue": 148470660
        },
        "2021-07": {
            "month": "2021-07",
            "price": "589.64",
            "revenue": 124557799
        },
        "2021-08": {
            "month": "2021-08",
            "price": "586.09",
            "revenue": 137427162
        },
        "2021-09": {
            "month": "2021-09",
            "price": "605.85",
            "revenue": 152685418
        },
        "2021-10": {
            "month": "2021-10",
            "price": "586.15",
            "revenue": 134539477
        },
        "2021-11": {
            "month": "2021-11",
            "price": "603.32",
            "revenue": 148267599
        },
        "2021-12": {
            "month": "2021-12",
            "price": "605.18",
            "revenue": 155382230
        },
        "2022-01": {
            "month": "2022-01",
            "price": "651.28",
            "revenue": 172176110
        },
        "2022-02": {
            "month": "2022-02",
            "price": "632.33",
            "revenue": 146933238
        },
        "2022-03": {
            "month": "2022-03",
            "price": "584.35",
            "revenue": 171966525
        },
        "2022-04": {
            "month": "2022-04",
            "price": "559.47",
            "revenue": 172561382
        },
        "2022-05": {
            "month": "2022-05",
            "price": "527.29",
            "revenue": 185705425
        },
        "2022-06": {
            "month": "2022-06",
            "price": "512.31",
            "revenue": 175874001
        },
        "2022-07": {
            "month": "2022-07",
            "price": "478.14",
            "revenue": 186762689
        },
        "2022-08": {
            "month": "2022-08",
            "price": "509.41",
            "revenue": 218132391
        },
        "2022-09": {
            "month": "2022-09",
            "price": "468.07",
            "revenue": 208247663
        },
        "2022-10": {
            "month": "2022-10",
            "price": "403.08",
            "revenue": 210265633
        },
        "2022-11": {
            "month": "2022-11",
            "price": "450.36",
            "revenue": 222705993
        },
        "2022-12": {
            "month": "2022-12",
            "price": "469.52",
            "revenue": 192560242
        },
        "2023-01": {
            "month": "2023-01",
            "price": "486.96",
            "revenue": 200050544
        },
        "2023-02": {
            "month": "2023-02",
            "price": "528.44",
            "revenue": 163174097
        },
        "2023-03": {
            "month": "2023-03",
            "price": "522.22",
            "revenue": 145408332
        },
        "2023-04": {
            "month": "2023-04",
            "price": "513.00",
            "revenue": 147899735
        },
        "2023-05": {
            "month": "2023-05",
            "price": "521.61",
            "revenue": 176537345
        },
        "2023-06": {
            "month": "2023-06",
            "price": "573.65",
            "revenue": 156404174
        },
        "2023-07": {
            "month": "2023-07",
            "price": "574.19",
            "revenue": 177616220
        },
        "2023-08": {
            "month": "2023-08",
            "price": "549.82",
            "revenue": 188686256
        },
        "2023-09": {
            "month": "2023-09",
            "price": "538.40",
            "revenue": 180430282
        },
        "2023-10": {
            "month": "2023-10",
            "price": "539.20",
            "revenue": 243202811
        },
        "2023-11": {
            "month": "2023-11",
            "price": "566.91",
            "revenue": 206026179
        },
        "2023-12": {
            "month": "2023-12",
            "price": "580.19",
            "revenue": 176299866
        }
    }
}
