{
    "summary": {
        "stock_name": "精英",
        "stock_id": "2331",
        "category": "電腦及週邊設備",
        "main_business": "電腦主機板、桌上型電腦等之生產及銷售。<br>電腦週邊產品、筆記型電腦之開發製造及銷售等。",
        "website_url": "http://www.ecs.com.tw",
        "ceo": "王金來",
        "pe_ratio": 24,
        "report_year_from": 2001,
        "report_year_to": 2023,
        "age": 22,
        "eps_negative_percentage": 13,
        "eps_growth_avg": {
            "last_all": -9.82,
            "last_2y": 50,
            "last_4y": 31.54,
            "last_8y": 0.55,
            "last_12y": 8.76,
            "last_16y": 2.88,
            "last_20y": -9.82,
            "at_2006_last_3y": -94.76,
            "at_2007_last_3y": -100,
            "at_2008_last_3y": -80.99,
            "at_2009_last_3y": -20.66,
            "at_2010_last_3y": -14.86,
            "at_2011_last_3y": 13.85,
            "at_2012_last_3y": 25.18,
            "at_2013_last_3y": 25.18,
            "at_2014_last_3y": 32.62,
            "at_2015_last_3y": 7.5,
            "at_2016_last_3y": -13.33,
            "at_2017_last_3y": -51.11,
            "at_2018_last_3y": -64.26,
            "at_2019_last_3y": -30.77,
            "at_2020_last_3y": 19.23,
            "at_2021_last_3y": 14.42,
            "at_2022_last_3y": 62.5,
            "at_2023_last_3y": 62.5,
            "at_2006_last_all": -79.98,
            "at_2007_last_all": -79.98,
            "at_2008_last_all": -76.38,
            "at_2009_last_all": -46.98,
            "at_2010_last_all": -52.07,
            "at_2011_last_all": -33.06,
            "at_2012_last_all": -31.24,
            "at_2013_last_all": -18.12,
            "at_2014_last_all": -21.27,
            "at_2015_last_all": -19.54,
            "at_2016_last_all": -25.73,
            "at_2017_last_all": -25.73,
            "at_2018_last_all": -30.48,
            "at_2019_last_all": -21.79,
            "at_2020_last_all": -17.3,
            "at_2021_last_all": -16.28,
            "at_2022_last_all": -9.82,
            "at_2023_last_all": -9.82
        },
        "latest_eps": 1.26,
        "latest_price": 29.85,
        "latest_roe": 6.42,
        "latest_gross_margin": 11.66,
        "latest_equity": 11109838,
        "latest_revenue": 4437563,
        "latest_gross_profit": 517262,
        "latest_net_income": 5566,
        "latest_debt_ratio": 49.6,
        "latest_current_ratio": 158.54,
        "latest_account_receivable_turnover_ratio": 1.41,
        "latest_inventory_turnover_ratio": 1.21,
        "latest_reinvestment_rate": -57.62,
        "latest_research_to_sale_ratio": 5.75
    },
    "eps_dividends": {
        "1993": {
            "cash": 0.5,
            "stock": 2,
            "eps": 0
        },
        "1994": {
            "cash": 0.4,
            "stock": 2.1,
            "eps": 0
        },
        "1995": {
            "cash": 0,
            "stock": 2.5,
            "eps": 0
        },
        "1996": {
            "cash": 0,
            "stock": 0.5,
            "eps": 0
        },
        "2001": {
            "cash": 0.43,
            "stock": 0.43,
            "eps": 12.15
        },
        "2002": {
            "cash": 0.5,
            "stock": 5,
            "eps": 7.82
        },
        "2003": {
            "cash": 1,
            "stock": 3,
            "eps": 1.23
        },
        "2004": {
            "cash": 0.5,
            "stock": 0.5,
            "eps": -0.92
        },
        "2005": {
            "cash": 0,
            "stock": 0,
            "eps": 0.71
        },
        "2006": {
            "cash": 0.45,
            "stock": 0.2,
            "eps": -1.24
        },
        "2007": {
            "cash": 0,
            "stock": 0,
            "eps": 0.71
        },
        "2008": {
            "cash": 0.47,
            "stock": 0.16,
            "eps": 0.27
        },
        "2009": {
            "cash": 0.25,
            "stock": 0,
            "eps": 0.69
        },
        "2010": {
            "cash": 0.5,
            "stock": 0,
            "eps": 0.12
        },
        "2011": {
            "cash": 2.47,
            "stock": 0,
            "eps": 0.36
        },
        "2012": {
            "cash": 0,
            "stock": 0,
            "eps": 0.3
        },
        "2013": {
            "cash": 0.5,
            "stock": 0,
            "eps": 4.41
        },
        "2014": {
            "cash": 3,
            "stock": 0,
            "eps": 2.08
        },
        "2015": {
            "cash": 5,
            "stock": 0,
            "eps": 2.07
        },
        "2016": {
            "cash": 2,
            "stock": 0,
            "eps": -1.7
        },
        "2017": {
            "cash": 0,
            "stock": 0,
            "eps": 0.39
        },
        "2018": {
            "cash": 1,
            "stock": 0,
            "eps": 0.03
        },
        "2019": {
            "cash": 0,
            "stock": 0,
            "eps": 0.08
        },
        "2020": {
            "cash": 0,
            "stock": 0,
            "eps": 0.12
        },
        "2021": {
            "cash": 1,
            "stock": 0,
            "eps": 0.12
        },
        "2022": {
            "cash": 0,
            "stock": 0,
            "eps": 1.58
        },
        "2023": {
            "cash": 0.8,
            "stock": 0,
            "eps": 0.01
        }
    },
    "dividends": {
        "1993-05-26": {
            "cash": 0.5,
            "stock": 2
        },
        "1994-04-28": {
            "cash": 0.4,
            "stock": 2.1
        },
        "1995-05-29": {
            "cash": 0,
            "stock": 2.5
        },
        "1996-06-25": {
            "cash": 0,
            "stock": 0.5
        },
        "2001-04-12": {
            "cash": 0.43,
            "stock": 0.43
        },
        "2002-05-31": {
            "cash": 0.5,
            "stock": 5
        },
        "2003-03-28": {
            "cash": 1,
            "stock": 3
        },
        "2004-06-15": {
            "cash": 0.5,
            "stock": 0.5
        },
        "2006-04-11": {
            "cash": 0.45,
            "stock": 0.2
        },
        "2008-04-07": {
            "cash": 0.47,
            "stock": 0.16
        },
        "2009-03-30": {
            "cash": 0.25,
            "stock": 0
        },
        "2010-03-25": {
            "cash": 0.5,
            "stock": 0
        },
        "2011-01-01": {
            "cash": 2.47,
            "stock": 0
        },
        "2013-03-21": {
            "cash": 0.5,
            "stock": 0
        },
        "2014-06-23": {
            "cash": 3,
            "stock": 0
        },
        "2015-08-14": {
            "cash": 5,
            "stock": 0
        },
        "2016-08-17": {
            "cash": 2,
            "stock": 0
        },
        "2018-08-17": {
            "cash": 1,
            "stock": 0
        },
        "2021-10-15": {
            "cash": 1,
            "stock": 0
        },
        "2023-05-04": {
            "cash": 0.8,
            "stock": 0
        }
    },
    "prices": {
        "200101": "53.37",
        "200102": "96.79",
        "200103": "142.09",
        "200104": "175.20",
        "200105": "125.09",
        "200106": "109.00",
        "200107": "93.67",
        "200108": "111.83",
        "200109": "98.50",
        "200110": "103.33",
        "200111": "119.43",
        "200112": "181.36",
        "200201": "219.50",
        "200202": "206.25",
        "200203": "202.14",
        "200204": "189.62",
        "200205": "162.00",
        "200206": "167.22",
        "200207": "109.07",
        "200208": "86.64",
        "200209": "84.82",
        "200210": "74.27",
        "200211": "73.00",
        "200212": "65.57",
        "200301": "62.55",
        "200302": "56.88",
        "200303": "51.88",
        "200304": "44.05",
        "200305": "36.25",
        "200306": "46.25",
        "200307": "49.54",
        "200308": "37.40",
        "200309": "33.20",
        "200310": "34.60",
        "200311": "33.65",
        "200312": "33.64",
        "200401": "33.43",
        "200402": "34.42",
        "200403": "31.70",
        "200404": "28.00",
        "200405": "19.94",
        "200406": "18.03",
        "200407": "14.22",
        "200408": "12.92",
        "200409": "11.48",
        "200410": "14.34",
        "200411": "15.97",
        "200412": "17.78",
        "200501": "20.87",
        "200502": "20.53",
        "200503": "21.08",
        "200504": "19.70",
        "200505": "19.27",
        "200506": "20.99",
        "200507": "21.98",
        "200508": "21.14",
        "200509": "22.09",
        "200510": "22.94",
        "200511": "22.09",
        "200512": "24.98",
        "200601": "23.21",
        "200602": "22.49",
        "200603": "20.70",
        "200604": "21.64",
        "200605": "21.38",
        "200606": "18.17",
        "200607": "18.28",
        "200608": "18.14",
        "200609": "17.23",
        "200610": "16.96",
        "200611": "16.72",
        "200612": "18.68",
        "200701": "19.16",
        "200702": "18.14",
        "200703": "17.07",
        "200704": "18.74",
        "200705": "17.14",
        "200706": "17.08",
        "200707": "20.48",
        "200708": "22.13",
        "200709": "20.40",
        "200710": "21.12",
        "200711": "17.74",
        "200712": "14.37",
        "200801": "11.89",
        "200802": "11.00",
        "200803": "13.49",
        "200804": "15.13",
        "200805": "14.08",
        "200806": "11.81",
        "200807": "10.76",
        "200808": "11.39",
        "200809": "8.22",
        "200810": "6.98",
        "200811": "5.93",
        "200812": "5.41",
        "200901": "5.94",
        "200902": "6.26",
        "200903": "7.73",
        "200904": "10.75",
        "200905": "11.68",
        "200906": "10.64",
        "200907": "11.80",
        "200908": "12.36",
        "200909": "13.20",
        "200910": "13.34",
        "200911": "12.81",
        "200912": "13.98",
        "201001": "14.48",
        "201002": "13.00",
        "201003": "13.64",
        "201004": "13.56",
        "201005": "11.45",
        "201006": "11.60",
        "201007": "11.74",
        "201008": "11.75",
        "201009": "11.29",
        "201010": "11.40",
        "201011": "10.91",
        "201012": "11.34",
        "201101": "11.68",
        "201102": "10.94",
        "201103": "10.07",
        "201104": "10.00",
        "201105": "9.28",
        "201106": "9.15",
        "201107": "9.34",
        "201108": "7.84",
        "201109": "7.26",
        "201110": "7.10",
        "201111": "7.16",
        "201112": "6.19",
        "201201": "6.46",
        "201202": "7.62",
        "201203": "7.98",
        "201204": "7.68",
        "201205": "9.87",
        "201206": "11.24",
        "201207": "12.06",
        "201208": "10.43",
        "201209": "9.80",
        "201210": "9.10",
        "201211": "7.96",
        "201212": "8.99",
        "201301": "9.44",
        "201302": "9.72",
        "201303": "10.68",
        "201304": "11.71",
        "201305": "12.84",
        "201306": "12.68",
        "201307": "11.95",
        "201308": "11.74",
        "201309": "12.54",
        "201310": "13.08",
        "201311": "13.72",
        "201312": "16.69",
        "201401": "17.36",
        "201402": "17.81",
        "201403": "19.78",
        "201404": "23.44",
        "201405": "22.79",
        "201406": "23.43",
        "201407": "22.42",
        "201408": "20.43",
        "201409": "22.13",
        "201410": "24.24",
        "201411": "26.62",
        "201412": "26.75",
        "201501": "27.03",
        "201502": "25.80",
        "201503": "27.17",
        "201504": "31.14",
        "201505": "30.53",
        "201506": "31.59",
        "201507": "25.08",
        "201508": "19.03",
        "201509": "19.04",
        "201510": "22.21",
        "201511": "22.70",
        "201512": "20.80",
        "201601": "18.82",
        "201602": "20.97",
        "201603": "21.50",
        "201604": "20.44",
        "201605": "19.35",
        "201606": "18.80",
        "201607": "17.43",
        "201608": "15.64",
        "201609": "14.16",
        "201610": "12.81",
        "201611": "12.96",
        "201612": "13.47",
        "201701": "17.34",
        "201702": "20.47",
        "201703": "23.07",
        "201704": "20.82",
        "201705": "20.46",
        "201706": "20.85",
        "201707": "20.20",
        "201708": "18.71",
        "201709": "22.85",
        "201710": "23.35",
        "201711": "21.52",
        "201712": "19.78",
        "201801": "19.08",
        "201802": "17.79",
        "201803": "18.21",
        "201804": "17.21",
        "201805": "16.87",
        "201806": "17.69",
        "201807": "17.16",
        "201808": "16.02",
        "201809": "15.43",
        "201810": "13.28",
        "201811": "12.85",
        "201812": "12.81",
        "201901": "12.28",
        "201902": "12.53",
        "201903": "12.84",
        "201904": "12.16",
        "201905": "12.11",
        "201906": "11.77",
        "201907": "11.50",
        "201908": "11.55",
        "201909": "12.90",
        "201910": "13.39",
        "201911": "12.98",
        "201912": "13.36",
        "202001": "13.41",
        "202002": "11.82",
        "202003": "9.32",
        "202004": "9.78",
        "202005": "11.40",
        "202006": "11.60",
        "202007": "11.93",
        "202008": "13.27",
        "202009": "12.96",
        "202010": "16.69",
        "202011": "17.65",
        "202012": "21.36",
        "202101": "25.74",
        "202102": "28.06",
        "202103": "32.37",
        "202104": "30.32",
        "202105": "24.48",
        "202106": "22.85",
        "202107": "21.66",
        "202108": "21.25",
        "202109": "24.03",
        "202110": "22.99",
        "202111": "22.98",
        "202112": "22.60",
        "202201": "21.09",
        "202202": "20.24",
        "202203": "19.49",
        "202204": "19.34",
        "202205": "19.37",
        "202206": "20.69",
        "202207": "20.72",
        "202208": "23.65",
        "202209": "25.19",
        "202210": "22.24",
        "202211": "21.70",
        "202212": "21.72",
        "202301": "20.94",
        "202302": "21.50",
        "202303": "22.79",
        "202304": "23.41",
        "202305": "26.42",
        "202306": "29.94"
    },
    "quarters": {
        "20011": {
            "year_quarter": 20011,
            "year": 2001,
            "quarter": 1,
            "eps": 4.64,
            "eps_growth_year": 236.23,
            "eps_4q": 11.23,
            "eps_4q_growth_year": 65.03,
            "roe": 19.74,
            "roe_4q": 19.74,
            "gross_profit": 981869,
            "gross_margin": 14.54,
            "gross_margin_4q_avg": 14.54,
            "net_income": 710396,
            "revenue": 6751039,
            "common_shares": 1530900,
            "book_valuer_per_share": 25.39,
            "book_valuer_per_share_4q_avg": 25.39,
            "equity": 3887322,
            "current_ratio": 140.35,
            "debt_ratio": 62.05,
            "inventory_turnover_ratio": 12.48,
            "account_receivable_turnover_ratio": null,
            "reinvestment_rate": null,
            "research_to_sale_ratio": null,
            "price_fair": 0,
            "eps_avg_yearly": 0,
            "eps_latest_yearly": 0,
            "eps_growth_yearly": 0
        },
        "20012": {
            "year_quarter": 20012,
            "year": 2001,
            "quarter": 2,
            "eps": 2.77,
            "eps_growth_year": 87.16,
            "eps_4q": 9.41,
            "eps_4q_growth_year": 30.89,
            "roe": 14.84,
            "roe_4q": 34.58,
            "gross_profit": 761014,
            "gross_margin": 11.69,
            "gross_margin_4q_avg": 13.12,
            "net_income": 622976,
            "revenue": 6509688,
            "common_shares": 2246536,
            "book_valuer_per_share": 20.08,
            "book_valuer_per_share_4q_avg": 22.74,
            "equity": 4510478,
            "current_ratio": 118.96,
            "debt_ratio": 61.9,
            "inventory_turnover_ratio": 11.98,
            "account_receivable_turnover_ratio": null,
            "reinvestment_rate": null,
            "research_to_sale_ratio": null,
            "price_fair": 0,
            "eps_avg_yearly": 0,
            "eps_latest_yearly": 0,
            "eps_growth_yearly": 0
        },
        "20013": {
            "year_quarter": 20013,
            "year": 2001,
            "quarter": 3,
            "eps": 2.02,
            "eps_growth_year": -15.83,
            "eps_4q": 9.8,
            "eps_4q_growth_year": 31.52,
            "roe": 9.6,
            "roe_4q": 44.17999999999999,
            "gross_profit": 822148,
            "gross_margin": 10.25,
            "gross_margin_4q_avg": 12.16,
            "net_income": 454205,
            "revenue": 8019490,
            "common_shares": 2246536,
            "book_valuer_per_share": 22.06,
            "book_valuer_per_share_4q_avg": 22.51,
            "equity": 4954743,
            "current_ratio": 109.94,
            "debt_ratio": 60.66,
            "inventory_turnover_ratio": 13.96,
            "account_receivable_turnover_ratio": null,
            "reinvestment_rate": null,
            "research_to_sale_ratio": null,
            "price_fair": 0,
            "eps_avg_yearly": 0,
            "eps_latest_yearly": 0,
            "eps_growth_yearly": 0
        },
        "20014": {
            "year_quarter": 20014,
            "year": 2001,
            "quarter": 4,
            "eps": 2.72,
            "eps_growth_year": 0.37,
            "eps_4q": 10.58,
            "eps_4q_growth_year": 32.82,
            "roe": 8.65,
            "roe_4q": 52.83,
            "gross_profit": 1158389,
            "gross_margin": 11.5,
            "gross_margin_4q_avg": 12,
            "net_income": 618478,
            "revenue": 10076745,
            "common_shares": 2804266,
            "book_valuer_per_share": 32.27,
            "book_valuer_per_share_4q_avg": 24.95,
            "equity": 9347175,
            "current_ratio": 135.86,
            "debt_ratio": 59.49,
            "inventory_turnover_ratio": 3.79,
            "account_receivable_turnover_ratio": null,
            "reinvestment_rate": null,
            "research_to_sale_ratio": null,
            "price_fair": 0,
            "eps_avg_yearly": 0,
            "eps_latest_yearly": 0,
            "eps_growth_yearly": 0
        },
        "20021": {
            "year_quarter": 20021,
            "year": 2002,
            "quarter": 1,
            "eps": 3.06,
            "eps_growth_year": -34.05,
            "eps_4q": 9.1,
            "eps_4q_growth_year": -18.95,
            "roe": 8.92,
            "roe_4q": 42.010000000000005,
            "gross_profit": 1667878,
            "gross_margin": 10.47,
            "gross_margin_4q_avg": 10.98,
            "net_income": 858877,
            "revenue": 15927482,
            "common_shares": 2804266,
            "book_valuer_per_share": 35.34,
            "book_valuer_per_share_4q_avg": 27.44,
            "equity": 9910150,
            "current_ratio": 163.67,
            "debt_ratio": 64.89,
            "inventory_turnover_ratio": 2.82,
            "account_receivable_turnover_ratio": null,
            "reinvestment_rate": null,
            "research_to_sale_ratio": null,
            "price_fair": 428.4,
            "eps_avg_yearly": 12.24,
            "eps_latest_yearly": 12.24,
            "eps_growth_yearly": 50
        },
        "20022": {
            "year_quarter": 20022,
            "year": 2002,
            "quarter": 2,
            "eps": 1.11,
            "eps_growth_year": -59.93,
            "eps_4q": 5.57,
            "eps_4q_growth_year": -40.78,
            "roe": 4.81,
            "roe_4q": 31.980000000000004,
            "gross_profit": 1316656,
            "gross_margin": 8.35,
            "gross_margin_4q_avg": 10.14,
            "net_income": 480730,
            "revenue": 15762906,
            "common_shares": 2804266,
            "book_valuer_per_share": 35.89,
            "book_valuer_per_share_4q_avg": 31.39,
            "equity": 10064134,
            "current_ratio": 181.44,
            "debt_ratio": 59.86,
            "inventory_turnover_ratio": 2.65,
            "account_receivable_turnover_ratio": null,
            "reinvestment_rate": null,
            "research_to_sale_ratio": null,
            "price_fair": 25.02,
            "eps_avg_yearly": 8.34,
            "eps_latest_yearly": 4.44,
            "eps_growth_yearly": -102.45
        },
        "20023": {
            "year_quarter": 20023,
            "year": 2002,
            "quarter": 3,
            "eps": 1.29,
            "eps_growth_year": -36.14,
            "eps_4q": 5.81,
            "eps_4q_growth_year": -40.65,
            "roe": 5.38,
            "roe_4q": 27.759999999999998,
            "gross_profit": 1467902,
            "gross_margin": 9.2,
            "gross_margin_4q_avg": 9.88,
            "net_income": 558333,
            "revenue": 15962730,
            "common_shares": 4314672,
            "book_valuer_per_share": 24.74,
            "book_valuer_per_share_4q_avg": 32.06,
            "equity": 10674308,
            "current_ratio": 190.14,
            "debt_ratio": 58.4,
            "inventory_turnover_ratio": 3.43,
            "account_receivable_turnover_ratio": null,
            "reinvestment_rate": null,
            "research_to_sale_ratio": null,
            "price_fair": 21.84,
            "eps_avg_yearly": 7.28,
            "eps_latest_yearly": 5.16,
            "eps_growth_yearly": -46.68
        },
        "20024": {
            "year_quarter": 20024,
            "year": 2002,
            "quarter": 4,
            "eps": 2.36,
            "eps_growth_year": -13.24,
            "eps_4q": 6.76,
            "eps_4q_growth_year": -36.14,
            "roe": 9.06,
            "roe_4q": 28.17,
            "gross_profit": 1548722,
            "gross_margin": 9,
            "gross_margin_4q_avg": 9.26,
            "net_income": 1018682,
            "revenue": 17216376,
            "common_shares": 4314672,
            "book_valuer_per_share": 26.75,
            "book_valuer_per_share_4q_avg": 30.68,
            "equity": 11817022,
            "current_ratio": 181.78,
            "debt_ratio": 59.97,
            "inventory_turnover_ratio": 3.64,
            "account_receivable_turnover_ratio": null,
            "reinvestment_rate": 31.79,
            "research_to_sale_ratio": null,
            "price_fair": 273.7,
            "eps_avg_yearly": 7.82,
            "eps_latest_yearly": 9.44,
            "eps_growth_yearly": 47.94
        },
        "20031": {
            "year_quarter": 20031,
            "year": 2003,
            "quarter": 1,
            "eps": 0.77,
            "eps_growth_year": -74.84,
            "eps_4q": 5.54,
            "eps_4q_growth_year": -39.17,
            "roe": 2.81,
            "roe_4q": 22.06,
            "gross_profit": 836239,
            "gross_margin": 5.12,
            "gross_margin_4q_avg": 7.92,
            "net_income": 332410,
            "revenue": 16318573,
            "common_shares": 4314672,
            "book_valuer_per_share": 27.52,
            "book_valuer_per_share_4q_avg": 28.73,
            "equity": 11875735,
            "current_ratio": 127.58,
            "debt_ratio": 61.67,
            "inventory_turnover_ratio": 2.99,
            "account_receivable_turnover_ratio": null,
            "reinvestment_rate": 23.14,
            "research_to_sale_ratio": null,
            "price_fair": 20.62,
            "eps_avg_yearly": 6.87,
            "eps_latest_yearly": 3.08,
            "eps_growth_yearly": -15.55
        },
        "20032": {
            "year_quarter": 20032,
            "year": 2003,
            "quarter": 2,
            "eps": 0.12,
            "eps_growth_year": -89.19,
            "eps_4q": 3.4,
            "eps_4q_growth_year": -38.91,
            "roe": 0.6,
            "roe_4q": 17.85,
            "gross_profit": 513620,
            "gross_margin": 3.32,
            "gross_margin_4q_avg": 6.66,
            "net_income": 69805,
            "revenue": 15483355,
            "common_shares": 4314672,
            "book_valuer_per_share": 26.29,
            "book_valuer_per_share_4q_avg": 26.33,
            "equity": 11344119,
            "current_ratio": 132.39,
            "debt_ratio": 60.13,
            "inventory_turnover_ratio": 3.05,
            "account_receivable_turnover_ratio": null,
            "reinvestment_rate": 17.23,
            "research_to_sale_ratio": null,
            "price_fair": 17.42,
            "eps_avg_yearly": 5.81,
            "eps_latest_yearly": 0.48,
            "eps_growth_yearly": -69.23
        },
        "20033": {
            "year_quarter": 20033,
            "year": 2003,
            "quarter": 3,
            "eps": 0.08,
            "eps_growth_year": -93.8,
            "eps_4q": 2.59,
            "eps_4q_growth_year": -55.43,
            "roe": 0.4,
            "roe_4q": 12.870000000000001,
            "gross_profit": 339289,
            "gross_margin": 4.67,
            "gross_margin_4q_avg": 5.53,
            "net_income": 45260,
            "revenue": 7272543,
            "common_shares": 5740322,
            "book_valuer_per_share": 19.69,
            "book_valuer_per_share_4q_avg": 25.06,
            "equity": 11304873,
            "current_ratio": 151.2,
            "debt_ratio": 49.45,
            "inventory_turnover_ratio": 2.39,
            "account_receivable_turnover_ratio": null,
            "reinvestment_rate": 18.21,
            "research_to_sale_ratio": null,
            "price_fair": 15.07,
            "eps_avg_yearly": 5.02,
            "eps_latest_yearly": 0.32,
            "eps_growth_yearly": -78.39
        },
        "20034": {
            "year_quarter": 20034,
            "year": 2003,
            "quarter": 4,
            "eps": 0.26,
            "eps_growth_year": -88.98,
            "eps_4q": 1.03,
            "eps_4q_growth_year": -84.72,
            "roe": 1.32,
            "roe_4q": 5.130000000000001,
            "gross_profit": 242754,
            "gross_margin": 4.12,
            "gross_margin_4q_avg": 4.31,
            "net_income": 150643,
            "revenue": 5895614,
            "common_shares": 5740322,
            "book_valuer_per_share": 19.97,
            "book_valuer_per_share_4q_avg": 23.37,
            "equity": 11579913,
            "current_ratio": 150.41,
            "debt_ratio": 63.77,
            "inventory_turnover_ratio": 1.57,
            "account_receivable_turnover_ratio": null,
            "reinvestment_rate": 24.6,
            "research_to_sale_ratio": null,
            "price_fair": 158.38,
            "eps_avg_yearly": 4.53,
            "eps_latest_yearly": 1.04,
            "eps_growth_yearly": 43.91
        },
        "20041": {
            "year_quarter": 20041,
            "year": 2004,
            "quarter": 1,
            "eps": 0.06,
            "eps_growth_year": -92.21,
            "eps_4q": 0.48,
            "eps_4q_growth_year": -91.35,
            "roe": 0.29,
            "roe_4q": 2.6100000000000003,
            "gross_profit": 187358,
            "gross_margin": 4.11,
            "gross_margin_4q_avg": 4.06,
            "net_income": 38072,
            "revenue": 4556171,
            "common_shares": 6940321,
            "book_valuer_per_share": 20.65,
            "book_valuer_per_share_4q_avg": 21.65,
            "equity": 14330110,
            "current_ratio": 257.01,
            "debt_ratio": 42.94,
            "inventory_turnover_ratio": 1.29,
            "account_receivable_turnover_ratio": null,
            "reinvestment_rate": 20.1,
            "research_to_sale_ratio": null,
            "price_fair": 60.09,
            "eps_avg_yearly": 4.05,
            "eps_latest_yearly": 0.24,
            "eps_growth_yearly": 4.84
        },
        "20042": {
            "year_quarter": 20042,
            "year": 2004,
            "quarter": 2,
            "eps": -0.96,
            "eps_growth_year": -900,
            "eps_4q": -0.58,
            "eps_4q_growth_year": -117.01,
            "roe": -4.58,
            "roe_4q": -2.57,
            "gross_profit": 230012,
            "gross_margin": 6.79,
            "gross_margin_4q_avg": 4.92,
            "net_income": -635601,
            "revenue": 3386063,
            "common_shares": 6940322,
            "book_valuer_per_share": 19.31,
            "book_valuer_per_share_4q_avg": 19.91,
            "equity": 13404963,
            "current_ratio": 240.87,
            "debt_ratio": 43.8,
            "inventory_turnover_ratio": 4.11,
            "account_receivable_turnover_ratio": null,
            "reinvestment_rate": 3.23,
            "research_to_sale_ratio": null,
            "price_fair": 60.09,
            "eps_avg_yearly": 4.05,
            "eps_latest_yearly": 0.24,
            "eps_growth_yearly": 4.84
        },
        "20043": {
            "year_quarter": 20043,
            "year": 2004,
            "quarter": 3,
            "eps": -0.03,
            "eps_growth_year": -137.5,
            "eps_4q": -0.64,
            "eps_4q_growth_year": -124.78,
            "roe": -0.18,
            "roe_4q": -3.1499999999999995,
            "gross_profit": 265659,
            "gross_margin": 5.79,
            "gross_margin_4q_avg": 5.2,
            "net_income": -23567,
            "revenue": 4587706,
            "common_shares": 7326691,
            "book_valuer_per_share": 18.18,
            "book_valuer_per_share_4q_avg": 19.53,
            "equity": 13323112,
            "current_ratio": 167.12,
            "debt_ratio": 44.14,
            "inventory_turnover_ratio": 5.76,
            "account_receivable_turnover_ratio": null,
            "reinvestment_rate": 3.76,
            "research_to_sale_ratio": null,
            "price_fair": 60.09,
            "eps_avg_yearly": 4.05,
            "eps_latest_yearly": 0.24,
            "eps_growth_yearly": 4.84
        },
        "20044": {
            "year_quarter": 20044,
            "year": 2004,
            "quarter": 4,
            "eps": 0.01,
            "eps_growth_year": -96.15,
            "eps_4q": -0.86,
            "eps_4q_growth_year": -182.89,
            "roe": 0.07,
            "roe_4q": -4.4,
            "gross_profit": 275190,
            "gross_margin": 6.67,
            "gross_margin_4q_avg": 5.84,
            "net_income": 9287,
            "revenue": 4128751,
            "common_shares": 7326691,
            "book_valuer_per_share": 17.43,
            "book_valuer_per_share_4q_avg": 18.89,
            "equity": 13244158,
            "current_ratio": 135.31,
            "debt_ratio": 54.77,
            "inventory_turnover_ratio": 1.18,
            "account_receivable_turnover_ratio": null,
            "reinvestment_rate": 68.34,
            "research_to_sale_ratio": null,
            "price_fair": 60.09,
            "eps_avg_yearly": 4.05,
            "eps_latest_yearly": 0.24,
            "eps_growth_yearly": 4.84
        },
        "20051": {
            "year_quarter": 20051,
            "year": 2005,
            "quarter": 1,
            "eps": 0.01,
            "eps_growth_year": -83.33,
            "eps_4q": -0.83,
            "eps_4q_growth_year": -273.32,
            "roe": 0.06,
            "roe_4q": -4.63,
            "gross_profit": 273181,
            "gross_margin": 6.67,
            "gross_margin_4q_avg": 6.48,
            "net_income": 7739,
            "revenue": 4098565,
            "common_shares": 7326691,
            "book_valuer_per_share": 17.42,
            "book_valuer_per_share_4q_avg": 18.09,
            "equity": 12760729,
            "current_ratio": 144.59,
            "debt_ratio": 35.17,
            "inventory_turnover_ratio": 1.11,
            "account_receivable_turnover_ratio": null,
            "reinvestment_rate": 7.79,
            "research_to_sale_ratio": null,
            "price_fair": 52.37,
            "eps_avg_yearly": 3.65,
            "eps_latest_yearly": 0.04,
            "eps_growth_yearly": 4.36
        },
        "20052": {
            "year_quarter": 20052,
            "year": 2005,
            "quarter": 2,
            "eps": 0.09,
            "eps_growth_year": null,
            "eps_4q": 0.08,
            "eps_4q_growth_year": null,
            "roe": 0.52,
            "roe_4q": 0.47000000000000014,
            "gross_profit": 287855,
            "gross_margin": 5.54,
            "gross_margin_4q_avg": 6.17,
            "net_income": 65970,
            "revenue": 5191283,
            "common_shares": 7326691,
            "book_valuer_per_share": 17.54,
            "book_valuer_per_share_4q_avg": 17.64,
            "equity": 12850707,
            "current_ratio": 144.19,
            "debt_ratio": 32.82,
            "inventory_turnover_ratio": 5.53,
            "account_receivable_turnover_ratio": null,
            "reinvestment_rate": 9.5,
            "research_to_sale_ratio": null,
            "price_fair": 117.22,
            "eps_avg_yearly": 3.35,
            "eps_latest_yearly": 0.36,
            "eps_growth_yearly": 294.87
        },
        "20053": {
            "year_quarter": 20053,
            "year": 2005,
            "quarter": 3,
            "eps": 0.27,
            "eps_growth_year": null,
            "eps_4q": 0.39,
            "eps_4q_growth_year": null,
            "roe": 1.45,
            "roe_4q": 2.0999999999999996,
            "gross_profit": 425942,
            "gross_margin": 7.16,
            "gross_margin_4q_avg": 6.51,
            "net_income": 190266,
            "revenue": 5949719,
            "common_shares": 7326691,
            "book_valuer_per_share": 18.38,
            "book_valuer_per_share_4q_avg": 17.69,
            "equity": 13467335,
            "current_ratio": 175.76,
            "debt_ratio": 35.54,
            "inventory_turnover_ratio": 7.75,
            "account_receivable_turnover_ratio": null,
            "reinvestment_rate": 12.22,
            "research_to_sale_ratio": null,
            "price_fair": 110.6,
            "eps_avg_yearly": 3.16,
            "eps_latest_yearly": 1.08,
            "eps_growth_yearly": 336.96
        },
        "20054": {
            "year_quarter": 20054,
            "year": 2005,
            "quarter": 4,
            "eps": 0.34,
            "eps_growth_year": 3300,
            "eps_4q": 0.71,
            "eps_4q_growth_year": null,
            "roe": 1.63,
            "roe_4q": 3.66,
            "gross_profit": 658953,
            "gross_margin": 8.43,
            "gross_margin_4q_avg": 6.95,
            "net_income": 241690,
            "revenue": 7821087,
            "common_shares": 7326691,
            "book_valuer_per_share": 22.12,
            "book_valuer_per_share_4q_avg": 18.87,
            "equity": 16210565,
            "current_ratio": 164.91,
            "debt_ratio": 50.9,
            "inventory_turnover_ratio": 1.45,
            "account_receivable_turnover_ratio": null,
            "reinvestment_rate": 93.96,
            "research_to_sale_ratio": null,
            "price_fair": 105.75,
            "eps_avg_yearly": 3.02,
            "eps_latest_yearly": 1.36,
            "eps_growth_yearly": 319.02
        },
        "20061": {
            "year_quarter": 20061,
            "year": 2006,
            "quarter": 1,
            "eps": 0.22,
            "eps_growth_year": 2100,
            "eps_4q": 0.7,
            "eps_4q_growth_year": null,
            "roe": 1.23,
            "roe_4q": 4.83,
            "gross_profit": 834633,
            "gross_margin": 4.22,
            "gross_margin_4q_avg": 6.34,
            "net_income": 226108,
            "revenue": 19792452,
            "common_shares": 10466702,
            "book_valuer_per_share": 19.63,
            "book_valuer_per_share_4q_avg": 19.42,
            "equity": 20547046,
            "current_ratio": 165.01,
            "debt_ratio": 44.13,
            "inventory_turnover_ratio": 2.59,
            "account_receivable_turnover_ratio": null,
            "reinvestment_rate": 3.41,
            "research_to_sale_ratio": null,
            "price_fair": 75.17,
            "eps_avg_yearly": 2.15,
            "eps_latest_yearly": 0.88,
            "eps_growth_yearly": 304.31
        },
        "20062": {
            "year_quarter": 20062,
            "year": 2006,
            "quarter": 2,
            "eps": 0.05,
            "eps_growth_year": -44.44,
            "eps_4q": 0.71,
            "eps_4q_growth_year": 778.13,
            "roe": 0.24,
            "roe_4q": 4.55,
            "gross_profit": 684521,
            "gross_margin": 4.66,
            "gross_margin_4q_avg": 6.12,
            "net_income": 49706,
            "revenue": 14697792,
            "common_shares": 10466702,
            "book_valuer_per_share": 19.2,
            "book_valuer_per_share_4q_avg": 19.83,
            "equity": 20099232,
            "current_ratio": 206.16,
            "debt_ratio": 33.8,
            "inventory_turnover_ratio": 3.51,
            "account_receivable_turnover_ratio": null,
            "reinvestment_rate": 10.24,
            "research_to_sale_ratio": null,
            "price_fair": 63.75,
            "eps_avg_yearly": 1.82,
            "eps_latest_yearly": 0.2,
            "eps_growth_yearly": 300.15
        },
        "20063": {
            "year_quarter": 20063,
            "year": 2006,
            "quarter": 3,
            "eps": -0.46,
            "eps_growth_year": -270.37,
            "eps_4q": 0.03,
            "eps_4q_growth_year": -93.03,
            "roe": -2.44,
            "roe_4q": 0.6599999999999997,
            "gross_profit": 527607,
            "gross_margin": 5.04,
            "gross_margin_4q_avg": 5.59,
            "net_income": -488560,
            "revenue": 10470788,
            "common_shares": 10702586,
            "book_valuer_per_share": 18.56,
            "book_valuer_per_share_4q_avg": 19.88,
            "equity": 19865869,
            "current_ratio": 179.75,
            "debt_ratio": 37.26,
            "inventory_turnover_ratio": 3.66,
            "account_receivable_turnover_ratio": null,
            "reinvestment_rate": 27.02,
            "research_to_sale_ratio": null,
            "price_fair": 54.02,
            "eps_avg_yearly": 1.54,
            "eps_latest_yearly": 0.2,
            "eps_growth_yearly": 319.75
        },
        "20064": {
            "year_quarter": 20064,
            "year": 2006,
            "quarter": 4,
            "eps": -1.05,
            "eps_growth_year": -408.82,
            "eps_4q": -1.25,
            "eps_4q_growth_year": -275.68,
            "roe": -5.37,
            "roe_4q": -6.34,
            "gross_profit": 290867,
            "gross_margin": 2.26,
            "gross_margin_4q_avg": 4.05,
            "net_income": -1109096,
            "revenue": 12866596,
            "common_shares": 12551891,
            "book_valuer_per_share": 17.08,
            "book_valuer_per_share_4q_avg": 18.62,
            "equity": 21441756,
            "current_ratio": 160.48,
            "debt_ratio": 50.49,
            "inventory_turnover_ratio": 1.6,
            "account_receivable_turnover_ratio": null,
            "reinvestment_rate": null,
            "research_to_sale_ratio": null,
            "price_fair": 28.89,
            "eps_avg_yearly": 0.83,
            "eps_latest_yearly": 0.2,
            "eps_growth_yearly": 318.66
        },
        "20071": {
            "year_quarter": 20071,
            "year": 2007,
            "quarter": 1,
            "eps": -0.17,
            "eps_growth_year": -177.27,
            "eps_4q": -1.5,
            "eps_4q_growth_year": -312.51,
            "roe": -0.93,
            "roe_4q": -8.5,
            "gross_profit": 862561,
            "gross_margin": 4.11,
            "gross_margin_4q_avg": 4.02,
            "net_income": -198297,
            "revenue": 20966238,
            "common_shares": 12551891,
            "book_valuer_per_share": 17.06,
            "book_valuer_per_share_4q_avg": 17.98,
            "equity": 21410140,
            "current_ratio": 165.62,
            "debt_ratio": 41.26,
            "inventory_turnover_ratio": 2.52,
            "account_receivable_turnover_ratio": null,
            "reinvestment_rate": null,
            "research_to_sale_ratio": null,
            "price_fair": 21,
            "eps_avg_yearly": 0.6,
            "eps_latest_yearly": 0.2,
            "eps_growth_yearly": 377.47
        },
        "20072": {
            "year_quarter": 20072,
            "year": 2007,
            "quarter": 2,
            "eps": 0.19,
            "eps_growth_year": 280,
            "eps_4q": -1.3,
            "eps_4q_growth_year": -282.54,
            "roe": 1.06,
            "roe_4q": -7.68,
            "gross_profit": 863821,
            "gross_margin": 4.79,
            "gross_margin_4q_avg": 4.05,
            "net_income": 229074,
            "revenue": 18026502,
            "common_shares": 12551891,
            "book_valuer_per_share": 17.22,
            "book_valuer_per_share_4q_avg": 17.48,
            "equity": 21616809,
            "current_ratio": 186.25,
            "debt_ratio": 35.58,
            "inventory_turnover_ratio": 5.64,
            "account_receivable_turnover_ratio": null,
            "reinvestment_rate": null,
            "research_to_sale_ratio": null,
            "price_fair": 21.47,
            "eps_avg_yearly": 0.61,
            "eps_latest_yearly": 0.2,
            "eps_growth_yearly": 456.93
        },
        "20073": {
            "year_quarter": 20073,
            "year": 2007,
            "quarter": 3,
            "eps": 0.2,
            "eps_growth_year": null,
            "eps_4q": -0.71,
            "eps_4q_growth_year": -2735.36,
            "roe": 1.09,
            "roe_4q": -4.15,
            "gross_profit": 1277299,
            "gross_margin": 6.3,
            "gross_margin_4q_avg": 4.37,
            "net_income": 236290,
            "revenue": 20267671,
            "common_shares": 12551891,
            "book_valuer_per_share": 17.43,
            "book_valuer_per_share_4q_avg": 17.2,
            "equity": 21880072,
            "current_ratio": 175.92,
            "debt_ratio": 37.59,
            "inventory_turnover_ratio": 6.46,
            "account_receivable_turnover_ratio": null,
            "reinvestment_rate": null,
            "research_to_sale_ratio": null,
            "price_fair": 23.33,
            "eps_avg_yearly": 0.67,
            "eps_latest_yearly": 0.8,
            "eps_growth_yearly": 474.09
        },
        "20074": {
            "year_quarter": 20074,
            "year": 2007,
            "quarter": 4,
            "eps": 0.49,
            "eps_growth_year": null,
            "eps_4q": 0.71,
            "eps_4q_growth_year": null,
            "roe": 2.65,
            "roe_4q": 3.8700000000000006,
            "gross_profit": 1086228,
            "gross_margin": 4.47,
            "gross_margin_4q_avg": 4.92,
            "net_income": 588513,
            "revenue": 24285131,
            "common_shares": 12551891,
            "book_valuer_per_share": 17.99,
            "book_valuer_per_share_4q_avg": 17.43,
            "equity": 22576671,
            "current_ratio": 163.38,
            "debt_ratio": 50.98,
            "inventory_turnover_ratio": 3.9,
            "account_receivable_turnover_ratio": null,
            "reinvestment_rate": null,
            "research_to_sale_ratio": null,
            "price_fair": 26.91,
            "eps_avg_yearly": 0.77,
            "eps_latest_yearly": 1.96,
            "eps_growth_yearly": 438.53
        },
        "20081": {
            "year_quarter": 20081,
            "year": 2008,
            "quarter": 1,
            "eps": 0.14,
            "eps_growth_year": null,
            "eps_4q": 1.01,
            "eps_4q_growth_year": null,
            "roe": 0.74,
            "roe_4q": 5.539999999999999,
            "gross_profit": 1521427,
            "gross_margin": 7.91,
            "gross_margin_4q_avg": 5.87,
            "net_income": 168347,
            "revenue": 19225409,
            "common_shares": 12551891,
            "book_valuer_per_share": 17.8,
            "book_valuer_per_share_4q_avg": 17.61,
            "equity": 22932408,
            "current_ratio": 163.49,
            "debt_ratio": 49.35,
            "inventory_turnover_ratio": 1.88,
            "account_receivable_turnover_ratio": null,
            "reinvestment_rate": null,
            "research_to_sale_ratio": null,
            "price_fair": 28.16,
            "eps_avg_yearly": 0.8,
            "eps_latest_yearly": 0.56,
            "eps_growth_yearly": 440.97
        },
        "20082": {
            "year_quarter": 20082,
            "year": 2008,
            "quarter": 2,
            "eps": 0.15,
            "eps_growth_year": -21.05,
            "eps_4q": 0.88,
            "eps_4q_growth_year": null,
            "roe": 0.87,
            "roe_4q": 5.35,
            "gross_profit": 1537061,
            "gross_margin": 7.58,
            "gross_margin_4q_avg": 6.57,
            "net_income": 199107,
            "revenue": 20280688,
            "common_shares": 12551891,
            "book_valuer_per_share": 17.55,
            "book_valuer_per_share_4q_avg": 17.69,
            "equity": 22616358,
            "current_ratio": 164.76,
            "debt_ratio": 48.19,
            "inventory_turnover_ratio": 1.9,
            "account_receivable_turnover_ratio": null,
            "reinvestment_rate": 1554.56,
            "research_to_sale_ratio": null,
            "price_fair": 27.44,
            "eps_avg_yearly": 0.78,
            "eps_latest_yearly": 0.6,
            "eps_growth_yearly": 399.73
        },
        "20083": {
            "year_quarter": 20083,
            "year": 2008,
            "quarter": 3,
            "eps": 0.09,
            "eps_growth_year": -55,
            "eps_4q": 0.85,
            "eps_4q_growth_year": null,
            "roe": 0.49,
            "roe_4q": 4.75,
            "gross_profit": 1686809,
            "gross_margin": 5.88,
            "gross_margin_4q_avg": 6.46,
            "net_income": 111101,
            "revenue": 28708271,
            "common_shares": 12794827,
            "book_valuer_per_share": 17.31,
            "book_valuer_per_share_4q_avg": 17.66,
            "equity": 22779908,
            "current_ratio": 156.03,
            "debt_ratio": 51.28,
            "inventory_turnover_ratio": 2.67,
            "account_receivable_turnover_ratio": null,
            "reinvestment_rate": 1186.66,
            "research_to_sale_ratio": null,
            "price_fair": 26.09,
            "eps_avg_yearly": 0.75,
            "eps_latest_yearly": 0.36,
            "eps_growth_yearly": 348.85
        },
        "20084": {
            "year_quarter": 20084,
            "year": 2008,
            "quarter": 4,
            "eps": -0.11,
            "eps_growth_year": -122.45,
            "eps_4q": 0.27,
            "eps_4q_growth_year": -61.54,
            "roe": -0.7,
            "roe_4q": 1.4,
            "gross_profit": 860424,
            "gross_margin": 3.99,
            "gross_margin_4q_avg": 6.34,
            "net_income": -159590,
            "revenue": 21541898,
            "common_shares": 12794827,
            "book_valuer_per_share": 17.3,
            "book_valuer_per_share_4q_avg": 17.49,
            "equity": 22619443,
            "current_ratio": 142.98,
            "debt_ratio": 45.29,
            "inventory_turnover_ratio": 2.39,
            "account_receivable_turnover_ratio": 4.36,
            "reinvestment_rate": 1871.85,
            "research_to_sale_ratio": null,
            "price_fair": 26.09,
            "eps_avg_yearly": 0.75,
            "eps_latest_yearly": 0.36,
            "eps_growth_yearly": 348.85
        },
        "20091": {
            "year_quarter": 20091,
            "year": 2009,
            "quarter": 1,
            "eps": 0.17,
            "eps_growth_year": 21.43,
            "eps_4q": 0.3,
            "eps_4q_growth_year": -70.51,
            "roe": 0.89,
            "roe_4q": 1.55,
            "gross_profit": 1524610,
            "gross_margin": 8.86,
            "gross_margin_4q_avg": 6.58,
            "net_income": 204287,
            "revenue": 17205160,
            "common_shares": 12794827,
            "book_valuer_per_share": 17.71,
            "book_valuer_per_share_4q_avg": 17.47,
            "equity": 23166405,
            "current_ratio": 161.91,
            "debt_ratio": 41.41,
            "inventory_turnover_ratio": 2.42,
            "account_receivable_turnover_ratio": 1.95,
            "reinvestment_rate": 1789.85,
            "research_to_sale_ratio": null,
            "price_fair": 28.56,
            "eps_avg_yearly": 0.82,
            "eps_latest_yearly": 0.36,
            "eps_growth_yearly": 383.73
        },
        "20092": {
            "year_quarter": 20092,
            "year": 2009,
            "quarter": 2,
            "eps": 0.4,
            "eps_growth_year": 166.67,
            "eps_4q": 0.53,
            "eps_4q_growth_year": -39.59,
            "roe": 2.11,
            "roe_4q": 2.79,
            "gross_profit": 1793309,
            "gross_margin": 9.19,
            "gross_margin_4q_avg": 6.98,
            "net_income": 487282,
            "revenue": 19519083,
            "common_shares": 12794827,
            "book_valuer_per_share": 17.6,
            "book_valuer_per_share_4q_avg": 17.48,
            "equity": 23013956,
            "current_ratio": 155.28,
            "debt_ratio": 44.57,
            "inventory_turnover_ratio": 2.87,
            "account_receivable_turnover_ratio": 2.45,
            "reinvestment_rate": 985.72,
            "research_to_sale_ratio": null,
            "price_fair": 32.9,
            "eps_avg_yearly": 0.94,
            "eps_latest_yearly": 1.6,
            "eps_growth_yearly": 117.85
        },
        "20093": {
            "year_quarter": 20093,
            "year": 2009,
            "quarter": 3,
            "eps": 0.23,
            "eps_growth_year": 155.56,
            "eps_4q": 0.68,
            "eps_4q_growth_year": -19.26,
            "roe": 1.18,
            "roe_4q": 3.4799999999999995,
            "gross_profit": 1666148,
            "gross_margin": 8.92,
            "gross_margin_4q_avg": 7.74,
            "net_income": 272075,
            "revenue": 18684980,
            "common_shares": 12794827,
            "book_valuer_per_share": 17.67,
            "book_valuer_per_share_4q_avg": 17.57,
            "equity": 23048239,
            "current_ratio": 152.87,
            "debt_ratio": 45.29,
            "inventory_turnover_ratio": 2.66,
            "account_receivable_turnover_ratio": 2.19,
            "reinvestment_rate": 885.06,
            "research_to_sale_ratio": null,
            "price_fair": 28.51,
            "eps_avg_yearly": 0.92,
            "eps_latest_yearly": 0.92,
            "eps_growth_yearly": 20.85
        },
        "20094": {
            "year_quarter": 20094,
            "year": 2009,
            "quarter": 4,
            "eps": -0.11,
            "eps_growth_year": null,
            "eps_4q": 0.69,
            "eps_4q_growth_year": 152.49,
            "roe": -0.57,
            "roe_4q": 3.61,
            "gross_profit": 1336943,
            "gross_margin": 7.45,
            "gross_margin_4q_avg": 8.61,
            "net_income": -130745,
            "revenue": 17943905,
            "common_shares": 12331937,
            "book_valuer_per_share": 18.75,
            "book_valuer_per_share_4q_avg": 17.93,
            "equity": 22610766,
            "current_ratio": 148.44,
            "debt_ratio": 44.17,
            "inventory_turnover_ratio": 2.9,
            "account_receivable_turnover_ratio": 4.05,
            "reinvestment_rate": 703.53,
            "research_to_sale_ratio": null,
            "price_fair": 18.95,
            "eps_avg_yearly": 0.88,
            "eps_latest_yearly": 0.92,
            "eps_growth_yearly": 11.65
        },
        "20101": {
            "year_quarter": 20101,
            "year": 2010,
            "quarter": 1,
            "eps": 0.07,
            "eps_growth_year": -58.82,
            "eps_4q": 0.59,
            "eps_4q_growth_year": 98.16,
            "roe": 0.31,
            "roe_4q": 3.03,
            "gross_profit": 1119215,
            "gross_margin": 7.56,
            "gross_margin_4q_avg": 8.28,
            "net_income": 69243,
            "revenue": 14812332,
            "common_shares": 12331937,
            "book_valuer_per_share": 18.77,
            "book_valuer_per_share_4q_avg": 18.2,
            "equity": 22619369,
            "current_ratio": 151.89,
            "debt_ratio": 43.25,
            "inventory_turnover_ratio": 2.26,
            "account_receivable_turnover_ratio": 1.88,
            "reinvestment_rate": 1480.1,
            "research_to_sale_ratio": 1.93,
            "price_fair": 30.63,
            "eps_avg_yearly": 0.88,
            "eps_latest_yearly": 0.92,
            "eps_growth_yearly": 30.75
        },
        "20102": {
            "year_quarter": 20102,
            "year": 2010,
            "quarter": 2,
            "eps": 0.24,
            "eps_growth_year": -39.03,
            "eps_4q": 0.44,
            "eps_4q_growth_year": -17.98,
            "roe": 1.19,
            "roe_4q": 2.11,
            "gross_profit": 1074358,
            "gross_margin": 6.84,
            "gross_margin_4q_avg": 7.69,
            "net_income": 268310,
            "revenue": 15709067,
            "common_shares": 12331937,
            "book_valuer_per_share": 18.51,
            "book_valuer_per_share_4q_avg": 18.43,
            "equity": 22292815,
            "current_ratio": 149.41,
            "debt_ratio": 44.59,
            "inventory_turnover_ratio": 2.06,
            "account_receivable_turnover_ratio": 2.11,
            "reinvestment_rate": 963.28,
            "research_to_sale_ratio": 1.88,
            "price_fair": 33.95,
            "eps_avg_yearly": 0.97,
            "eps_latest_yearly": 0.96,
            "eps_growth_yearly": 190.81
        },
        "20103": {
            "year_quarter": 20103,
            "year": 2010,
            "quarter": 3,
            "eps": 0.03,
            "eps_growth_year": -87.61,
            "eps_4q": 0.24,
            "eps_4q_growth_year": -65.41,
            "roe": 0.14,
            "roe_4q": 1.0700000000000003,
            "gross_profit": 991776,
            "gross_margin": 5.67,
            "gross_margin_4q_avg": 6.88,
            "net_income": 31010,
            "revenue": 17489917,
            "common_shares": 12331937,
            "book_valuer_per_share": 18.33,
            "book_valuer_per_share_4q_avg": 18.59,
            "equity": 22002923,
            "current_ratio": 152.38,
            "debt_ratio": 43.22,
            "inventory_turnover_ratio": 2.11,
            "account_receivable_turnover_ratio": 2.25,
            "reinvestment_rate": 1310.35,
            "research_to_sale_ratio": 1.75,
            "price_fair": 30.64,
            "eps_avg_yearly": 0.88,
            "eps_latest_yearly": 0.12,
            "eps_growth_yearly": 130.72
        },
        "20104": {
            "year_quarter": 20104,
            "year": 2010,
            "quarter": 4,
            "eps": -0.22,
            "eps_growth_year": null,
            "eps_4q": 0.12,
            "eps_4q_growth_year": -81.95,
            "roe": -1.24,
            "roe_4q": 0.39999999999999986,
            "gross_profit": 858476,
            "gross_margin": 4.32,
            "gross_margin_4q_avg": 6.1,
            "net_income": -266897,
            "revenue": 19887496,
            "common_shares": 12331937,
            "book_valuer_per_share": 17.6,
            "book_valuer_per_share_4q_avg": 18.3,
            "equity": 21119409,
            "current_ratio": 156.02,
            "debt_ratio": 42.2,
            "inventory_turnover_ratio": 2.58,
            "account_receivable_turnover_ratio": 2.58,
            "reinvestment_rate": 541.7,
            "research_to_sale_ratio": 1.5,
            "price_fair": 30.64,
            "eps_avg_yearly": 0.88,
            "eps_latest_yearly": 0.12,
            "eps_growth_yearly": 130.72
        },
        "20111": {
            "year_quarter": 20111,
            "year": 2011,
            "quarter": 1,
            "eps": -0.06,
            "eps_growth_year": -185.71,
            "eps_4q": -0.01,
            "eps_4q_growth_year": -101.07,
            "roe": -0.32,
            "roe_4q": -0.22999999999999998,
            "gross_profit": 920954,
            "gross_margin": 5.42,
            "gross_margin_4q_avg": 5.56,
            "net_income": -68317,
            "revenue": 16998791,
            "common_shares": 12331937,
            "book_valuer_per_share": 17.64,
            "book_valuer_per_share_4q_avg": 18.02,
            "equity": 21162863,
            "current_ratio": 162.96,
            "debt_ratio": 45.55,
            "inventory_turnover_ratio": 2.15,
            "account_receivable_turnover_ratio": 2.04,
            "reinvestment_rate": 698.74,
            "research_to_sale_ratio": 1.76,
            "price_fair": 30.64,
            "eps_avg_yearly": 0.88,
            "eps_latest_yearly": 0.12,
            "eps_growth_yearly": 130.72
        },
        "20112": {
            "year_quarter": 20112,
            "year": 2011,
            "quarter": 2,
            "eps": 0.12,
            "eps_growth_year": -50.83,
            "eps_4q": -0.13,
            "eps_4q_growth_year": -129.79,
            "roe": 0.67,
            "roe_4q": -0.7499999999999999,
            "gross_profit": 1221121,
            "gross_margin": 6.19,
            "gross_margin_4q_avg": 5.4,
            "net_income": 142193,
            "revenue": 19740741,
            "common_shares": 12331937,
            "book_valuer_per_share": 17.64,
            "book_valuer_per_share_4q_avg": 17.8,
            "equity": 21168771,
            "current_ratio": 157.4,
            "debt_ratio": 48.24,
            "inventory_turnover_ratio": 2.24,
            "account_receivable_turnover_ratio": 2.03,
            "reinvestment_rate": 704.58,
            "research_to_sale_ratio": 1.32,
            "price_fair": 30.64,
            "eps_avg_yearly": 0.88,
            "eps_latest_yearly": 0.12,
            "eps_growth_yearly": 130.72
        },
        "20113": {
            "year_quarter": 20113,
            "year": 2011,
            "quarter": 3,
            "eps": 0.13,
            "eps_growth_year": 355.32,
            "eps_4q": -0.03,
            "eps_4q_growth_year": -112.25,
            "roe": 0.64,
            "roe_4q": -0.25,
            "gross_profit": 1065965,
            "gross_margin": 6.19,
            "gross_margin_4q_avg": 5.53,
            "net_income": 138520,
            "revenue": 17222329,
            "common_shares": 11831937,
            "book_valuer_per_share": 18.35,
            "book_valuer_per_share_4q_avg": 17.81,
            "equity": 21999343,
            "current_ratio": 171.67,
            "debt_ratio": 46.59,
            "inventory_turnover_ratio": 2.08,
            "account_receivable_turnover_ratio": 1.75,
            "reinvestment_rate": 749.58,
            "research_to_sale_ratio": 1.47,
            "price_fair": 29.56,
            "eps_avg_yearly": 0.84,
            "eps_latest_yearly": 0.52,
            "eps_growth_yearly": 132.09
        },
        "20114": {
            "year_quarter": 20114,
            "year": 2011,
            "quarter": 4,
            "eps": 0.17,
            "eps_growth_year": null,
            "eps_4q": 0.36,
            "eps_4q_growth_year": 189.85,
            "roe": 1.05,
            "roe_4q": 2.04,
            "gross_profit": 1260869,
            "gross_margin": 6.73,
            "gross_margin_4q_avg": 6.13,
            "net_income": 233968,
            "revenue": 18742072,
            "common_shares": 11831937,
            "book_valuer_per_share": 18.64,
            "book_valuer_per_share_4q_avg": 18.07,
            "equity": 22377424,
            "current_ratio": 178.45,
            "debt_ratio": 42.03,
            "inventory_turnover_ratio": 2.51,
            "account_receivable_turnover_ratio": 2.2,
            "reinvestment_rate": 666.95,
            "research_to_sale_ratio": 1.17,
            "price_fair": 24.58,
            "eps_avg_yearly": 0.7,
            "eps_latest_yearly": 0.68,
            "eps_growth_yearly": 81.32
        },
        "20121": {
            "year_quarter": 20121,
            "year": 2012,
            "quarter": 1,
            "eps": 0.01,
            "eps_growth_year": null,
            "eps_4q": 0.44,
            "eps_4q_growth_year": null,
            "roe": 0.12,
            "roe_4q": 2.48,
            "gross_profit": 899020,
            "gross_margin": 5.9,
            "gross_margin_4q_avg": 6.25,
            "net_income": 27702,
            "revenue": 15235778,
            "common_shares": 11831937,
            "book_valuer_per_share": 18.44,
            "book_valuer_per_share_4q_avg": 18.27,
            "equity": 22149143,
            "current_ratio": 189.14,
            "debt_ratio": 39.63,
            "inventory_turnover_ratio": 2.18,
            "account_receivable_turnover_ratio": 2.04,
            "reinvestment_rate": 700,
            "research_to_sale_ratio": 1.39,
            "price_fair": 22.56,
            "eps_avg_yearly": 0.64,
            "eps_latest_yearly": 0.04,
            "eps_growth_yearly": 71.24
        },
        "20122": {
            "year_quarter": 20122,
            "year": 2012,
            "quarter": 2,
            "eps": 0.2,
            "eps_growth_year": 65.84,
            "eps_4q": 0.51,
            "eps_4q_growth_year": null,
            "roe": 1.13,
            "roe_4q": 2.94,
            "gross_profit": 1213836,
            "gross_margin": 7.06,
            "gross_margin_4q_avg": 6.47,
            "net_income": 236703,
            "revenue": 17189195,
            "common_shares": 11831937,
            "book_valuer_per_share": 16.27,
            "book_valuer_per_share_4q_avg": 17.93,
            "equity": 19578776,
            "current_ratio": 152.97,
            "debt_ratio": 49.25,
            "inventory_turnover_ratio": 2.3,
            "account_receivable_turnover_ratio": 2.24,
            "reinvestment_rate": 664.07,
            "research_to_sale_ratio": 1.56,
            "price_fair": 23.33,
            "eps_avg_yearly": 0.67,
            "eps_latest_yearly": 0.8,
            "eps_growth_yearly": 912.5
        },
        "20123": {
            "year_quarter": 20123,
            "year": 2012,
            "quarter": 3,
            "eps": 0.04,
            "eps_growth_year": -66.77,
            "eps_4q": 0.43,
            "eps_4q_growth_year": null,
            "roe": 0.21,
            "roe_4q": 2.51,
            "gross_profit": 1251147,
            "gross_margin": 7.17,
            "gross_margin_4q_avg": 6.72,
            "net_income": 40317,
            "revenue": 17446386,
            "common_shares": 11831937,
            "book_valuer_per_share": 16.18,
            "book_valuer_per_share_4q_avg": 17.38,
            "equity": 19448172,
            "current_ratio": 166.6,
            "debt_ratio": 44.67,
            "inventory_turnover_ratio": 2.25,
            "account_receivable_turnover_ratio": 2.12,
            "reinvestment_rate": 639.54,
            "research_to_sale_ratio": 1.02,
            "price_fair": 22.56,
            "eps_avg_yearly": 0.64,
            "eps_latest_yearly": 0.16,
            "eps_growth_yearly": 894.73
        },
        "20124": {
            "year_quarter": 20124,
            "year": 2012,
            "quarter": 4,
            "eps": 0.05,
            "eps_growth_year": -68.89,
            "eps_4q": 0.31,
            "eps_4q_growth_year": -14.84,
            "roe": 0.35,
            "roe_4q": 1.81,
            "gross_profit": 1167279,
            "gross_margin": 6.83,
            "gross_margin_4q_avg": 6.74,
            "net_income": 68223,
            "revenue": 17078881,
            "common_shares": 11831937,
            "book_valuer_per_share": 16.22,
            "book_valuer_per_share_4q_avg": 16.78,
            "equity": 19511634,
            "current_ratio": 170.21,
            "debt_ratio": 45.75,
            "inventory_turnover_ratio": 2.24,
            "account_receivable_turnover_ratio": 2.09,
            "reinvestment_rate": 356.12,
            "research_to_sale_ratio": 1.43,
            "price_fair": 21,
            "eps_avg_yearly": 0.6,
            "eps_latest_yearly": 0.2,
            "eps_growth_yearly": 815.25
        },
        "20131": {
            "year_quarter": 20131,
            "year": 2013,
            "quarter": 1,
            "eps": 0.21,
            "eps_growth_year": 2000,
            "eps_4q": 0.5,
            "eps_4q_growth_year": 15.83,
            "roe": 1.11,
            "roe_4q": 2.8,
            "gross_profit": 1166652,
            "gross_margin": 8.31,
            "gross_margin_4q_avg": 7.34,
            "net_income": 219037,
            "revenue": 14046403,
            "common_shares": 11831937,
            "book_valuer_per_share": 16.61,
            "book_valuer_per_share_4q_avg": 16.32,
            "equity": 19949374,
            "current_ratio": 154.5,
            "debt_ratio": 43.6,
            "inventory_turnover_ratio": 1.89,
            "account_receivable_turnover_ratio": 1.86,
            "reinvestment_rate": -192.11,
            "research_to_sale_ratio": 1.63,
            "price_fair": 21.76,
            "eps_avg_yearly": 0.62,
            "eps_latest_yearly": 0.84,
            "eps_growth_yearly": 857.5
        },
        "20132": {
            "year_quarter": 20132,
            "year": 2013,
            "quarter": 2,
            "eps": 0.32,
            "eps_growth_year": 60.91,
            "eps_4q": 1.01,
            "eps_4q_growth_year": 96.2,
            "roe": 1.96,
            "roe_4q": 3.6300000000000003,
            "gross_profit": 1401116,
            "gross_margin": 8.96,
            "gross_margin_4q_avg": 7.82,
            "net_income": 344844,
            "revenue": 15646257,
            "common_shares": 7335801,
            "book_valuer_per_share": 20.53,
            "book_valuer_per_share_4q_avg": 17.39,
            "equity": 15324860,
            "current_ratio": 119.88,
            "debt_ratio": 56.79,
            "inventory_turnover_ratio": 2.18,
            "account_receivable_turnover_ratio": 2.09,
            "reinvestment_rate": -193.51,
            "research_to_sale_ratio": 1.6,
            "price_fair": 20.75,
            "eps_avg_yearly": 0.59,
            "eps_latest_yearly": 1.28,
            "eps_growth_yearly": 827.35
        },
        "20133": {
            "year_quarter": 20133,
            "year": 2013,
            "quarter": 3,
            "eps": 0.4,
            "eps_growth_year": 827.54,
            "eps_4q": 1.55,
            "eps_4q_growth_year": 262.43,
            "roe": 2.79,
            "roe_4q": 6.21,
            "gross_profit": 1555094,
            "gross_margin": 9.36,
            "gross_margin_4q_avg": 8.37,
            "net_income": 433105,
            "revenue": 16609540,
            "common_shares": 7335801,
            "book_valuer_per_share": 21.04,
            "book_valuer_per_share_4q_avg": 18.6,
            "equity": 15684467,
            "current_ratio": 123.6,
            "debt_ratio": 54.9,
            "inventory_turnover_ratio": 2.47,
            "account_receivable_turnover_ratio": 2.06,
            "reinvestment_rate": -169.9,
            "research_to_sale_ratio": 1.64,
            "price_fair": 22.91,
            "eps_avg_yearly": 0.65,
            "eps_latest_yearly": 1.6,
            "eps_growth_yearly": 851.9
        },
        "20134": {
            "year_quarter": 20134,
            "year": 2013,
            "quarter": 4,
            "eps": 3.48,
            "eps_growth_year": 6354.26,
            "eps_4q": 4.94,
            "eps_4q_growth_year": 1502.8,
            "roe": 14.75,
            "roe_4q": 20.61,
            "gross_profit": 1541269,
            "gross_margin": 8.99,
            "gross_margin_4q_avg": 8.91,
            "net_income": 2511998,
            "revenue": 17139703,
            "common_shares": 7335801,
            "book_valuer_per_share": 24.78,
            "book_valuer_per_share_4q_avg": 20.74,
            "equity": 18386305,
            "current_ratio": 169.22,
            "debt_ratio": 47.09,
            "inventory_turnover_ratio": 2.86,
            "account_receivable_turnover_ratio": 1.9,
            "reinvestment_rate": -119.67,
            "research_to_sale_ratio": 1.73,
            "price_fair": 61.6,
            "eps_avg_yearly": 1.76,
            "eps_latest_yearly": 13.92,
            "eps_growth_yearly": 1037.57
        },
        "20141": {
            "year_quarter": 20141,
            "year": 2014,
            "quarter": 1,
            "eps": 0.42,
            "eps_growth_year": 100,
            "eps_4q": 5.02,
            "eps_4q_growth_year": 895.66,
            "roe": 1.53,
            "roe_4q": 21.03,
            "gross_profit": 1228241,
            "gross_margin": 9.95,
            "gross_margin_4q_avg": 9.32,
            "net_income": 285248,
            "revenue": 12348418,
            "common_shares": 7335801,
            "book_valuer_per_share": 25.57,
            "book_valuer_per_share_4q_avg": 22.98,
            "equity": 18949086,
            "current_ratio": 183.44,
            "debt_ratio": 42.99,
            "inventory_turnover_ratio": 2.23,
            "account_receivable_turnover_ratio": 1.43,
            "reinvestment_rate": -105.92,
            "research_to_sale_ratio": 2.29,
            "price_fair": 61.38,
            "eps_avg_yearly": 1.75,
            "eps_latest_yearly": 1.68,
            "eps_growth_yearly": 930.71
        },
        "20142": {
            "year_quarter": 20142,
            "year": 2014,
            "quarter": 2,
            "eps": 0.63,
            "eps_growth_year": 96.88,
            "eps_4q": 6.8,
            "eps_4q_growth_year": 574.2,
            "roe": 2.59,
            "roe_4q": 21.66,
            "gross_profit": 1691658,
            "gross_margin": 10.69,
            "gross_margin_4q_avg": 9.75,
            "net_income": 443666,
            "revenue": 15825839,
            "common_shares": 7335801,
            "book_valuer_per_share": 27.23,
            "book_valuer_per_share_4q_avg": 24.66,
            "equity": 15251567,
            "current_ratio": 143.88,
            "debt_ratio": 55.06,
            "inventory_turnover_ratio": 2.62,
            "account_receivable_turnover_ratio": 2.02,
            "reinvestment_rate": -103.28,
            "research_to_sale_ratio": 1.85,
            "price_fair": 65.58,
            "eps_avg_yearly": 1.87,
            "eps_latest_yearly": 2.52,
            "eps_growth_yearly": 871.36
        },
        "20143": {
            "year_quarter": 20143,
            "year": 2014,
            "quarter": 3,
            "eps": 0.64,
            "eps_growth_year": 60,
            "eps_4q": 6.68,
            "eps_4q_growth_year": 331.21,
            "roe": 2.47,
            "roe_4q": 21.34,
            "gross_profit": 1258989,
            "gross_margin": 9.25,
            "gross_margin_4q_avg": 9.72,
            "net_income": 382064,
            "revenue": 13608635,
            "common_shares": 5569230,
            "book_valuer_per_share": 27.95,
            "book_valuer_per_share_4q_avg": 26.38,
            "equity": 15716915,
            "current_ratio": 156.66,
            "debt_ratio": 49.87,
            "inventory_turnover_ratio": 1.91,
            "account_receivable_turnover_ratio": 1.87,
            "reinvestment_rate": -280.38,
            "research_to_sale_ratio": 2.25,
            "price_fair": 72.15,
            "eps_avg_yearly": 2.06,
            "eps_latest_yearly": 2.56,
            "eps_growth_yearly": 898.78
        },
        "20144": {
            "year_quarter": 20144,
            "year": 2014,
            "quarter": 4,
            "eps": 0.39,
            "eps_growth_year": -88.83,
            "eps_4q": 2.49,
            "eps_4q_growth_year": -49.63,
            "roe": 1.2,
            "roe_4q": 7.79,
            "gross_profit": 1394668,
            "gross_margin": 9.88,
            "gross_margin_4q_avg": 9.94,
            "net_income": 191150,
            "revenue": 14112415,
            "common_shares": 5571230,
            "book_valuer_per_share": 28.87,
            "book_valuer_per_share_4q_avg": 27.41,
            "equity": 16218009,
            "current_ratio": 158.06,
            "debt_ratio": 50.06,
            "inventory_turnover_ratio": 1.9,
            "account_receivable_turnover_ratio": 2.15,
            "reinvestment_rate": -239.04,
            "research_to_sale_ratio": 2.42,
            "price_fair": 70.9,
            "eps_avg_yearly": 2.03,
            "eps_latest_yearly": 1.56,
            "eps_growth_yearly": 823.42
        },
        "20151": {
            "year_quarter": 20151,
            "year": 2015,
            "quarter": 1,
            "eps": 0.68,
            "eps_growth_year": 61.9,
            "eps_4q": 2.62,
            "eps_4q_growth_year": -47.86,
            "roe": 2.13,
            "roe_4q": 8.39,
            "gross_profit": 1422237,
            "gross_margin": 11.99,
            "gross_margin_4q_avg": 10.45,
            "net_income": 348319,
            "revenue": 11857704,
            "common_shares": 5573030,
            "book_valuer_per_share": 29.34,
            "book_valuer_per_share_4q_avg": 28.35,
            "equity": 16459917,
            "current_ratio": 172.35,
            "debt_ratio": 45.34,
            "inventory_turnover_ratio": 1.75,
            "account_receivable_turnover_ratio": 1.6,
            "reinvestment_rate": -224.77,
            "research_to_sale_ratio": 2.59,
            "price_fair": 72.52,
            "eps_avg_yearly": 2.07,
            "eps_latest_yearly": 2.72,
            "eps_growth_yearly": 788.35
        },
        "20152": {
            "year_quarter": 20152,
            "year": 2015,
            "quarter": 2,
            "eps": 0.56,
            "eps_growth_year": -11.11,
            "eps_4q": 2.35,
            "eps_4q_growth_year": -65.49,
            "roe": 2.04,
            "roe_4q": 7.84,
            "gross_profit": 1322297,
            "gross_margin": 10.14,
            "gross_margin_4q_avg": 10.32,
            "net_income": 309285,
            "revenue": 13037282,
            "common_shares": 5574030,
            "book_valuer_per_share": 24.75,
            "book_valuer_per_share_4q_avg": 27.73,
            "equity": 13895496,
            "current_ratio": 141.32,
            "debt_ratio": 56.35,
            "inventory_turnover_ratio": 2.26,
            "account_receivable_turnover_ratio": 1.48,
            "reinvestment_rate": -215.7,
            "research_to_sale_ratio": 2.39,
            "price_fair": 72.89,
            "eps_avg_yearly": 2.08,
            "eps_latest_yearly": 2.24,
            "eps_growth_yearly": 734.67
        },
        "20153": {
            "year_quarter": 20153,
            "year": 2015,
            "quarter": 3,
            "eps": 0.85,
            "eps_growth_year": 32.81,
            "eps_4q": 2.47,
            "eps_4q_growth_year": -63,
            "roe": 3.25,
            "roe_4q": 8.62,
            "gross_profit": 1639289,
            "gross_margin": 12.01,
            "gross_margin_4q_avg": 11.01,
            "net_income": 463840,
            "revenue": 13649509,
            "common_shares": 5574030,
            "book_valuer_per_share": 26.04,
            "book_valuer_per_share_4q_avg": 27.25,
            "equity": 14613421,
            "current_ratio": 159.65,
            "debt_ratio": 49.22,
            "inventory_turnover_ratio": 2.7,
            "account_receivable_turnover_ratio": 1.35,
            "reinvestment_rate": -218.22,
            "research_to_sale_ratio": 2.54,
            "price_fair": 79.19,
            "eps_avg_yearly": 2.26,
            "eps_latest_yearly": 3.4,
            "eps_growth_yearly": 745.53
        },
        "20154": {
            "year_quarter": 20154,
            "year": 2015,
            "quarter": 4,
            "eps": -0.02,
            "eps_growth_year": -104.79,
            "eps_4q": 2.07,
            "eps_4q_growth_year": -17,
            "roe": -0.07,
            "roe_4q": 7.3500000000000005,
            "gross_profit": 1087896,
            "gross_margin": 11.05,
            "gross_margin_4q_avg": 11.3,
            "net_income": -10239,
            "revenue": 9842072,
            "common_shares": 5574030,
            "book_valuer_per_share": 25.75,
            "book_valuer_per_share_4q_avg": 26.47,
            "equity": 14453801,
            "current_ratio": 172.42,
            "debt_ratio": 44.93,
            "inventory_turnover_ratio": 2.37,
            "account_receivable_turnover_ratio": 1.03,
            "reinvestment_rate": -235.8,
            "research_to_sale_ratio": 3.43,
            "price_fair": 82.88,
            "eps_avg_yearly": 2.37,
            "eps_latest_yearly": 3.4,
            "eps_growth_yearly": 787.03
        },
        "20161": {
            "year_quarter": 20161,
            "year": 2016,
            "quarter": 1,
            "eps": 0.23,
            "eps_growth_year": -66.18,
            "eps_4q": 1.62,
            "eps_4q_growth_year": -37.99,
            "roe": 1.02,
            "roe_4q": 6.24,
            "gross_profit": 881176,
            "gross_margin": 12.68,
            "gross_margin_4q_avg": 11.47,
            "net_income": 146798,
            "revenue": 6950883,
            "common_shares": 5574030,
            "book_valuer_per_share": 25.75,
            "book_valuer_per_share_4q_avg": 25.57,
            "equity": 14463011,
            "current_ratio": 194.73,
            "debt_ratio": 38.9,
            "inventory_turnover_ratio": 2,
            "account_receivable_turnover_ratio": 0.88,
            "reinvestment_rate": -224.1,
            "research_to_sale_ratio": 4,
            "price_fair": 88.7,
            "eps_avg_yearly": 2.53,
            "eps_latest_yearly": 3.4,
            "eps_growth_yearly": 870.13
        },
        "20162": {
            "year_quarter": 20162,
            "year": 2016,
            "quarter": 2,
            "eps": -3.21,
            "eps_growth_year": -673.21,
            "eps_4q": -2.15,
            "eps_4q_growth_year": -191.43,
            "roe": -13.75,
            "roe_4q": -9.55,
            "gross_profit": 916584,
            "gross_margin": 13.56,
            "gross_margin_4q_avg": 12.33,
            "net_income": -1784359,
            "revenue": 6758697,
            "common_shares": 5574030,
            "book_valuer_per_share": 20.4,
            "book_valuer_per_share_4q_avg": 24.49,
            "equity": 11489857,
            "current_ratio": 144.95,
            "debt_ratio": 49.07,
            "inventory_turnover_ratio": 1.98,
            "account_receivable_turnover_ratio": 1.19,
            "reinvestment_rate": -317.49,
            "research_to_sale_ratio": 4.17,
            "price_fair": 93.37,
            "eps_avg_yearly": 2.67,
            "eps_latest_yearly": 3.4,
            "eps_growth_yearly": 352.45
        },
        "20163": {
            "year_quarter": 20163,
            "year": 2016,
            "quarter": 3,
            "eps": 0.8,
            "eps_growth_year": -5.88,
            "eps_4q": -2.2,
            "eps_4q_growth_year": -188.83,
            "roe": 3.89,
            "roe_4q": -8.91,
            "gross_profit": 1284280,
            "gross_margin": 15.53,
            "gross_margin_4q_avg": 13.21,
            "net_income": 451253,
            "revenue": 8269738,
            "common_shares": 5574030,
            "book_valuer_per_share": 20.77,
            "book_valuer_per_share_4q_avg": 23.17,
            "equity": 11699516,
            "current_ratio": 151.88,
            "debt_ratio": 47.64,
            "inventory_turnover_ratio": 2.33,
            "account_receivable_turnover_ratio": 1.79,
            "reinvestment_rate": -284.88,
            "research_to_sale_ratio": 3.57,
            "price_fair": 100.68,
            "eps_avg_yearly": 2.88,
            "eps_latest_yearly": 3.4,
            "eps_growth_yearly": 408.49
        },
        "20164": {
            "year_quarter": 20164,
            "year": 2016,
            "quarter": 4,
            "eps": 0.48,
            "eps_growth_year": null,
            "eps_4q": -1.7,
            "eps_4q_growth_year": -182.1,
            "roe": 2.6,
            "roe_4q": -6.24,
            "gross_profit": 1163021,
            "gross_margin": 14.6,
            "gross_margin_4q_avg": 14.09,
            "net_income": 307500,
            "revenue": 7966613,
            "common_shares": 5574030,
            "book_valuer_per_share": 21.19,
            "book_valuer_per_share_4q_avg": 22.03,
            "equity": 11975590,
            "current_ratio": 152.96,
            "debt_ratio": 48.79,
            "inventory_turnover_ratio": 2.1,
            "account_receivable_turnover_ratio": 1.58,
            "reinvestment_rate": -282.24,
            "research_to_sale_ratio": 3.87,
            "price_fair": 105.7,
            "eps_avg_yearly": 3.02,
            "eps_latest_yearly": 1.92,
            "eps_growth_yearly": 386.82
        },
        "20171": {
            "year_quarter": 20171,
            "year": 2017,
            "quarter": 1,
            "eps": 0.34,
            "eps_growth_year": 47.83,
            "eps_4q": -1.59,
            "eps_4q_growth_year": -197.69,
            "roe": 1.62,
            "roe_4q": -5.639999999999999,
            "gross_profit": 906717,
            "gross_margin": 13.96,
            "gross_margin_4q_avg": 14.41,
            "net_income": 191607,
            "revenue": 6497206,
            "common_shares": 5574030,
            "book_valuer_per_share": 20.63,
            "book_valuer_per_share_4q_avg": 20.75,
            "equity": 11654006,
            "current_ratio": 168.77,
            "debt_ratio": 44.29,
            "inventory_turnover_ratio": 1.67,
            "account_receivable_turnover_ratio": 1.58,
            "reinvestment_rate": -105.51,
            "research_to_sale_ratio": 4.03,
            "price_fair": 107.22,
            "eps_avg_yearly": 3.06,
            "eps_latest_yearly": 1.36,
            "eps_growth_yearly": 270.44
        },
        "20172": {
            "year_quarter": 20172,
            "year": 2017,
            "quarter": 2,
            "eps": 0.26,
            "eps_growth_year": null,
            "eps_4q": 1.88,
            "eps_4q_growth_year": null,
            "roe": 1.23,
            "roe_4q": 9.34,
            "gross_profit": 804878,
            "gross_margin": 11.54,
            "gross_margin_4q_avg": 13.91,
            "net_income": 144845,
            "revenue": 6973735,
            "common_shares": 5574030,
            "book_valuer_per_share": 21.04,
            "book_valuer_per_share_4q_avg": 20.91,
            "equity": 11878825,
            "current_ratio": 167.99,
            "debt_ratio": 44.42,
            "inventory_turnover_ratio": 1.94,
            "account_receivable_turnover_ratio": 1.89,
            "reinvestment_rate": -109.5,
            "research_to_sale_ratio": 3.9,
            "price_fair": 106.52,
            "eps_avg_yearly": 3.04,
            "eps_latest_yearly": 1.04,
            "eps_growth_yearly": 245.13
        },
        "20173": {
            "year_quarter": 20173,
            "year": 2017,
            "quarter": 3,
            "eps": 0.21,
            "eps_growth_year": -73.75,
            "eps_4q": 1.29,
            "eps_4q_growth_year": null,
            "roe": 0.98,
            "roe_4q": 6.43,
            "gross_profit": 860069,
            "gross_margin": 9.69,
            "gross_margin_4q_avg": 12.45,
            "net_income": 117523,
            "revenue": 8873050,
            "common_shares": 5574030,
            "book_valuer_per_share": 21.31,
            "book_valuer_per_share_4q_avg": 21.04,
            "equity": 12033231,
            "current_ratio": 162.16,
            "debt_ratio": 46.65,
            "inventory_turnover_ratio": 2.64,
            "account_receivable_turnover_ratio": 1.68,
            "reinvestment_rate": -110.07,
            "research_to_sale_ratio": 3.28,
            "price_fair": 104.3,
            "eps_avg_yearly": 2.98,
            "eps_latest_yearly": 0.84,
            "eps_growth_yearly": 230.39
        },
        "20174": {
            "year_quarter": 20174,
            "year": 2017,
            "quarter": 4,
            "eps": -0.42,
            "eps_growth_year": -186.22,
            "eps_4q": 0.4,
            "eps_4q_growth_year": null,
            "roe": -1.93,
            "roe_4q": 1.9000000000000001,
            "gross_profit": 461819,
            "gross_margin": 6.07,
            "gross_margin_4q_avg": 10.32,
            "net_income": -229856,
            "revenue": 7603349,
            "common_shares": 5574030,
            "book_valuer_per_share": 20.82,
            "book_valuer_per_share_4q_avg": 20.95,
            "equity": 11760322,
            "current_ratio": 161.78,
            "debt_ratio": 46.35,
            "inventory_turnover_ratio": 2.28,
            "account_receivable_turnover_ratio": 1.32,
            "reinvestment_rate": -110.58,
            "research_to_sale_ratio": 3.8,
            "price_fair": 5.96,
            "eps_avg_yearly": 1.99,
            "eps_latest_yearly": 0.84,
            "eps_growth_yearly": -28.67
        },
        "20181": {
            "year_quarter": 20181,
            "year": 2018,
            "quarter": 1,
            "eps": -0.27,
            "eps_growth_year": -179.41,
            "eps_4q": -0.22,
            "eps_4q_growth_year": null,
            "roe": -1.27,
            "roe_4q": -0.9900000000000002,
            "gross_profit": 378739,
            "gross_margin": 6.07,
            "gross_margin_4q_avg": 8.34,
            "net_income": -148869,
            "revenue": 6244216,
            "common_shares": 5574030,
            "book_valuer_per_share": 20.63,
            "book_valuer_per_share_4q_avg": 20.95,
            "equity": 11650401,
            "current_ratio": 151.26,
            "debt_ratio": 49.1,
            "inventory_turnover_ratio": 1.77,
            "account_receivable_turnover_ratio": 1.46,
            "reinvestment_rate": -160.32,
            "research_to_sale_ratio": 4.53,
            "price_fair": 27.49,
            "eps_avg_yearly": 2.02,
            "eps_latest_yearly": 0.84,
            "eps_growth_yearly": 3.64
        },
        "20182": {
            "year_quarter": 20182,
            "year": 2018,
            "quarter": 2,
            "eps": 0.1,
            "eps_growth_year": -61.54,
            "eps_4q": -0.38,
            "eps_4q_growth_year": -120.11,
            "roe": 0.46,
            "roe_4q": -1.7600000000000002,
            "gross_profit": 607262,
            "gross_margin": 7.51,
            "gross_margin_4q_avg": 7.34,
            "net_income": 52286,
            "revenue": 8088408,
            "common_shares": 5574030,
            "book_valuer_per_share": 19.71,
            "book_valuer_per_share_4q_avg": 20.62,
            "equity": 11145833,
            "current_ratio": 139.35,
            "debt_ratio": 54.1,
            "inventory_turnover_ratio": 2.11,
            "account_receivable_turnover_ratio": 2.14,
            "reinvestment_rate": -198.4,
            "research_to_sale_ratio": 3.25,
            "price_fair": 5.88,
            "eps_avg_yearly": 1.96,
            "eps_latest_yearly": 0.84,
            "eps_growth_yearly": -18.18
        },
        "20183": {
            "year_quarter": 20183,
            "year": 2018,
            "quarter": 3,
            "eps": 0.07,
            "eps_growth_year": -66.67,
            "eps_4q": -0.51,
            "eps_4q_growth_year": -139.44,
            "roe": 0.39,
            "roe_4q": -2.3499999999999996,
            "gross_profit": 813802,
            "gross_margin": 8.78,
            "gross_margin_4q_avg": 7.11,
            "net_income": 43008,
            "revenue": 9268824,
            "common_shares": 5574030,
            "book_valuer_per_share": 19.55,
            "book_valuer_per_share_4q_avg": 20.18,
            "equity": 11055227,
            "current_ratio": 138.7,
            "debt_ratio": 54.73,
            "inventory_turnover_ratio": 2.11,
            "account_receivable_turnover_ratio": 1.96,
            "reinvestment_rate": -316.84,
            "research_to_sale_ratio": 2.82,
            "price_fair": 5.12,
            "eps_avg_yearly": 1.71,
            "eps_latest_yearly": 0.28,
            "eps_growth_yearly": -32.22
        },
        "20184": {
            "year_quarter": 20184,
            "year": 2018,
            "quarter": 4,
            "eps": 0.13,
            "eps_growth_year": null,
            "eps_4q": 0.04,
            "eps_4q_growth_year": -90.8,
            "roe": 0.68,
            "roe_4q": 0.26,
            "gross_profit": 717184,
            "gross_margin": 8.75,
            "gross_margin_4q_avg": 7.78,
            "net_income": 75589,
            "revenue": 8194568,
            "common_shares": 5574030,
            "book_valuer_per_share": 19.75,
            "book_valuer_per_share_4q_avg": 19.91,
            "equity": 11171364,
            "current_ratio": 142.64,
            "debt_ratio": 52.46,
            "inventory_turnover_ratio": 2,
            "account_receivable_turnover_ratio": 1.57,
            "reinvestment_rate": -424.1,
            "research_to_sale_ratio": 3.15,
            "price_fair": 52.89,
            "eps_avg_yearly": 1.59,
            "eps_latest_yearly": 0.52,
            "eps_growth_yearly": 23.24
        },
        "20191": {
            "year_quarter": 20191,
            "year": 2019,
            "quarter": 1,
            "eps": -0.13,
            "eps_growth_year": null,
            "eps_4q": 0.18,
            "eps_4q_growth_year": null,
            "roe": -0.64,
            "roe_4q": 0.8900000000000001,
            "gross_profit": 435730,
            "gross_margin": 6.95,
            "gross_margin_4q_avg": 8,
            "net_income": -71221,
            "revenue": 6273440,
            "common_shares": 5574030,
            "book_valuer_per_share": 19.81,
            "book_valuer_per_share_4q_avg": 19.71,
            "equity": 11204661,
            "current_ratio": 144,
            "debt_ratio": 50.68,
            "inventory_turnover_ratio": 1.7,
            "account_receivable_turnover_ratio": 1.46,
            "reinvestment_rate": null,
            "research_to_sale_ratio": 3.56,
            "price_fair": 4.35,
            "eps_avg_yearly": 1.45,
            "eps_latest_yearly": 0.52,
            "eps_growth_yearly": -11.04
        },
        "20192": {
            "year_quarter": 20192,
            "year": 2019,
            "quarter": 2,
            "eps": -0.26,
            "eps_growth_year": -360,
            "eps_4q": -0.18,
            "eps_4q_growth_year": null,
            "roe": -1.27,
            "roe_4q": -0.84,
            "gross_profit": 916991,
            "gross_margin": 11.92,
            "gross_margin_4q_avg": 9.1,
            "net_income": -141640,
            "revenue": 7694347,
            "common_shares": 5574030,
            "book_valuer_per_share": 19.48,
            "book_valuer_per_share_4q_avg": 19.65,
            "equity": 11022963,
            "current_ratio": 133.41,
            "debt_ratio": 54.99,
            "inventory_turnover_ratio": 2.08,
            "account_receivable_turnover_ratio": 1.94,
            "reinvestment_rate": null,
            "research_to_sale_ratio": 2.94,
            "price_fair": 4.01,
            "eps_avg_yearly": 1.34,
            "eps_latest_yearly": 0.52,
            "eps_growth_yearly": -2.53
        },
        "20193": {
            "year_quarter": 20193,
            "year": 2019,
            "quarter": 3,
            "eps": 0.3,
            "eps_growth_year": 328.57,
            "eps_4q": 0.05,
            "eps_4q_growth_year": null,
            "roe": 1.56,
            "roe_4q": 0.33000000000000007,
            "gross_profit": 904830,
            "gross_margin": 12.69,
            "gross_margin_4q_avg": 10.08,
            "net_income": 172868,
            "revenue": 7129409,
            "common_shares": 5574030,
            "book_valuer_per_share": 19.6,
            "book_valuer_per_share_4q_avg": 19.66,
            "equity": 11091377,
            "current_ratio": 135.7,
            "debt_ratio": 54.08,
            "inventory_turnover_ratio": 2,
            "account_receivable_turnover_ratio": 1.72,
            "reinvestment_rate": null,
            "research_to_sale_ratio": 3.3,
            "price_fair": 2.98,
            "eps_avg_yearly": 0.99,
            "eps_latest_yearly": 0.52,
            "eps_growth_yearly": -37.48
        },
        "20194": {
            "year_quarter": 20194,
            "year": 2019,
            "quarter": 4,
            "eps": 0.17,
            "eps_growth_year": 25.67,
            "eps_4q": 0.08,
            "eps_4q_growth_year": 124.27,
            "roe": 0.84,
            "roe_4q": 0.4899999999999999,
            "gross_profit": 837732,
            "gross_margin": 11.64,
            "gross_margin_4q_avg": 10.8,
            "net_income": 93054,
            "revenue": 7194107,
            "common_shares": 5574030,
            "book_valuer_per_share": 19.64,
            "book_valuer_per_share_4q_avg": 19.63,
            "equity": 11018764,
            "current_ratio": 140.3,
            "debt_ratio": 52.82,
            "inventory_turnover_ratio": 2.12,
            "account_receivable_turnover_ratio": 1.76,
            "reinvestment_rate": null,
            "research_to_sale_ratio": 3.58,
            "price_fair": 2.85,
            "eps_avg_yearly": 0.95,
            "eps_latest_yearly": 0.68,
            "eps_growth_yearly": -56.88
        },
        "20201": {
            "year_quarter": 20201,
            "year": 2020,
            "quarter": 1,
            "eps": -0.34,
            "eps_growth_year": null,
            "eps_4q": -0.13,
            "eps_4q_growth_year": -176.01,
            "roe": -1.76,
            "roe_4q": -0.63,
            "gross_profit": 321574,
            "gross_margin": 7.92,
            "gross_margin_4q_avg": 11.04,
            "net_income": -192310,
            "revenue": 4060040,
            "common_shares": 5574030,
            "book_valuer_per_share": 19.24,
            "book_valuer_per_share_4q_avg": 19.49,
            "equity": 10794156,
            "current_ratio": 140.34,
            "debt_ratio": 52.26,
            "inventory_turnover_ratio": 1.18,
            "account_receivable_turnover_ratio": 1.32,
            "reinvestment_rate": null,
            "research_to_sale_ratio": 5.18,
            "price_fair": 2.85,
            "eps_avg_yearly": 0.95,
            "eps_latest_yearly": 0.68,
            "eps_growth_yearly": -56.88
        },
        "20202": {
            "year_quarter": 20202,
            "year": 2020,
            "quarter": 2,
            "eps": 0.36,
            "eps_growth_year": null,
            "eps_4q": 0.48,
            "eps_4q_growth_year": null,
            "roe": 1.87,
            "roe_4q": 2.5100000000000002,
            "gross_profit": 997662,
            "gross_margin": 12.93,
            "gross_margin_4q_avg": 11.3,
            "net_income": 202616,
            "revenue": 7716224,
            "common_shares": 5574030,
            "book_valuer_per_share": 19.46,
            "book_valuer_per_share_4q_avg": 19.49,
            "equity": 10915142,
            "current_ratio": 143.51,
            "debt_ratio": 51.27,
            "inventory_turnover_ratio": 2.27,
            "account_receivable_turnover_ratio": 2.53,
            "reinvestment_rate": -111.39,
            "research_to_sale_ratio": 3.59,
            "price_fair": 2.85,
            "eps_avg_yearly": 0.95,
            "eps_latest_yearly": 0.68,
            "eps_growth_yearly": -56.88
        },
        "20203": {
            "year_quarter": 20203,
            "year": 2020,
            "quarter": 3,
            "eps": 0.2,
            "eps_growth_year": -33.33,
            "eps_4q": 0.38,
            "eps_4q_growth_year": 688.22,
            "roe": 1.01,
            "roe_4q": 1.96,
            "gross_profit": 782210,
            "gross_margin": 11.49,
            "gross_margin_4q_avg": 11,
            "net_income": 111294,
            "revenue": 6808423,
            "common_shares": 5574030,
            "book_valuer_per_share": 19.81,
            "book_valuer_per_share_4q_avg": 19.54,
            "equity": 11109060,
            "current_ratio": 148.47,
            "debt_ratio": 53.52,
            "inventory_turnover_ratio": 2.16,
            "account_receivable_turnover_ratio": 1.73,
            "reinvestment_rate": -132.82,
            "research_to_sale_ratio": 4.05,
            "price_fair": 2.79,
            "eps_avg_yearly": 0.93,
            "eps_latest_yearly": 0.8,
            "eps_growth_yearly": -72
        },
        "20204": {
            "year_quarter": 20204,
            "year": 2020,
            "quarter": 4,
            "eps": -0.1,
            "eps_growth_year": -162.03,
            "eps_4q": 0.11,
            "eps_4q_growth_year": 35.62,
            "roe": -0.5,
            "roe_4q": 0.6199999999999999,
            "gross_profit": 630223,
            "gross_margin": 8.5,
            "gross_margin_4q_avg": 10.21,
            "net_income": -55650,
            "revenue": 7411048,
            "common_shares": 5574030,
            "book_valuer_per_share": 19.76,
            "book_valuer_per_share_4q_avg": 19.57,
            "equity": 11086684,
            "current_ratio": 148.28,
            "debt_ratio": 53.32,
            "inventory_turnover_ratio": 1.99,
            "account_receivable_turnover_ratio": 1.82,
            "reinvestment_rate": -215.53,
            "research_to_sale_ratio": 4.19,
            "price_fair": 2.37,
            "eps_avg_yearly": 0.79,
            "eps_latest_yearly": 0.8,
            "eps_growth_yearly": -59.42
        },
        "20211": {
            "year_quarter": 20211,
            "year": 2021,
            "quarter": 1,
            "eps": -0.4,
            "eps_growth_year": null,
            "eps_4q": 0.06,
            "eps_4q_growth_year": null,
            "roe": -2.03,
            "roe_4q": 0.3500000000000003,
            "gross_profit": 472394,
            "gross_margin": 7.25,
            "gross_margin_4q_avg": 10.04,
            "net_income": -222258,
            "revenue": 6514587,
            "common_shares": 5574030,
            "book_valuer_per_share": 19.24,
            "book_valuer_per_share_4q_avg": 19.57,
            "equity": 10795799,
            "current_ratio": 145.85,
            "debt_ratio": 54,
            "inventory_turnover_ratio": 1.56,
            "account_receivable_turnover_ratio": 1.43,
            "reinvestment_rate": null,
            "research_to_sale_ratio": 4.23,
            "price_fair": 2.08,
            "eps_avg_yearly": 0.69,
            "eps_latest_yearly": 0.8,
            "eps_growth_yearly": -49.88
        },
        "20212": {
            "year_quarter": 20212,
            "year": 2021,
            "quarter": 2,
            "eps": 0.17,
            "eps_growth_year": -52.78,
            "eps_4q": -0.13,
            "eps_4q_growth_year": -126.93,
            "roe": 1.13,
            "roe_4q": -0.3899999999999999,
            "gross_profit": 603613,
            "gross_margin": 8.12,
            "gross_margin_4q_avg": 8.84,
            "net_income": 118896,
            "revenue": 7436937,
            "common_shares": 5574030,
            "book_valuer_per_share": 18.38,
            "book_valuer_per_share_4q_avg": 19.3,
            "equity": 10312747,
            "current_ratio": 139.85,
            "debt_ratio": 56.33,
            "inventory_turnover_ratio": 1.52,
            "account_receivable_turnover_ratio": 1.49,
            "reinvestment_rate": null,
            "research_to_sale_ratio": 3.62,
            "price_fair": 1.87,
            "eps_avg_yearly": 0.62,
            "eps_latest_yearly": 0.8,
            "eps_growth_yearly": -41.04
        },
        "20213": {
            "year_quarter": 20213,
            "year": 2021,
            "quarter": 3,
            "eps": 0.15,
            "eps_growth_year": -25,
            "eps_4q": -0.18,
            "eps_4q_growth_year": -147.12,
            "roe": 0.8,
            "roe_4q": -0.5999999999999999,
            "gross_profit": 789564,
            "gross_margin": 9.4,
            "gross_margin_4q_avg": 8.32,
            "net_income": 82540,
            "revenue": 8396299,
            "common_shares": 5574030,
            "book_valuer_per_share": 18.48,
            "book_valuer_per_share_4q_avg": 18.97,
            "equity": 10373456,
            "current_ratio": 137.8,
            "debt_ratio": 57.93,
            "inventory_turnover_ratio": 1.51,
            "account_receivable_turnover_ratio": 1.47,
            "reinvestment_rate": null,
            "research_to_sale_ratio": 3.52,
            "price_fair": 1.73,
            "eps_avg_yearly": 0.58,
            "eps_latest_yearly": 0.6,
            "eps_growth_yearly": -35.06
        },
        "20214": {
            "year_quarter": 20214,
            "year": 2021,
            "quarter": 4,
            "eps": 0.2,
            "eps_growth_year": null,
            "eps_4q": 0.13,
            "eps_4q_growth_year": 15.21,
            "roe": 1.09,
            "roe_4q": 0.9900000000000002,
            "gross_profit": 796245,
            "gross_margin": 8.3,
            "gross_margin_4q_avg": 8.27,
            "net_income": 114213,
            "revenue": 9590037,
            "common_shares": 5574030,
            "book_valuer_per_share": 18.73,
            "book_valuer_per_share_4q_avg": 18.71,
            "equity": 10511797,
            "current_ratio": 140.8,
            "debt_ratio": 56.44,
            "inventory_turnover_ratio": 1.83,
            "account_receivable_turnover_ratio": 1.38,
            "reinvestment_rate": -183.27,
            "research_to_sale_ratio": 3.25,
            "price_fair": 1.84,
            "eps_avg_yearly": 0.61,
            "eps_latest_yearly": 0.8,
            "eps_growth_yearly": -7
        },
        "20221": {
            "year_quarter": 20221,
            "year": 2022,
            "quarter": 1,
            "eps": 0.32,
            "eps_growth_year": null,
            "eps_4q": 0.84,
            "eps_4q_growth_year": 1359.8,
            "roe": 1.65,
            "roe_4q": 4.67,
            "gross_profit": 592070,
            "gross_margin": 7.94,
            "gross_margin_4q_avg": 8.44,
            "net_income": 175901,
            "revenue": 7460511,
            "common_shares": 5574030,
            "book_valuer_per_share": 19.32,
            "book_valuer_per_share_4q_avg": 18.73,
            "equity": 10802390,
            "current_ratio": 146.28,
            "debt_ratio": 53.97,
            "inventory_turnover_ratio": 1.55,
            "account_receivable_turnover_ratio": 1.12,
            "reinvestment_rate": -56.37,
            "research_to_sale_ratio": 3.05,
            "price_fair": 24.8,
            "eps_avg_yearly": 0.71,
            "eps_latest_yearly": 1.28,
            "eps_growth_yearly": 28.29
        },
        "20222": {
            "year_quarter": 20222,
            "year": 2022,
            "quarter": 2,
            "eps": 0.62,
            "eps_growth_year": 264.71,
            "eps_4q": 1.29,
            "eps_4q_growth_year": null,
            "roe": 3.13,
            "roe_4q": 6.669999999999999,
            "gross_profit": 1016632,
            "gross_margin": 9.43,
            "gross_margin_4q_avg": 8.77,
            "net_income": 343701,
            "revenue": 10782210,
            "common_shares": 5574030,
            "book_valuer_per_share": 19.92,
            "book_valuer_per_share_4q_avg": 19.11,
            "equity": 11142366,
            "current_ratio": 144.91,
            "debt_ratio": 55.37,
            "inventory_turnover_ratio": 2.33,
            "account_receivable_turnover_ratio": 1.74,
            "reinvestment_rate": -46.72,
            "research_to_sale_ratio": 2.3,
            "price_fair": 32.55,
            "eps_avg_yearly": 0.93,
            "eps_latest_yearly": 2.48,
            "eps_growth_yearly": 71.63
        },
        "20223": {
            "year_quarter": 20223,
            "year": 2022,
            "quarter": 3,
            "eps": 0.74,
            "eps_growth_year": 393.33,
            "eps_4q": 1.88,
            "eps_4q_growth_year": null,
            "roe": 3.6,
            "roe_4q": 9.47,
            "gross_profit": 907008,
            "gross_margin": 12.01,
            "gross_margin_4q_avg": 9.42,
            "net_income": 409842,
            "revenue": 7554562,
            "common_shares": 5574030,
            "book_valuer_per_share": 20.85,
            "book_valuer_per_share_4q_avg": 19.71,
            "equity": 11632306,
            "current_ratio": 155.3,
            "debt_ratio": 51.59,
            "inventory_turnover_ratio": 1.93,
            "account_receivable_turnover_ratio": 1.23,
            "reinvestment_rate": -25.8,
            "research_to_sale_ratio": 3.34,
            "price_fair": 44.28,
            "eps_avg_yearly": 1.27,
            "eps_latest_yearly": 2.96,
            "eps_growth_yearly": 96.3
        },
        "20224": {
            "year_quarter": 20224,
            "year": 2022,
            "quarter": 4,
            "eps": -0.1,
            "eps_growth_year": -149.04,
            "eps_4q": 1.57,
            "eps_4q_growth_year": 1123.78,
            "roe": -0.48,
            "roe_4q": 7.9,
            "gross_profit": 719264,
            "gross_margin": 12.92,
            "gross_margin_4q_avg": 10.58,
            "net_income": -56016,
            "revenue": 5566626,
            "common_shares": 5574030,
            "book_valuer_per_share": 20.7,
            "book_valuer_per_share_4q_avg": 20.2,
            "equity": 11547576,
            "current_ratio": 156.61,
            "debt_ratio": 50.67,
            "inventory_turnover_ratio": 1.51,
            "account_receivable_turnover_ratio": 1.21,
            "reinvestment_rate": -55,
            "research_to_sale_ratio": 5.09,
            "price_fair": 48,
            "eps_avg_yearly": 1.37,
            "eps_latest_yearly": 2.96,
            "eps_growth_yearly": 61.08
        },
        "20231": {
            "year_quarter": 20231,
            "year": 2023,
            "quarter": 1,
            "eps": 0.01,
            "eps_growth_year": -96.88,
            "eps_4q": 1.26,
            "eps_4q_growth_year": 49.39,
            "roe": 0.05,
            "roe_4q": 6.3,
            "gross_profit": 517262,
            "gross_margin": 11.66,
            "gross_margin_4q_avg": 11.51,
            "net_income": 5566,
            "revenue": 4437563,
            "common_shares": 5574030,
            "book_valuer_per_share": 19.91,
            "book_valuer_per_share_4q_avg": 20.35,
            "equity": 11109838,
            "current_ratio": 158.54,
            "debt_ratio": 49.6,
            "inventory_turnover_ratio": 1.21,
            "account_receivable_turnover_ratio": 1.41,
            "reinvestment_rate": -57.62,
            "research_to_sale_ratio": 5.75,
            "price_fair": 48,
            "eps_avg_yearly": 1.37,
            "eps_latest_yearly": 2.96,
            "eps_growth_yearly": 61.08
        }
    },
    "months": {
        "2001-06": {
            "month": "2001-06",
            "price": "109.00",
            "revenue": 1865237
        },
        "2001-07": {
            "month": "2001-07",
            "price": "93.67",
            "revenue": 2373704
        },
        "2001-08": {
            "month": "2001-08",
            "price": "111.83",
            "revenue": 2640457
        },
        "2001-09": {
            "month": "2001-09",
            "price": "98.50",
            "revenue": 2811377
        },
        "2001-10": {
            "month": "2001-10",
            "price": "103.33",
            "revenue": 3025351
        },
        "2001-11": {
            "month": "2001-11",
            "price": "119.43",
            "revenue": 3150630
        },
        "2001-12": {
            "month": "2001-12",
            "price": "181.36",
            "revenue": 4019543
        },
        "2002-01": {
            "month": "2002-01",
            "price": "219.50",
            "revenue": 6079226
        },
        "2002-02": {
            "month": "2002-02",
            "price": "206.25",
            "revenue": 4854416
        },
        "2002-03": {
            "month": "2002-03",
            "price": "202.14",
            "revenue": 5059103
        },
        "2002-04": {
            "month": "2002-04",
            "price": "189.62",
            "revenue": 4374063
        },
        "2002-05": {
            "month": "2002-05",
            "price": "162.00",
            "revenue": 5397329
        },
        "2002-06": {
            "month": "2002-06",
            "price": "167.22",
            "revenue": 5745936
        },
        "2002-07": {
            "month": "2002-07",
            "price": "109.07",
            "revenue": 5104649
        },
        "2002-08": {
            "month": "2002-08",
            "price": "86.64",
            "revenue": 5372130
        },
        "2002-09": {
            "month": "2002-09",
            "price": "84.82",
            "revenue": 5453872
        },
        "2002-10": {
            "month": "2002-10",
            "price": "74.27",
            "revenue": 5282237
        },
        "2002-11": {
            "month": "2002-11",
            "price": "73.00",
            "revenue": 6534614
        },
        "2002-12": {
            "month": "2002-12",
            "price": "65.57",
            "revenue": 5630768
        },
        "2003-01": {
            "month": "2003-01",
            "price": "62.55",
            "revenue": 5581005
        },
        "2003-02": {
            "month": "2003-02",
            "price": "56.88",
            "revenue": 5450001
        },
        "2003-03": {
            "month": "2003-03",
            "price": "51.88",
            "revenue": 5053633
        },
        "2003-04": {
            "month": "2003-04",
            "price": "44.05",
            "revenue": 5117191
        },
        "2003-05": {
            "month": "2003-05",
            "price": "36.25",
            "revenue": 4689321
        },
        "2003-06": {
            "month": "2003-06",
            "price": "46.25",
            "revenue": 5649516
        },
        "2003-07": {
            "month": "2003-07",
            "price": "49.54",
            "revenue": 2923145
        },
        "2003-08": {
            "month": "2003-08",
            "price": "37.40",
            "revenue": 2210721
        },
        "2003-09": {
            "month": "2003-09",
            "price": "33.20",
            "revenue": 2190986
        },
        "2003-10": {
            "month": "2003-10",
            "price": "34.60",
            "revenue": 2131231
        },
        "2003-11": {
            "month": "2003-11",
            "price": "33.65",
            "revenue": 2444975
        },
        "2003-12": {
            "month": "2003-12",
            "price": "33.64",
            "revenue": 1734253
        },
        "2004-01": {
            "month": "2004-01",
            "price": "33.43",
            "revenue": 1475734
        },
        "2004-02": {
            "month": "2004-02",
            "price": "34.42",
            "revenue": 1484348
        },
        "2004-03": {
            "month": "2004-03",
            "price": "31.70",
            "revenue": 1522111
        },
        "2004-04": {
            "month": "2004-04",
            "price": "28.00",
            "revenue": 1254205
        },
        "2004-05": {
            "month": "2004-05",
            "price": "19.94",
            "revenue": 1321110
        },
        "2004-06": {
            "month": "2004-06",
            "price": "18.03",
            "revenue": 1162276
        },
        "2004-07": {
            "month": "2004-07",
            "price": "14.22",
            "revenue": 1405605
        },
        "2004-08": {
            "month": "2004-08",
            "price": "12.92",
            "revenue": 1118767
        },
        "2004-09": {
            "month": "2004-09",
            "price": "11.48",
            "revenue": 1549643
        },
        "2004-10": {
            "month": "2004-10",
            "price": "14.34",
            "revenue": 1339023
        },
        "2004-11": {
            "month": "2004-11",
            "price": "15.97",
            "revenue": 1437508
        },
        "2004-12": {
            "month": "2004-12",
            "price": "17.78",
            "revenue": 1405781
        },
        "2005-01": {
            "month": "2005-01",
            "price": "20.87",
            "revenue": 1085251
        },
        "2005-02": {
            "month": "2005-02",
            "price": "20.53",
            "revenue": 1265317
        },
        "2005-03": {
            "month": "2005-03",
            "price": "21.08",
            "revenue": 1643234
        },
        "2005-04": {
            "month": "2005-04",
            "price": "19.70",
            "revenue": 1976382
        },
        "2005-05": {
            "month": "2005-05",
            "price": "19.27",
            "revenue": 1593044
        },
        "2005-06": {
            "month": "2005-06",
            "price": "20.99",
            "revenue": 1564961
        },
        "2005-07": {
            "month": "2005-07",
            "price": "21.98",
            "revenue": 1592478
        },
        "2005-08": {
            "month": "2005-08",
            "price": "21.14",
            "revenue": 1981566
        },
        "2005-09": {
            "month": "2005-09",
            "price": "22.09",
            "revenue": 2166041
        },
        "2005-10": {
            "month": "2005-10",
            "price": "22.94",
            "revenue": 2464096
        },
        "2005-11": {
            "month": "2005-11",
            "price": "22.09",
            "revenue": 2793429
        },
        "2005-12": {
            "month": "2005-12",
            "price": "24.98",
            "revenue": 3134545
        },
        "2006-01": {
            "month": "2006-01",
            "price": "23.21",
            "revenue": 6992064
        },
        "2006-02": {
            "month": "2006-02",
            "price": "22.49",
            "revenue": 5614976
        },
        "2006-03": {
            "month": "2006-03",
            "price": "20.70",
            "revenue": 7010319
        },
        "2006-04": {
            "month": "2006-04",
            "price": "21.64",
            "revenue": 5710220
        },
        "2006-05": {
            "month": "2006-05",
            "price": "21.38",
            "revenue": 4855694
        },
        "2006-06": {
            "month": "2006-06",
            "price": "18.17",
            "revenue": 4154461
        },
        "2006-07": {
            "month": "2006-07",
            "price": "18.28",
            "revenue": 3058523
        },
        "2006-08": {
            "month": "2006-08",
            "price": "18.14",
            "revenue": 3254853
        },
        "2006-09": {
            "month": "2006-09",
            "price": "17.23",
            "revenue": 4149226
        },
        "2006-10": {
            "month": "2006-10",
            "price": "16.96",
            "revenue": 3977389
        },
        "2006-11": {
            "month": "2006-11",
            "price": "16.72",
            "revenue": 4203069
        },
        "2006-12": {
            "month": "2006-12",
            "price": "18.68",
            "revenue": 4485535
        },
        "2007-01": {
            "month": "2007-01",
            "price": "19.16",
            "revenue": 8131063
        },
        "2007-02": {
            "month": "2007-02",
            "price": "18.14",
            "revenue": 6223894
        },
        "2007-03": {
            "month": "2007-03",
            "price": "17.07",
            "revenue": 6621481
        },
        "2007-04": {
            "month": "2007-04",
            "price": "18.74",
            "revenue": 5827657
        },
        "2007-05": {
            "month": "2007-05",
            "price": "17.14",
            "revenue": 5727512
        },
        "2007-06": {
            "month": "2007-06",
            "price": "17.08",
            "revenue": 6509527
        },
        "2007-07": {
            "month": "2007-07",
            "price": "20.48",
            "revenue": 6125952
        },
        "2007-08": {
            "month": "2007-08",
            "price": "22.13",
            "revenue": 6047488
        },
        "2007-09": {
            "month": "2007-09",
            "price": "20.40",
            "revenue": 8056958
        },
        "2007-10": {
            "month": "2007-10",
            "price": "21.12",
            "revenue": 8097954
        },
        "2007-11": {
            "month": "2007-11",
            "price": "17.74",
            "revenue": 8039382
        },
        "2007-12": {
            "month": "2007-12",
            "price": "14.37",
            "revenue": 8186423
        },
        "2008-01": {
            "month": "2008-01",
            "price": "11.89",
            "revenue": 6307117
        },
        "2008-02": {
            "month": "2008-02",
            "price": "11.00",
            "revenue": 5155194
        },
        "2008-03": {
            "month": "2008-03",
            "price": "13.49",
            "revenue": 6167244
        },
        "2008-04": {
            "month": "2008-04",
            "price": "15.13",
            "revenue": 5764969
        },
        "2008-05": {
            "month": "2008-05",
            "price": "14.08",
            "revenue": 5663273
        },
        "2008-06": {
            "month": "2008-06",
            "price": "11.81",
            "revenue": 5779046
        },
        "2008-07": {
            "month": "2008-07",
            "price": "10.76",
            "revenue": 5933608
        },
        "2008-08": {
            "month": "2008-08",
            "price": "11.39",
            "revenue": 5439970
        },
        "2008-09": {
            "month": "2008-09",
            "price": "8.22",
            "revenue": 7584099
        },
        "2008-10": {
            "month": "2008-10",
            "price": "6.98",
            "revenue": 6304939
        },
        "2008-11": {
            "month": "2008-11",
            "price": "5.93",
            "revenue": 4949868
        },
        "2008-12": {
            "month": "2008-12",
            "price": "5.41",
            "revenue": 4922172
        },
        "2009-01": {
            "month": "2009-01",
            "price": "5.94",
            "revenue": 2856812
        },
        "2009-02": {
            "month": "2009-02",
            "price": "6.26",
            "revenue": 3270474
        },
        "2009-03": {
            "month": "2009-03",
            "price": "7.73",
            "revenue": 5523621
        },
        "2009-04": {
            "month": "2009-04",
            "price": "10.75",
            "revenue": 4951447
        },
        "2009-05": {
            "month": "2009-05",
            "price": "11.68",
            "revenue": 4744840
        },
        "2009-06": {
            "month": "2009-06",
            "price": "10.64",
            "revenue": 4883786
        },
        "2009-07": {
            "month": "2009-07",
            "price": "11.80",
            "revenue": 4947614
        },
        "2009-08": {
            "month": "2009-08",
            "price": "12.36",
            "revenue": 4543365
        },
        "2009-09": {
            "month": "2009-09",
            "price": "13.20",
            "revenue": 5096728
        },
        "2009-10": {
            "month": "2009-10",
            "price": "13.34",
            "revenue": 4660918
        },
        "2009-11": {
            "month": "2009-11",
            "price": "12.81",
            "revenue": 5087855
        },
        "2009-12": {
            "month": "2009-12",
            "price": "13.98",
            "revenue": 3974728
        },
        "2010-01": {
            "month": "2010-01",
            "price": "14.48",
            "revenue": 3599125
        },
        "2010-02": {
            "month": "2010-02",
            "price": "13.00",
            "revenue": 2630395
        },
        "2010-03": {
            "month": "2010-03",
            "price": "13.64",
            "revenue": 4901196
        },
        "2010-04": {
            "month": "2010-04",
            "price": "13.56",
            "revenue": 3799051
        },
        "2010-05": {
            "month": "2010-05",
            "price": "11.45",
            "revenue": 4477391
        },
        "2010-06": {
            "month": "2010-06",
            "price": "11.60",
            "revenue": 3683222
        },
        "2010-07": {
            "month": "2010-07",
            "price": "11.74",
            "revenue": 3824947
        },
        "2010-08": {
            "month": "2010-08",
            "price": "11.75",
            "revenue": 4493488
        },
        "2010-09": {
            "month": "2010-09",
            "price": "11.29",
            "revenue": 5988679
        },
        "2010-10": {
            "month": "2010-10",
            "price": "11.40",
            "revenue": 5316907
        },
        "2010-11": {
            "month": "2010-11",
            "price": "10.91",
            "revenue": 5769400
        },
        "2010-12": {
            "month": "2010-12",
            "price": "11.34",
            "revenue": 5612940
        },
        "2011-01": {
            "month": "2011-01",
            "price": "11.68",
            "revenue": 4757168
        },
        "2011-02": {
            "month": "2011-02",
            "price": "10.94",
            "revenue": 3306824
        },
        "2011-03": {
            "month": "2011-03",
            "price": "10.07",
            "revenue": 6154952
        },
        "2011-04": {
            "month": "2011-04",
            "price": "10.00",
            "revenue": 6048758
        },
        "2011-05": {
            "month": "2011-05",
            "price": "9.28",
            "revenue": 5138014
        },
        "2011-06": {
            "month": "2011-06",
            "price": "9.15",
            "revenue": 5340114
        },
        "2011-07": {
            "month": "2011-07",
            "price": "9.34",
            "revenue": 4786790
        },
        "2011-08": {
            "month": "2011-08",
            "price": "7.84",
            "revenue": 4037788
        },
        "2011-09": {
            "month": "2011-09",
            "price": "7.26",
            "revenue": 4936449
        },
        "2011-10": {
            "month": "2011-10",
            "price": "7.10",
            "revenue": 5013512
        },
        "2011-11": {
            "month": "2011-11",
            "price": "7.16",
            "revenue": 4921731
        },
        "2011-12": {
            "month": "2011-12",
            "price": "6.19",
            "revenue": 4482366
        },
        "2012-01": {
            "month": "2012-01",
            "price": "6.46",
            "revenue": 2868655
        },
        "2012-02": {
            "month": "2012-02",
            "price": "7.62",
            "revenue": 3396151
        },
        "2012-03": {
            "month": "2012-03",
            "price": "7.98",
            "revenue": 4571107
        },
        "2012-04": {
            "month": "2012-04",
            "price": "7.68",
            "revenue": 4293438
        },
        "2012-05": {
            "month": "2012-05",
            "price": "9.87",
            "revenue": 4263462
        },
        "2012-06": {
            "month": "2012-06",
            "price": "11.24",
            "revenue": 3996687
        },
        "2012-07": {
            "month": "2012-07",
            "price": "12.06",
            "revenue": 3616609
        },
        "2012-08": {
            "month": "2012-08",
            "price": "10.43",
            "revenue": 4037051
        },
        "2012-09": {
            "month": "2012-09",
            "price": "9.80",
            "revenue": 4522664
        },
        "2012-10": {
            "month": "2012-10",
            "price": "9.10",
            "revenue": 4038783
        },
        "2012-11": {
            "month": "2012-11",
            "price": "7.96",
            "revenue": 3699519
        },
        "2012-12": {
            "month": "2012-12",
            "price": "8.99",
            "revenue": 4266690
        },
        "2013-01": {
            "month": "2013-01",
            "price": "9.44",
            "revenue": 5376827
        },
        "2013-02": {
            "month": "2013-02",
            "price": "9.72",
            "revenue": 3110786
        },
        "2013-03": {
            "month": "2013-03",
            "price": "10.68",
            "revenue": 5466096
        },
        "2013-04": {
            "month": "2013-04",
            "price": "11.71",
            "revenue": 5145119
        },
        "2013-05": {
            "month": "2013-05",
            "price": "12.84",
            "revenue": 4967331
        },
        "2013-06": {
            "month": "2013-06",
            "price": "12.68",
            "revenue": 5482391
        },
        "2013-07": {
            "month": "2013-07",
            "price": "11.95",
            "revenue": 5507090
        },
        "2013-08": {
            "month": "2013-08",
            "price": "11.74",
            "revenue": 5732763
        },
        "2013-09": {
            "month": "2013-09",
            "price": "12.54",
            "revenue": 5302626
        },
        "2013-10": {
            "month": "2013-10",
            "price": "13.08",
            "revenue": 5349277
        },
        "2013-11": {
            "month": "2013-11",
            "price": "13.72",
            "revenue": 5827587
        },
        "2013-12": {
            "month": "2013-12",
            "price": "16.69",
            "revenue": 5872400
        },
        "2014-01": {
            "month": "2014-01",
            "price": "17.36",
            "revenue": 4295431
        },
        "2014-02": {
            "month": "2014-02",
            "price": "17.81",
            "revenue": 3166816
        },
        "2014-03": {
            "month": "2014-03",
            "price": "19.78",
            "revenue": 4858850
        },
        "2014-04": {
            "month": "2014-04",
            "price": "23.44",
            "revenue": 4288263
        },
        "2014-05": {
            "month": "2014-05",
            "price": "22.79",
            "revenue": 4955238
        },
        "2014-06": {
            "month": "2014-06",
            "price": "23.43",
            "revenue": 6553618
        },
        "2014-07": {
            "month": "2014-07",
            "price": "22.42",
            "revenue": 5613481
        },
        "2014-08": {
            "month": "2014-08",
            "price": "20.43",
            "revenue": 4083455
        },
        "2014-09": {
            "month": "2014-09",
            "price": "22.13",
            "revenue": 3818972
        },
        "2014-10": {
            "month": "2014-10",
            "price": "24.24",
            "revenue": 3128886
        },
        "2014-11": {
            "month": "2014-11",
            "price": "26.62",
            "revenue": 4928466
        },
        "2014-12": {
            "month": "2014-12",
            "price": "26.75",
            "revenue": 6097925
        },
        "2015-01": {
            "month": "2015-01",
            "price": "27.03",
            "revenue": 4627361
        },
        "2015-02": {
            "month": "2015-02",
            "price": "25.80",
            "revenue": 3422032
        },
        "2015-03": {
            "month": "2015-03",
            "price": "27.17",
            "revenue": 3805135
        },
        "2015-04": {
            "month": "2015-04",
            "price": "31.14",
            "revenue": 2776079
        },
        "2015-05": {
            "month": "2015-05",
            "price": "30.53",
            "revenue": 5267957
        },
        "2015-06": {
            "month": "2015-06",
            "price": "31.59",
            "revenue": 4962270
        },
        "2015-07": {
            "month": "2015-07",
            "price": "25.08",
            "revenue": 3800989
        },
        "2015-08": {
            "month": "2015-08",
            "price": "19.03",
            "revenue": 4066771
        },
        "2015-09": {
            "month": "2015-09",
            "price": "19.04",
            "revenue": 5655231
        },
        "2015-10": {
            "month": "2015-10",
            "price": "22.21",
            "revenue": 3838029
        },
        "2015-11": {
            "month": "2015-11",
            "price": "22.70",
            "revenue": 2858824
        },
        "2015-12": {
            "month": "2015-12",
            "price": "20.80",
            "revenue": 2983494
        },
        "2016-01": {
            "month": "2016-01",
            "price": "18.82",
            "revenue": 2589327
        },
        "2016-02": {
            "month": "2016-02",
            "price": "20.97",
            "revenue": 1673467
        },
        "2016-03": {
            "month": "2016-03",
            "price": "21.50",
            "revenue": 2689352
        },
        "2016-04": {
            "month": "2016-04",
            "price": "20.44",
            "revenue": 2132374
        },
        "2016-05": {
            "month": "2016-05",
            "price": "19.35",
            "revenue": 1984718
        },
        "2016-06": {
            "month": "2016-06",
            "price": "18.80",
            "revenue": 2672335
        },
        "2016-07": {
            "month": "2016-07",
            "price": "17.43",
            "revenue": 2245297
        },
        "2016-08": {
            "month": "2016-08",
            "price": "15.64",
            "revenue": 3080678
        },
        "2016-09": {
            "month": "2016-09",
            "price": "14.16",
            "revenue": 2962398
        },
        "2016-10": {
            "month": "2016-10",
            "price": "12.81",
            "revenue": 2177543
        },
        "2016-11": {
            "month": "2016-11",
            "price": "12.96",
            "revenue": 2844864
        },
        "2016-12": {
            "month": "2016-12",
            "price": "13.47",
            "revenue": 2988718
        },
        "2017-01": {
            "month": "2017-01",
            "price": "17.34",
            "revenue": 2597585
        },
        "2017-02": {
            "month": "2017-02",
            "price": "20.47",
            "revenue": 1605556
        },
        "2017-03": {
            "month": "2017-03",
            "price": "23.07",
            "revenue": 2361484
        },
        "2017-04": {
            "month": "2017-04",
            "price": "20.82",
            "revenue": 2090666
        },
        "2017-05": {
            "month": "2017-05",
            "price": "20.46",
            "revenue": 2405072
        },
        "2017-06": {
            "month": "2017-06",
            "price": "20.85",
            "revenue": 2474034
        },
        "2017-07": {
            "month": "2017-07",
            "price": "20.20",
            "revenue": 2485001
        },
        "2017-08": {
            "month": "2017-08",
            "price": "18.71",
            "revenue": 3211743
        },
        "2017-09": {
            "month": "2017-09",
            "price": "22.85",
            "revenue": 3172139
        },
        "2017-10": {
            "month": "2017-10",
            "price": "23.35",
            "revenue": 2345045
        },
        "2017-11": {
            "month": "2017-11",
            "price": "21.52",
            "revenue": 2706419
        },
        "2017-12": {
            "month": "2017-12",
            "price": "19.78",
            "revenue": 2574418
        },
        "2018-01": {
            "month": "2018-01",
            "price": "19.08",
            "revenue": 2411312
        },
        "2018-02": {
            "month": "2018-02",
            "price": "17.79",
            "revenue": 1415054
        },
        "2018-03": {
            "month": "2018-03",
            "price": "18.21",
            "revenue": 2432080
        },
        "2018-04": {
            "month": "2018-04",
            "price": "17.21",
            "revenue": 2233489
        },
        "2018-05": {
            "month": "2018-05",
            "price": "16.87",
            "revenue": 2763043
        },
        "2018-06": {
            "month": "2018-06",
            "price": "17.69",
            "revenue": 3111929
        },
        "2018-07": {
            "month": "2018-07",
            "price": "17.16",
            "revenue": 2945635
        },
        "2018-08": {
            "month": "2018-08",
            "price": "16.02",
            "revenue": 3217869
        },
        "2018-09": {
            "month": "2018-09",
            "price": "15.43",
            "revenue": 3128295
        },
        "2018-10": {
            "month": "2018-10",
            "price": "13.28",
            "revenue": 2686090
        },
        "2018-11": {
            "month": "2018-11",
            "price": "12.85",
            "revenue": 2546625
        },
        "2018-12": {
            "month": "2018-12",
            "price": "12.81",
            "revenue": 2977850
        },
        "2019-01": {
            "month": "2019-01",
            "price": "12.28",
            "revenue": 2145214
        },
        "2019-02": {
            "month": "2019-02",
            "price": "12.53",
            "revenue": 1445564
        },
        "2019-03": {
            "month": "2019-03",
            "price": "12.84",
            "revenue": 2719886
        },
        "2019-04": {
            "month": "2019-04",
            "price": "12.16",
            "revenue": 2534665
        },
        "2019-05": {
            "month": "2019-05",
            "price": "12.11",
            "revenue": 2572977
        },
        "2019-06": {
            "month": "2019-06",
            "price": "11.77",
            "revenue": 2667241
        },
        "2019-07": {
            "month": "2019-07",
            "price": "11.50",
            "revenue": 2382672
        },
        "2019-08": {
            "month": "2019-08",
            "price": "11.55",
            "revenue": 2342635
        },
        "2019-09": {
            "month": "2019-09",
            "price": "12.90",
            "revenue": 2507374
        },
        "2019-10": {
            "month": "2019-10",
            "price": "13.39",
            "revenue": 2256446
        },
        "2019-11": {
            "month": "2019-11",
            "price": "12.98",
            "revenue": 2334730
        },
        "2019-12": {
            "month": "2019-12",
            "price": "13.36",
            "revenue": 2672725
        },
        "2020-01": {
            "month": "2020-01",
            "price": "13.41",
            "revenue": 1967745
        },
        "2020-02": {
            "month": "2020-02",
            "price": "11.82",
            "revenue": 444544
        },
        "2020-03": {
            "month": "2020-03",
            "price": "9.32",
            "revenue": 1702273
        },
        "2020-04": {
            "month": "2020-04",
            "price": "9.78",
            "revenue": 2679634
        },
        "2020-05": {
            "month": "2020-05",
            "price": "11.40",
            "revenue": 2621688
        },
        "2020-06": {
            "month": "2020-06",
            "price": "11.60",
            "revenue": 2797344
        },
        "2020-07": {
            "month": "2020-07",
            "price": "11.93",
            "revenue": 2039352
        },
        "2020-08": {
            "month": "2020-08",
            "price": "13.27",
            "revenue": 2203994
        },
        "2020-09": {
            "month": "2020-09",
            "price": "12.96",
            "revenue": 2669650
        },
        "2020-10": {
            "month": "2020-10",
            "price": "16.69",
            "revenue": 1883613
        },
        "2020-11": {
            "month": "2020-11",
            "price": "17.65",
            "revenue": 2116486
        },
        "2020-12": {
            "month": "2020-12",
            "price": "21.36",
            "revenue": 2853615
        },
        "2021-01": {
            "month": "2021-01",
            "price": "25.74",
            "revenue": 2567501
        },
        "2021-02": {
            "month": "2021-02",
            "price": "28.06",
            "revenue": 1671909
        },
        "2021-03": {
            "month": "2021-03",
            "price": "32.37",
            "revenue": 2271753
        },
        "2021-04": {
            "month": "2021-04",
            "price": "30.32",
            "revenue": 2244933
        },
        "2021-05": {
            "month": "2021-05",
            "price": "24.48",
            "revenue": 2358385
        },
        "2021-06": {
            "month": "2021-06",
            "price": "22.85",
            "revenue": 2830469
        },
        "2021-07": {
            "month": "2021-07",
            "price": "21.66",
            "revenue": 2229070
        },
        "2021-08": {
            "month": "2021-08",
            "price": "21.25",
            "revenue": 2969307
        },
        "2021-09": {
            "month": "2021-09",
            "price": "24.03",
            "revenue": 3194082
        },
        "2021-10": {
            "month": "2021-10",
            "price": "22.99",
            "revenue": 2622006
        },
        "2021-11": {
            "month": "2021-11",
            "price": "22.98",
            "revenue": 3542655
        },
        "2021-12": {
            "month": "2021-12",
            "price": "22.60",
            "revenue": 3417580
        },
        "2022-01": {
            "month": "2022-01",
            "price": "21.09",
            "revenue": 2770931
        },
        "2022-02": {
            "month": "2022-02",
            "price": "20.24",
            "revenue": 1891392
        },
        "2022-03": {
            "month": "2022-03",
            "price": "19.49",
            "revenue": 2787098
        },
        "2022-04": {
            "month": "2022-04",
            "price": "19.34",
            "revenue": 2992104
        },
        "2022-05": {
            "month": "2022-05",
            "price": "19.37",
            "revenue": 3485361
        },
        "2022-06": {
            "month": "2022-06",
            "price": "20.69",
            "revenue": 4298712
        },
        "2022-07": {
            "month": "2022-07",
            "price": "20.72",
            "revenue": 2740290
        },
        "2022-08": {
            "month": "2022-08",
            "price": "23.65",
            "revenue": 2617625
        },
        "2022-09": {
            "month": "2022-09",
            "price": "25.19",
            "revenue": 2196647
        },
        "2022-10": {
            "month": "2022-10",
            "price": "22.24",
            "revenue": 2013879
        },
        "2022-11": {
            "month": "2022-11",
            "price": "21.70",
            "revenue": 1759770
        },
        "2022-12": {
            "month": "2022-12",
            "price": "21.72",
            "revenue": 1792977
        },
        "2023-01": {
            "month": "2023-01",
            "price": "20.94",
            "revenue": 1542930
        },
        "2023-02": {
            "month": "2023-02",
            "price": "21.50",
            "revenue": 1294680
        },
        "2023-03": {
            "month": "2023-03",
            "price": "22.79",
            "revenue": 1599953
        },
        "2023-04": {
            "month": "2023-04",
            "price": "23.41",
            "revenue": 1677943
        },
        "2023-05": {
            "month": "2023-05",
            "price": "26.42",
            "revenue": 2249967
        }
    }
}
