{
    "summary": {
        "stock_name": "友訊",
        "stock_id": "2332",
        "category": "通信網路",
        "main_business": "銷售自有品牌之網路產品",
        "website_url": "http://www.dlink.com.tw",
        "ceo": "張家瑞",
        "pe_ratio": 16,
        "report_year_from": 2001,
        "report_year_to": 2023,
        "age": 22,
        "eps_negative_percentage": 17,
        "eps_growth_avg": {
            "last_all": -21.52,
            "last_2y": -67.52,
            "last_4y": -78.35,
            "last_8y": -84.93,
            "last_12y": -41.86,
            "last_16y": -33.2,
            "last_20y": -21.52,
            "at_2006_last_3y": 32.51,
            "at_2007_last_3y": 25.26,
            "at_2008_last_3y": -8.51,
            "at_2009_last_3y": -13.72,
            "at_2010_last_3y": 1.59,
            "at_2011_last_3y": -10,
            "at_2012_last_3y": -0.6,
            "at_2013_last_3y": 11.99,
            "at_2014_last_3y": -35.42,
            "at_2015_last_3y": -55.63,
            "at_2016_last_3y": -67.81,
            "at_2017_last_3y": -94.81,
            "at_2018_last_3y": -100,
            "at_2019_last_3y": -100,
            "at_2020_last_3y": -100,
            "at_2021_last_3y": -88.95,
            "at_2022_last_3y": -78.35,
            "at_2023_last_3y": -78.35,
            "at_2006_last_all": 20.9,
            "at_2007_last_all": 21.95,
            "at_2008_last_all": 10.72,
            "at_2009_last_all": 1.36,
            "at_2010_last_all": 12.32,
            "at_2011_last_all": 9.17,
            "at_2012_last_all": 6.6,
            "at_2013_last_all": 4.9,
            "at_2014_last_all": -2.37,
            "at_2015_last_all": -9.34,
            "at_2016_last_all": -9.34,
            "at_2017_last_all": -9.34,
            "at_2018_last_all": -9.34,
            "at_2019_last_all": -15.39,
            "at_2020_last_all": -15.39,
            "at_2021_last_all": -19.29,
            "at_2022_last_all": -21.52,
            "at_2023_last_all": -21.52
        },
        "latest_eps": 1.36,
        "latest_price": 21.1,
        "latest_roe": 9.29,
        "latest_gross_margin": 25.25,
        "latest_equity": 11643441,
        "latest_revenue": 4151226,
        "latest_gross_profit": 1048282,
        "latest_net_income": 413202,
        "latest_debt_ratio": 36.5,
        "latest_current_ratio": 265.46,
        "latest_account_receivable_turnover_ratio": 1.11,
        "latest_inventory_turnover_ratio": 0.7,
        "latest_reinvestment_rate": -43.78,
        "latest_research_to_sale_ratio": 4.5
    },
    "eps_dividends": {
        "1994": {
            "cash": 0,
            "stock": 3,
            "eps": 0
        },
        "1995": {
            "cash": 0,
            "stock": 3,
            "eps": 0
        },
        "1996": {
            "cash": 0.5,
            "stock": 2.5,
            "eps": 0
        },
        "1997": {
            "cash": 0.5,
            "stock": 2.5,
            "eps": 0
        },
        "1998": {
            "cash": 0,
            "stock": 3,
            "eps": 0
        },
        "1999": {
            "cash": 1,
            "stock": 1,
            "eps": 0
        },
        "2000": {
            "cash": 1,
            "stock": 1.5,
            "eps": 0
        },
        "2001": {
            "cash": 0.5,
            "stock": 1.5,
            "eps": 2.39
        },
        "2002": {
            "cash": 1,
            "stock": 1,
            "eps": 1.78
        },
        "2003": {
            "cash": 1.5,
            "stock": 0,
            "eps": 2.78
        },
        "2004": {
            "cash": 1.53,
            "stock": 0.51,
            "eps": 4.96
        },
        "2005": {
            "cash": 2,
            "stock": 1,
            "eps": 2.81
        },
        "2006": {
            "cash": 1.2,
            "stock": 1,
            "eps": 3.9
        },
        "2007": {
            "cash": 2.3,
            "stock": 0.2,
            "eps": 4.96
        },
        "2008": {
            "cash": 2.5,
            "stock": 0.2,
            "eps": 2.15
        },
        "2009": {
            "cash": 0.5,
            "stock": 1.4,
            "eps": 0.77
        },
        "2010": {
            "cash": 1,
            "stock": 0,
            "eps": 1.88
        },
        "2011": {
            "cash": 2.4000000000000004,
            "stock": 0,
            "eps": 1.52
        },
        "2012": {
            "cash": 0,
            "stock": 0,
            "eps": 1.23
        },
        "2013": {
            "cash": 1,
            "stock": 0,
            "eps": 1.06
        },
        "2014": {
            "cash": 1,
            "stock": 0.2,
            "eps": 0.11
        },
        "2015": {
            "cash": 0,
            "stock": 0.5,
            "eps": -2.94
        },
        "2016": {
            "cash": 0.3,
            "stock": 0,
            "eps": -1.51
        },
        "2017": {
            "cash": 0.3,
            "stock": 0,
            "eps": -0.3
        },
        "2018": {
            "cash": 0,
            "stock": 0,
            "eps": 0.17
        },
        "2019": {
            "cash": 0.2,
            "stock": 0,
            "eps": -0.79
        },
        "2020": {
            "cash": 0,
            "stock": 0,
            "eps": 1.9
        },
        "2021": {
            "cash": 0.3,
            "stock": 0,
            "eps": 0.42
        },
        "2022": {
            "cash": 0.3,
            "stock": 0,
            "eps": 0.18
        },
        "2023": {
            "cash": 0.22,
            "stock": 0,
            "eps": 0.87
        }
    },
    "dividends": {
        "1994-04-23": {
            "cash": 0,
            "stock": 3
        },
        "1995-04-10": {
            "cash": 0,
            "stock": 3
        },
        "1996-05-17": {
            "cash": 0.5,
            "stock": 2.5
        },
        "1997-04-25": {
            "cash": 0.5,
            "stock": 2.5
        },
        "1998-05-08": {
            "cash": 0,
            "stock": 3
        },
        "1999-05-27": {
            "cash": 1,
            "stock": 1
        },
        "2000-05-25": {
            "cash": 1,
            "stock": 1.5
        },
        "2001-05-24": {
            "cash": 0.5,
            "stock": 1.5
        },
        "2002-05-31": {
            "cash": 1,
            "stock": 1
        },
        "2003-05-08": {
            "cash": 1.5,
            "stock": 0
        },
        "2004-04-12": {
            "cash": 1.53,
            "stock": 0.51
        },
        "2005-04-28": {
            "cash": 2,
            "stock": 1
        },
        "2006-04-21": {
            "cash": 1.2,
            "stock": 1
        },
        "2007-04-25": {
            "cash": 2.3,
            "stock": 0.2
        },
        "2008-04-28": {
            "cash": 2.5,
            "stock": 0.2
        },
        "2009-04-29": {
            "cash": 0.5,
            "stock": 1.4
        },
        "2010-04-28": {
            "cash": 1,
            "stock": 0
        },
        "2011-01-01": {
            "cash": 1.1,
            "stock": 0
        },
        "2011-03-03": {
            "cash": 1.3,
            "stock": 0
        },
        "2013-03-07": {
            "cash": 1,
            "stock": 0
        },
        "2014-11-06": {
            "cash": 1,
            "stock": 0.2
        },
        "2015-03-12": {
            "cash": 0,
            "stock": 0.5
        },
        "2016-08-10": {
            "cash": 0.3,
            "stock": 0
        },
        "2017-08-31": {
            "cash": 0.3,
            "stock": 0
        },
        "2019-08-30": {
            "cash": 0.2,
            "stock": 0
        },
        "2021-08-25": {
            "cash": 0.3,
            "stock": 0
        },
        "2022-08-31": {
            "cash": 0.3,
            "stock": 0
        },
        "2023-08-11": {
            "cash": 0.22,
            "stock": 0
        }
    },
    "prices": {
        "200101": "38.06",
        "200102": "44.21",
        "200103": "50.85",
        "200104": "60.12",
        "200105": "50.23",
        "200106": "47.97",
        "200107": "39.30",
        "200108": "37.89",
        "200109": "27.82",
        "200110": "27.24",
        "200111": "36.10",
        "200112": "51.56",
        "200201": "61.55",
        "200202": "63.38",
        "200203": "62.40",
        "200204": "52.81",
        "200205": "46.14",
        "200206": "42.28",
        "200207": "35.77",
        "200208": "35.65",
        "200209": "36.54",
        "200210": "30.70",
        "200211": "30.57",
        "200212": "31.14",
        "200301": "30.68",
        "200302": "27.11",
        "200303": "26.00",
        "200304": "29.21",
        "200305": "31.79",
        "200306": "35.44",
        "200307": "32.88",
        "200308": "36.19",
        "200309": "34.62",
        "200310": "34.28",
        "200311": "38.38",
        "200312": "42.42",
        "200401": "44.67",
        "200402": "43.56",
        "200403": "40.87",
        "200404": "43.11",
        "200405": "41.82",
        "200406": "40.30",
        "200407": "35.60",
        "200408": "35.90",
        "200409": "38.37",
        "200410": "38.00",
        "200411": "35.41",
        "200412": "36.01",
        "200501": "35.81",
        "200502": "37.18",
        "200503": "38.83",
        "200504": "38.56",
        "200505": "36.93",
        "200506": "37.75",
        "200507": "38.05",
        "200508": "32.80",
        "200509": "33.16",
        "200510": "34.95",
        "200511": "36.53",
        "200512": "38.41",
        "200601": "38.88",
        "200602": "37.43",
        "200603": "34.53",
        "200604": "35.28",
        "200605": "39.70",
        "200606": "34.73",
        "200607": "34.09",
        "200608": "31.76",
        "200609": "33.44",
        "200610": "35.09",
        "200611": "38.25",
        "200612": "40.00",
        "200701": "46.46",
        "200702": "47.72",
        "200703": "51.93",
        "200704": "58.54",
        "200705": "66.79",
        "200706": "75.18",
        "200707": "82.46",
        "200708": "73.83",
        "200709": "77.96",
        "200710": "75.97",
        "200711": "59.75",
        "200712": "55.88",
        "200801": "46.57",
        "200802": "46.35",
        "200803": "47.51",
        "200804": "50.47",
        "200805": "49.65",
        "200806": "47.58",
        "200807": "40.79",
        "200808": "40.33",
        "200809": "30.27",
        "200810": "24.25",
        "200811": "21.20",
        "200812": "20.25",
        "200901": "20.85",
        "200902": "19.24",
        "200903": "20.92",
        "200904": "25.13",
        "200905": "25.60",
        "200906": "27.22",
        "200907": "28.30",
        "200908": "27.54",
        "200909": "27.10",
        "200910": "31.29",
        "200911": "32.41",
        "200912": "31.85",
        "201001": "34.32",
        "201002": "32.26",
        "201003": "33.41",
        "201004": "32.01",
        "201005": "26.90",
        "201006": "25.23",
        "201007": "25.45",
        "201008": "26.01",
        "201009": "29.07",
        "201010": "32.36",
        "201011": "30.43",
        "201012": "30.78",
        "201101": "30.75",
        "201102": "28.00",
        "201103": "26.70",
        "201104": "27.49",
        "201105": "25.83",
        "201106": "26.25",
        "201107": "25.92",
        "201108": "22.90",
        "201109": "23.38",
        "201110": "23.32",
        "201111": "22.47",
        "201112": "20.39",
        "201201": "20.70",
        "201202": "22.97",
        "201203": "23.27",
        "201204": "20.99",
        "201205": "20.71",
        "201206": "18.98",
        "201207": "18.95",
        "201208": "19.47",
        "201209": "18.06",
        "201210": "16.95",
        "201211": "17.01",
        "201212": "18.29",
        "201301": "18.66",
        "201302": "18.51",
        "201303": "17.91",
        "201304": "17.10",
        "201305": "17.51",
        "201306": "17.97",
        "201307": "17.86",
        "201308": "16.22",
        "201309": "16.40",
        "201310": "16.89",
        "201311": "17.00",
        "201312": "17.56",
        "201401": "19.01",
        "201402": "20.38",
        "201403": "20.85",
        "201404": "20.88",
        "201405": "19.59",
        "201406": "19.80",
        "201407": "22.11",
        "201408": "20.83",
        "201409": "20.41",
        "201410": "17.14",
        "201411": "16.68",
        "201412": "17.33",
        "201501": "18.28",
        "201502": "17.63",
        "201503": "17.60",
        "201504": "16.56",
        "201505": "15.22",
        "201506": "13.38",
        "201507": "11.94",
        "201508": "9.56",
        "201509": "9.85",
        "201510": "10.43",
        "201511": "10.70",
        "201512": "10.26",
        "201601": "9.99",
        "201602": "10.58",
        "201603": "11.02",
        "201604": "10.32",
        "201605": "9.87",
        "201606": "10.57",
        "201607": "11.98",
        "201608": "11.62",
        "201609": "11.32",
        "201610": "10.46",
        "201611": "10.10",
        "201612": "10.61",
        "201701": "10.62",
        "201702": "10.87",
        "201703": "12.85",
        "201704": "12.85",
        "201705": "11.90",
        "201706": "11.85",
        "201707": "11.43",
        "201708": "10.62",
        "201709": "11.21",
        "201710": "11.37",
        "201711": "10.84",
        "201712": "10.35",
        "201801": "12.46",
        "201802": "11.37",
        "201803": "11.53",
        "201804": "11.17",
        "201805": "12.42",
        "201806": "14.56",
        "201807": "13.57",
        "201808": "12.26",
        "201809": "11.38",
        "201810": "10.31",
        "201811": "10.54",
        "201812": "11.42",
        "201901": "12.39",
        "201902": "12.90",
        "201903": "13.28",
        "201904": "13.82",
        "201905": "12.62",
        "201906": "12.28",
        "201907": "12.98",
        "201908": "12.35",
        "201909": "12.46",
        "201910": "11.95",
        "201911": "12.21",
        "201912": "12.83",
        "202001": "13.79",
        "202002": "13.74",
        "202003": "10.94",
        "202004": "11.95",
        "202005": "12.58",
        "202006": "15.06",
        "202007": "18.44",
        "202008": "18.35",
        "202009": "18.30",
        "202010": "18.60",
        "202011": "20.60",
        "202012": "28.04",
        "202101": "25.97",
        "202102": "24.60",
        "202103": "24.17",
        "202104": "23.93",
        "202105": "19.29",
        "202106": "19.24",
        "202107": "19.32",
        "202108": "17.78",
        "202109": "17.68",
        "202110": "19.56",
        "202111": "19.96",
        "202112": "18.55",
        "202201": "17.42",
        "202202": "16.88",
        "202203": "16.55",
        "202204": "16.72",
        "202205": "15.52",
        "202206": "15.17",
        "202207": "15.72",
        "202208": "16.88",
        "202209": "16.47",
        "202210": "14.83",
        "202211": "14.77",
        "202212": "15.12",
        "202301": "15.23",
        "202302": "16.16",
        "202303": "17.39",
        "202304": "18.40",
        "202305": "19.09",
        "202306": "20.92",
        "202307": "21.44",
        "202308": "22.52",
        "202309": "22.36"
    },
    "quarters": {
        "20011": {
            "year_quarter": 20011,
            "year": 2001,
            "quarter": 1,
            "eps": 0.81,
            "eps_growth_year": 55.77,
            "eps_4q": 2.59,
            "eps_4q_growth_year": 27.56,
            "roe": 3.53,
            "roe_4q": 3.53,
            "gross_profit": 680903,
            "gross_margin": 18.39,
            "gross_margin_4q_avg": 18.39,
            "net_income": 305742,
            "revenue": 3703488,
            "common_shares": 3788466,
            "book_valuer_per_share": 23.22,
            "book_valuer_per_share_4q_avg": 23.22,
            "equity": 8796367,
            "current_ratio": 280.89,
            "debt_ratio": 40.51,
            "inventory_turnover_ratio": 1.22,
            "account_receivable_turnover_ratio": null,
            "reinvestment_rate": null,
            "research_to_sale_ratio": null,
            "price_fair": 0,
            "eps_avg_yearly": 0,
            "eps_latest_yearly": 0,
            "eps_growth_yearly": 0
        },
        "20012": {
            "year_quarter": 20012,
            "year": 2001,
            "quarter": 2,
            "eps": 0.84,
            "eps_growth_year": 25.37,
            "eps_4q": 2.88,
            "eps_4q_growth_year": 28.1,
            "roe": 3.58,
            "roe_4q": 7.109999999999999,
            "gross_profit": 753045,
            "gross_margin": 19.2,
            "gross_margin_4q_avg": 18.8,
            "net_income": 318408,
            "revenue": 3922455,
            "common_shares": 3788466,
            "book_valuer_per_share": 23.72,
            "book_valuer_per_share_4q_avg": 23.47,
            "equity": 8986490,
            "current_ratio": 311.02,
            "debt_ratio": 39.2,
            "inventory_turnover_ratio": 1.93,
            "account_receivable_turnover_ratio": null,
            "reinvestment_rate": null,
            "research_to_sale_ratio": null,
            "price_fair": 0,
            "eps_avg_yearly": 0,
            "eps_latest_yearly": 0,
            "eps_growth_yearly": 0
        },
        "20013": {
            "year_quarter": 20013,
            "year": 2001,
            "quarter": 3,
            "eps": 0.28,
            "eps_growth_year": -51.72,
            "eps_4q": 2.22,
            "eps_4q_growth_year": 12.4,
            "roe": 1.4,
            "roe_4q": 8.51,
            "gross_profit": 1384684,
            "gross_margin": 32.01,
            "gross_margin_4q_avg": 23.2,
            "net_income": 126482,
            "revenue": 4325513,
            "common_shares": 4449865,
            "book_valuer_per_share": 20.47,
            "book_valuer_per_share_4q_avg": 22.47,
            "equity": 9110197,
            "current_ratio": 225.95,
            "debt_ratio": 43.29,
            "inventory_turnover_ratio": 1.32,
            "account_receivable_turnover_ratio": null,
            "reinvestment_rate": null,
            "research_to_sale_ratio": null,
            "price_fair": 0,
            "eps_avg_yearly": 0,
            "eps_latest_yearly": 0,
            "eps_growth_yearly": 0
        },
        "20014": {
            "year_quarter": 20014,
            "year": 2001,
            "quarter": 4,
            "eps": 0.46,
            "eps_growth_year": -33.33,
            "eps_4q": 2.24,
            "eps_4q_growth_year": -0.1,
            "roe": 2.13,
            "roe_4q": 10.639999999999999,
            "gross_profit": 731454,
            "gross_margin": 16.93,
            "gross_margin_4q_avg": 21.63,
            "net_income": 195730,
            "revenue": 4321016,
            "common_shares": 4459414,
            "book_valuer_per_share": 20.81,
            "book_valuer_per_share_4q_avg": 22.06,
            "equity": 9278610,
            "current_ratio": 229.64,
            "debt_ratio": 47.46,
            "inventory_turnover_ratio": 1.22,
            "account_receivable_turnover_ratio": null,
            "reinvestment_rate": null,
            "research_to_sale_ratio": null,
            "price_fair": 0,
            "eps_avg_yearly": 0,
            "eps_latest_yearly": 0,
            "eps_growth_yearly": 0
        },
        "20021": {
            "year_quarter": 20021,
            "year": 2002,
            "quarter": 1,
            "eps": 0.85,
            "eps_growth_year": 4.94,
            "eps_4q": 2.27,
            "eps_4q_growth_year": -12.11,
            "roe": 4,
            "roe_4q": 11.11,
            "gross_profit": 1395156,
            "gross_margin": 26.72,
            "gross_margin_4q_avg": 23.72,
            "net_income": 388380,
            "revenue": 5221401,
            "common_shares": 4596083,
            "book_valuer_per_share": 22.11,
            "book_valuer_per_share_4q_avg": 21.78,
            "equity": 10163423,
            "current_ratio": 259.4,
            "debt_ratio": 44.72,
            "inventory_turnover_ratio": 1.39,
            "account_receivable_turnover_ratio": null,
            "reinvestment_rate": null,
            "research_to_sale_ratio": null,
            "price_fair": 119,
            "eps_avg_yearly": 3.4,
            "eps_latest_yearly": 3.4,
            "eps_growth_yearly": 339.13
        },
        "20022": {
            "year_quarter": 20022,
            "year": 2002,
            "quarter": 2,
            "eps": 0.32,
            "eps_growth_year": -61.9,
            "eps_4q": 1.77,
            "eps_4q_growth_year": -38.56,
            "roe": 1.61,
            "roe_4q": 9.14,
            "gross_profit": 1376793,
            "gross_margin": 28.68,
            "gross_margin_4q_avg": 26.09,
            "net_income": 160538,
            "revenue": 4800298,
            "common_shares": 4569870,
            "book_valuer_per_share": 21.51,
            "book_valuer_per_share_4q_avg": 21.23,
            "equity": 9827520,
            "current_ratio": 211.68,
            "debt_ratio": 50.32,
            "inventory_turnover_ratio": 1.38,
            "account_receivable_turnover_ratio": null,
            "reinvestment_rate": null,
            "research_to_sale_ratio": null,
            "price_fair": 81.9,
            "eps_avg_yearly": 2.34,
            "eps_latest_yearly": 1.28,
            "eps_growth_yearly": 44.86
        },
        "20023": {
            "year_quarter": 20023,
            "year": 2002,
            "quarter": 3,
            "eps": 0.13,
            "eps_growth_year": -53.57,
            "eps_4q": 1.53,
            "eps_4q_growth_year": -30.98,
            "roe": 0.71,
            "roe_4q": 8.45,
            "gross_profit": 1571399,
            "gross_margin": 27.65,
            "gross_margin_4q_avg": 25,
            "net_income": 70366,
            "revenue": 5684048,
            "common_shares": 5163307,
            "book_valuer_per_share": 19.17,
            "book_valuer_per_share_4q_avg": 20.9,
            "equity": 9900555,
            "current_ratio": 200.6,
            "debt_ratio": 52.86,
            "inventory_turnover_ratio": 1.67,
            "account_receivable_turnover_ratio": null,
            "reinvestment_rate": null,
            "research_to_sale_ratio": null,
            "price_fair": 5.2,
            "eps_avg_yearly": 1.73,
            "eps_latest_yearly": 0.52,
            "eps_growth_yearly": -49.26
        },
        "20024": {
            "year_quarter": 20024,
            "year": 2002,
            "quarter": 4,
            "eps": 0.48,
            "eps_growth_year": 4.35,
            "eps_4q": 1.65,
            "eps_4q_growth_year": -26.6,
            "roe": 2.59,
            "roe_4q": 8.91,
            "gross_profit": 925139,
            "gross_margin": 20.57,
            "gross_margin_4q_avg": 25.91,
            "net_income": 252948,
            "revenue": 4497113,
            "common_shares": 5163307,
            "book_valuer_per_share": 18.61,
            "book_valuer_per_share_4q_avg": 20.35,
            "equity": 9606995,
            "current_ratio": 226.8,
            "debt_ratio": 48.96,
            "inventory_turnover_ratio": 1.16,
            "account_receivable_turnover_ratio": null,
            "reinvestment_rate": 37.24,
            "research_to_sale_ratio": null,
            "price_fair": 62.3,
            "eps_avg_yearly": 1.78,
            "eps_latest_yearly": 1.92,
            "eps_growth_yearly": 232.29
        },
        "20031": {
            "year_quarter": 20031,
            "year": 2003,
            "quarter": 1,
            "eps": 0.81,
            "eps_growth_year": -4.71,
            "eps_4q": 1.78,
            "eps_4q_growth_year": -21.89,
            "roe": 4.1,
            "roe_4q": 9.01,
            "gross_profit": 1854806,
            "gross_margin": 31.13,
            "gross_margin_4q_avg": 27.01,
            "net_income": 400085,
            "revenue": 5958065,
            "common_shares": 4903107,
            "book_valuer_per_share": 20.2,
            "book_valuer_per_share_4q_avg": 19.87,
            "equity": 9905539,
            "current_ratio": 216.82,
            "debt_ratio": 49.21,
            "inventory_turnover_ratio": 1.2,
            "account_receivable_turnover_ratio": null,
            "reinvestment_rate": 53.82,
            "research_to_sale_ratio": null,
            "price_fair": 72.52,
            "eps_avg_yearly": 2.07,
            "eps_latest_yearly": 3.24,
            "eps_growth_yearly": 240.83
        },
        "20032": {
            "year_quarter": 20032,
            "year": 2003,
            "quarter": 2,
            "eps": 0.63,
            "eps_growth_year": 96.88,
            "eps_4q": 2.09,
            "eps_4q_growth_year": 18.31,
            "roe": 3.18,
            "roe_4q": 10.579999999999998,
            "gross_profit": 1932674,
            "gross_margin": 28.39,
            "gross_margin_4q_avg": 26.94,
            "net_income": 307810,
            "revenue": 6807257,
            "common_shares": 4903107,
            "book_valuer_per_share": 19.33,
            "book_valuer_per_share_4q_avg": 19.33,
            "equity": 9476920,
            "current_ratio": 156.76,
            "debt_ratio": 59.05,
            "inventory_turnover_ratio": 1.36,
            "account_receivable_turnover_ratio": null,
            "reinvestment_rate": 41.64,
            "research_to_sale_ratio": null,
            "price_fair": 75.13,
            "eps_avg_yearly": 2.15,
            "eps_latest_yearly": 2.52,
            "eps_growth_yearly": 185.88
        },
        "20033": {
            "year_quarter": 20033,
            "year": 2003,
            "quarter": 3,
            "eps": 0.6,
            "eps_growth_year": 361.54,
            "eps_4q": 2.47,
            "eps_4q_growth_year": 61.21,
            "roe": 3.16,
            "roe_4q": 13.03,
            "gross_profit": 1956306,
            "gross_margin": 31.66,
            "gross_margin_4q_avg": 27.94,
            "net_income": 303776,
            "revenue": 6179421,
            "common_shares": 4999172,
            "book_valuer_per_share": 19.51,
            "book_valuer_per_share_4q_avg": 19.41,
            "equity": 9752256,
            "current_ratio": 142.27,
            "debt_ratio": 59.34,
            "inventory_turnover_ratio": 1.06,
            "account_receivable_turnover_ratio": null,
            "reinvestment_rate": 39.44,
            "research_to_sale_ratio": null,
            "price_fair": 76.4,
            "eps_avg_yearly": 2.18,
            "eps_latest_yearly": 2.4,
            "eps_growth_yearly": 156.6
        },
        "20034": {
            "year_quarter": 20034,
            "year": 2003,
            "quarter": 4,
            "eps": 0.74,
            "eps_growth_year": 54.17,
            "eps_4q": 2.75,
            "eps_4q_growth_year": 66.73,
            "roe": 3.71,
            "roe_4q": 14.15,
            "gross_profit": 2070528,
            "gross_margin": 34.1,
            "gross_margin_4q_avg": 31.32,
            "net_income": 370224,
            "revenue": 6071478,
            "common_shares": 5137771,
            "book_valuer_per_share": 19.74,
            "book_valuer_per_share_4q_avg": 19.7,
            "equity": 10214693,
            "current_ratio": 145.88,
            "debt_ratio": 57.03,
            "inventory_turnover_ratio": 0.89,
            "account_receivable_turnover_ratio": null,
            "reinvestment_rate": 7.39,
            "research_to_sale_ratio": null,
            "price_fair": 79.8,
            "eps_avg_yearly": 2.28,
            "eps_latest_yearly": 2.96,
            "eps_growth_yearly": 148.69
        },
        "20041": {
            "year_quarter": 20041,
            "year": 2004,
            "quarter": 1,
            "eps": 2.45,
            "eps_growth_year": 202.47,
            "eps_4q": 4.22,
            "eps_4q_growth_year": 137.61,
            "roe": 11.83,
            "roe_4q": 21.88,
            "gross_profit": 2453476,
            "gross_margin": 31.4,
            "gross_margin_4q_avg": 31.39,
            "net_income": 1287527,
            "revenue": 7813667,
            "common_shares": 5210512,
            "book_valuer_per_share": 22.16,
            "book_valuer_per_share_4q_avg": 20.19,
            "equity": 11544096,
            "current_ratio": 156.97,
            "debt_ratio": 55.8,
            "inventory_turnover_ratio": 1.02,
            "account_receivable_turnover_ratio": null,
            "reinvestment_rate": 20.04,
            "research_to_sale_ratio": null,
            "price_fair": 109.04,
            "eps_avg_yearly": 3.12,
            "eps_latest_yearly": 9.8,
            "eps_growth_yearly": 234.87
        },
        "20042": {
            "year_quarter": 20042,
            "year": 2004,
            "quarter": 2,
            "eps": 0.7,
            "eps_growth_year": 11.11,
            "eps_4q": 3.62,
            "eps_4q_growth_year": 73.34,
            "roe": 3.71,
            "roe_4q": 22.41,
            "gross_profit": 2719894,
            "gross_margin": 35.52,
            "gross_margin_4q_avg": 33.17,
            "net_income": 442375,
            "revenue": 7656980,
            "common_shares": 5210511,
            "book_valuer_per_share": 21.06,
            "book_valuer_per_share_4q_avg": 20.62,
            "equity": 12303548,
            "current_ratio": 144.13,
            "debt_ratio": 55.37,
            "inventory_turnover_ratio": 0.86,
            "account_receivable_turnover_ratio": null,
            "reinvestment_rate": 20.23,
            "research_to_sale_ratio": null,
            "price_fair": 107.94,
            "eps_avg_yearly": 3.08,
            "eps_latest_yearly": 2.8,
            "eps_growth_yearly": 182.81
        },
        "20043": {
            "year_quarter": 20043,
            "year": 2004,
            "quarter": 3,
            "eps": 0.76,
            "eps_growth_year": 26.67,
            "eps_4q": 3.74,
            "eps_4q_growth_year": 51.35,
            "roe": 4,
            "roe_4q": 23.25,
            "gross_profit": 2645077,
            "gross_margin": 31.92,
            "gross_margin_4q_avg": 33.24,
            "net_income": 487866,
            "revenue": 8285625,
            "common_shares": 5508242,
            "book_valuer_per_share": 20.32,
            "book_valuer_per_share_4q_avg": 20.82,
            "equity": 12083753,
            "current_ratio": 143.2,
            "debt_ratio": 53.66,
            "inventory_turnover_ratio": 0.93,
            "account_receivable_turnover_ratio": null,
            "reinvestment_rate": 13.14,
            "research_to_sale_ratio": null,
            "price_fair": 107.8,
            "eps_avg_yearly": 3.08,
            "eps_latest_yearly": 3.04,
            "eps_growth_yearly": 169.31
        },
        "20044": {
            "year_quarter": 20044,
            "year": 2004,
            "quarter": 4,
            "eps": 1.05,
            "eps_growth_year": 41.89,
            "eps_4q": 4.56,
            "eps_4q_growth_year": 66.05,
            "roe": 4.71,
            "roe_4q": 24.25,
            "gross_profit": 2989266,
            "gross_margin": 35.21,
            "gross_margin_4q_avg": 33.51,
            "net_income": 598812,
            "revenue": 8488965,
            "common_shares": 5475211,
            "book_valuer_per_share": 21.3,
            "book_valuer_per_share_4q_avg": 21.21,
            "equity": 13349053,
            "current_ratio": 159.98,
            "debt_ratio": 48.41,
            "inventory_turnover_ratio": 0.91,
            "account_receivable_turnover_ratio": null,
            "reinvestment_rate": -8.77,
            "research_to_sale_ratio": null,
            "price_fair": 111.07,
            "eps_avg_yearly": 3.17,
            "eps_latest_yearly": 4.2,
            "eps_growth_yearly": 167.92
        },
        "20051": {
            "year_quarter": 20051,
            "year": 2005,
            "quarter": 1,
            "eps": 0.66,
            "eps_growth_year": -73.06,
            "eps_4q": 2.75,
            "eps_4q_growth_year": -34.77,
            "roe": 3.01,
            "roe_4q": 15.43,
            "gross_profit": 2676151,
            "gross_margin": 31.28,
            "gross_margin_4q_avg": 33.48,
            "net_income": 410104,
            "revenue": 8556587,
            "common_shares": 5486926,
            "book_valuer_per_share": 21.91,
            "book_valuer_per_share_4q_avg": 21.15,
            "equity": 13857336,
            "current_ratio": 169.96,
            "debt_ratio": 45.73,
            "inventory_turnover_ratio": 1.02,
            "account_receivable_turnover_ratio": null,
            "reinvestment_rate": 3.66,
            "research_to_sale_ratio": null,
            "price_fair": 109.63,
            "eps_avg_yearly": 3.13,
            "eps_latest_yearly": 2.64,
            "eps_growth_yearly": 143.58
        },
        "20052": {
            "year_quarter": 20052,
            "year": 2005,
            "quarter": 2,
            "eps": 0.42,
            "eps_growth_year": -40,
            "eps_4q": 1.97,
            "eps_4q_growth_year": -45.55,
            "roe": 2.53,
            "roe_4q": 14.25,
            "gross_profit": 2565429,
            "gross_margin": 31.6,
            "gross_margin_4q_avg": 32.5,
            "net_income": 335831,
            "revenue": 8118292,
            "common_shares": 5486926,
            "book_valuer_per_share": 20.04,
            "book_valuer_per_share_4q_avg": 20.89,
            "equity": 12729089,
            "current_ratio": 158.71,
            "debt_ratio": 47.62,
            "inventory_turnover_ratio": 0.97,
            "account_receivable_turnover_ratio": null,
            "reinvestment_rate": 3.62,
            "research_to_sale_ratio": null,
            "price_fair": 106,
            "eps_avg_yearly": 3.03,
            "eps_latest_yearly": 1.68,
            "eps_growth_yearly": 122.93
        },
        "20053": {
            "year_quarter": 20053,
            "year": 2005,
            "quarter": 3,
            "eps": 1.14,
            "eps_growth_year": 50,
            "eps_4q": 2.5,
            "eps_4q_growth_year": -33.18,
            "roe": 6.33,
            "roe_4q": 16.58,
            "gross_profit": 3031863,
            "gross_margin": 30.79,
            "gross_margin_4q_avg": 32.22,
            "net_income": 842889,
            "revenue": 9846005,
            "common_shares": 6091618,
            "book_valuer_per_share": 19.49,
            "book_valuer_per_share_4q_avg": 20.69,
            "equity": 13886774,
            "current_ratio": 171.06,
            "debt_ratio": 45.55,
            "inventory_turnover_ratio": 1.03,
            "account_receivable_turnover_ratio": null,
            "reinvestment_rate": -6.43,
            "research_to_sale_ratio": null,
            "price_fair": 109.57,
            "eps_avg_yearly": 3.13,
            "eps_latest_yearly": 4.56,
            "eps_growth_yearly": 160.45
        },
        "20054": {
            "year_quarter": 20054,
            "year": 2005,
            "quarter": 4,
            "eps": 0.59,
            "eps_growth_year": -43.81,
            "eps_4q": 2.25,
            "eps_4q_growth_year": -50.71,
            "roe": 3.07,
            "roe_4q": 14.94,
            "gross_profit": 3057529,
            "gross_margin": 31.01,
            "gross_margin_4q_avg": 31.17,
            "net_income": 429330,
            "revenue": 9860105,
            "common_shares": 6091618,
            "book_valuer_per_share": 19.88,
            "book_valuer_per_share_4q_avg": 20.33,
            "equity": 14067452,
            "current_ratio": 181.34,
            "debt_ratio": 41.72,
            "inventory_turnover_ratio": 0.97,
            "account_receivable_turnover_ratio": null,
            "reinvestment_rate": 7.73,
            "research_to_sale_ratio": null,
            "price_fair": 107.89,
            "eps_avg_yearly": 3.08,
            "eps_latest_yearly": 2.36,
            "eps_growth_yearly": 138.36
        },
        "20061": {
            "year_quarter": 20061,
            "year": 2006,
            "quarter": 1,
            "eps": 0.99,
            "eps_growth_year": 50,
            "eps_4q": 2.65,
            "eps_4q_growth_year": -3.76,
            "roe": 4.77,
            "roe_4q": 16.7,
            "gross_profit": 3112088,
            "gross_margin": 32.61,
            "gross_margin_4q_avg": 31.5,
            "net_income": 699010,
            "revenue": 9543148,
            "common_shares": 6091618,
            "book_valuer_per_share": 21.25,
            "book_valuer_per_share_4q_avg": 20.17,
            "equity": 15237537,
            "current_ratio": 203.52,
            "debt_ratio": 43.29,
            "inventory_turnover_ratio": 0.91,
            "account_receivable_turnover_ratio": null,
            "reinvestment_rate": 7.86,
            "research_to_sale_ratio": null,
            "price_fair": 109.11,
            "eps_avg_yearly": 3.12,
            "eps_latest_yearly": 3.96,
            "eps_growth_yearly": 134.11
        },
        "20062": {
            "year_quarter": 20062,
            "year": 2006,
            "quarter": 2,
            "eps": 0.6,
            "eps_growth_year": 42.86,
            "eps_4q": 2.62,
            "eps_4q_growth_year": 32.98,
            "roe": 3.08,
            "roe_4q": 17.25,
            "gross_profit": 2933039,
            "gross_margin": 30.46,
            "gross_margin_4q_avg": 31.22,
            "net_income": 462165,
            "revenue": 9630622,
            "common_shares": 6091618,
            "book_valuer_per_share": 20.57,
            "book_valuer_per_share_4q_avg": 20.3,
            "equity": 14818740,
            "current_ratio": 181.88,
            "debt_ratio": 47.96,
            "inventory_turnover_ratio": 0.93,
            "account_receivable_turnover_ratio": null,
            "reinvestment_rate": 8.72,
            "research_to_sale_ratio": null,
            "price_fair": 111.56,
            "eps_avg_yearly": 3.19,
            "eps_latest_yearly": 2.4,
            "eps_growth_yearly": 139.85
        },
        "20063": {
            "year_quarter": 20063,
            "year": 2006,
            "quarter": 3,
            "eps": 1.08,
            "eps_growth_year": -5.26,
            "eps_4q": 2.6,
            "eps_4q_growth_year": 3.99,
            "roe": 5.58,
            "roe_4q": 16.5,
            "gross_profit": 3474483,
            "gross_margin": 31,
            "gross_margin_4q_avg": 31.27,
            "net_income": 853331,
            "revenue": 11209764,
            "common_shares": 6753780,
            "book_valuer_per_share": 19.7,
            "book_valuer_per_share_4q_avg": 20.35,
            "equity": 15778585,
            "current_ratio": 197.44,
            "debt_ratio": 46.6,
            "inventory_turnover_ratio": 1.03,
            "account_receivable_turnover_ratio": null,
            "reinvestment_rate": 10.46,
            "research_to_sale_ratio": null,
            "price_fair": 119.88,
            "eps_avg_yearly": 3.43,
            "eps_latest_yearly": 4.32,
            "eps_growth_yearly": 174.7
        },
        "20064": {
            "year_quarter": 20064,
            "year": 2006,
            "quarter": 4,
            "eps": 1.23,
            "eps_growth_year": 108.47,
            "eps_4q": 3.05,
            "eps_4q_growth_year": 35.71,
            "roe": 6.06,
            "roe_4q": 19.490000000000002,
            "gross_profit": 4056761,
            "gross_margin": 35.98,
            "gross_margin_4q_avg": 32.51,
            "net_income": 1016069,
            "revenue": 11274992,
            "common_shares": 6633780,
            "book_valuer_per_share": 22.11,
            "book_valuer_per_share_4q_avg": 20.91,
            "equity": 17736846,
            "current_ratio": 212.14,
            "debt_ratio": 41.4,
            "inventory_turnover_ratio": 0.94,
            "account_receivable_turnover_ratio": null,
            "reinvestment_rate": 9.19,
            "research_to_sale_ratio": null,
            "price_fair": 126.44,
            "eps_avg_yearly": 3.61,
            "eps_latest_yearly": 4.92,
            "eps_growth_yearly": 110.86
        },
        "20071": {
            "year_quarter": 20071,
            "year": 2007,
            "quarter": 1,
            "eps": 1.75,
            "eps_growth_year": 76.77,
            "eps_4q": 4.18,
            "eps_4q_growth_year": 57.72,
            "roe": 6.86,
            "roe_4q": 21.58,
            "gross_profit": 3607841,
            "gross_margin": 34.51,
            "gross_margin_4q_avg": 32.99,
            "net_income": 1294889,
            "revenue": 10455799,
            "common_shares": 6633780,
            "book_valuer_per_share": 24.39,
            "book_valuer_per_share_4q_avg": 21.69,
            "equity": 20034094,
            "current_ratio": 229.54,
            "debt_ratio": 39.1,
            "inventory_turnover_ratio": 0.89,
            "account_receivable_turnover_ratio": null,
            "reinvestment_rate": 8.09,
            "research_to_sale_ratio": null,
            "price_fair": 134.66,
            "eps_avg_yearly": 3.85,
            "eps_latest_yearly": 7,
            "eps_growth_yearly": 104.24
        },
        "20072": {
            "year_quarter": 20072,
            "year": 2007,
            "quarter": 2,
            "eps": 1.12,
            "eps_growth_year": 86.67,
            "eps_4q": 5.03,
            "eps_4q_growth_year": 91.59,
            "roe": 4.24,
            "roe_4q": 22.740000000000002,
            "gross_profit": 2772046,
            "gross_margin": 35.3,
            "gross_margin_4q_avg": 34.2,
            "net_income": 771341,
            "revenue": 7852571,
            "common_shares": 6633780,
            "book_valuer_per_share": 24.38,
            "book_valuer_per_share_4q_avg": 22.65,
            "equity": 16336389,
            "current_ratio": 180.31,
            "debt_ratio": 40.79,
            "inventory_turnover_ratio": 0.72,
            "account_receivable_turnover_ratio": null,
            "reinvestment_rate": -11.34,
            "research_to_sale_ratio": null,
            "price_fair": 138.95,
            "eps_avg_yearly": 3.97,
            "eps_latest_yearly": 4.48,
            "eps_growth_yearly": 100.8
        },
        "20073": {
            "year_quarter": 20073,
            "year": 2007,
            "quarter": 3,
            "eps": 1.17,
            "eps_growth_year": 8.33,
            "eps_4q": 5.19,
            "eps_4q_growth_year": 99.45,
            "roe": 4.86,
            "roe_4q": 22.02,
            "gross_profit": 690592,
            "gross_margin": 58.81,
            "gross_margin_4q_avg": 41.15,
            "net_income": 800819,
            "revenue": 1174331,
            "common_shares": 6838456,
            "book_valuer_per_share": 24.26,
            "book_valuer_per_share_4q_avg": 23.79,
            "equity": 16590613,
            "current_ratio": 145.56,
            "debt_ratio": 12.04,
            "inventory_turnover_ratio": 0.16,
            "account_receivable_turnover_ratio": null,
            "reinvestment_rate": -12.39,
            "research_to_sale_ratio": null,
            "price_fair": 143.94,
            "eps_avg_yearly": 4.11,
            "eps_latest_yearly": 4.68,
            "eps_growth_yearly": 103.11
        },
        "20074": {
            "year_quarter": 20074,
            "year": 2007,
            "quarter": 4,
            "eps": 0.92,
            "eps_growth_year": -25.2,
            "eps_4q": 5.03,
            "eps_4q_growth_year": 65,
            "roe": 3.81,
            "roe_4q": 19.77,
            "gross_profit": 533877,
            "gross_margin": 60.19,
            "gross_margin_4q_avg": 47.2,
            "net_income": 610271,
            "revenue": 886997,
            "common_shares": 5470765,
            "book_valuer_per_share": 28.23,
            "book_valuer_per_share_4q_avg": 25.32,
            "equity": 15469494,
            "current_ratio": 169.17,
            "debt_ratio": 44.2,
            "inventory_turnover_ratio": 0.1,
            "account_receivable_turnover_ratio": null,
            "reinvestment_rate": -11.78,
            "research_to_sale_ratio": null,
            "price_fair": 145.51,
            "eps_avg_yearly": 4.16,
            "eps_latest_yearly": 3.68,
            "eps_growth_yearly": 91.93
        },
        "20081": {
            "year_quarter": 20081,
            "year": 2008,
            "quarter": 1,
            "eps": 0.68,
            "eps_growth_year": -61.14,
            "eps_4q": 4.68,
            "eps_4q_growth_year": 11.88,
            "roe": 2.42,
            "roe_4q": 15.33,
            "gross_profit": 2716087,
            "gross_margin": 31.98,
            "gross_margin_4q_avg": 46.57,
            "net_income": 370643,
            "revenue": 8492606,
            "common_shares": 5470765,
            "book_valuer_per_share": 27.61,
            "book_valuer_per_share_4q_avg": 26.12,
            "equity": 15128251,
            "current_ratio": 195.69,
            "debt_ratio": 36.4,
            "inventory_turnover_ratio": 0.98,
            "account_receivable_turnover_ratio": null,
            "reinvestment_rate": -12.68,
            "research_to_sale_ratio": null,
            "price_fair": 130.03,
            "eps_avg_yearly": 3.72,
            "eps_latest_yearly": 2.72,
            "eps_growth_yearly": 27.64
        },
        "20082": {
            "year_quarter": 20082,
            "year": 2008,
            "quarter": 2,
            "eps": 0.6,
            "eps_growth_year": -46.43,
            "eps_4q": 3.75,
            "eps_4q_growth_year": -25.47,
            "roe": 2.35,
            "roe_4q": 13.440000000000001,
            "gross_profit": 2768755,
            "gross_margin": 32.55,
            "gross_margin_4q_avg": 45.88,
            "net_income": 339752,
            "revenue": 8507278,
            "common_shares": 5470765,
            "book_valuer_per_share": 25.06,
            "book_valuer_per_share_4q_avg": 26.29,
            "equity": 13745634,
            "current_ratio": 161.92,
            "debt_ratio": 46.07,
            "inventory_turnover_ratio": 1.12,
            "account_receivable_turnover_ratio": null,
            "reinvestment_rate": -14.78,
            "research_to_sale_ratio": null,
            "price_fair": 129.15,
            "eps_avg_yearly": 3.69,
            "eps_latest_yearly": 2.4,
            "eps_growth_yearly": 42.55
        },
        "20083": {
            "year_quarter": 20083,
            "year": 2008,
            "quarter": 3,
            "eps": 0.81,
            "eps_growth_year": -30.77,
            "eps_4q": 3.15,
            "eps_4q_growth_year": -39.3,
            "roe": 3.32,
            "roe_4q": 11.9,
            "gross_profit": 2731269,
            "gross_margin": 31.66,
            "gross_margin_4q_avg": 39.1,
            "net_income": 457762,
            "revenue": 8627669,
            "common_shares": 5652180,
            "book_valuer_per_share": 24.4,
            "book_valuer_per_share_4q_avg": 26.33,
            "equity": 13831102,
            "current_ratio": 158.46,
            "debt_ratio": 48.7,
            "inventory_turnover_ratio": 0.9,
            "account_receivable_turnover_ratio": null,
            "reinvestment_rate": -13.04,
            "research_to_sale_ratio": null,
            "price_fair": 129.59,
            "eps_avg_yearly": 3.7,
            "eps_latest_yearly": 3.24,
            "eps_growth_yearly": 49.16
        },
        "20084": {
            "year_quarter": 20084,
            "year": 2008,
            "quarter": 4,
            "eps": 0.06,
            "eps_growth_year": -93.48,
            "eps_4q": 2.21,
            "eps_4q_growth_year": -56.04,
            "roe": 0.24,
            "roe_4q": 8.33,
            "gross_profit": 2053454,
            "gross_margin": 27.67,
            "gross_margin_4q_avg": 30.97,
            "net_income": 32546,
            "revenue": 7422140,
            "common_shares": 5652180,
            "book_valuer_per_share": 24.17,
            "book_valuer_per_share_4q_avg": 25.31,
            "equity": 13699547,
            "current_ratio": 191.32,
            "debt_ratio": 43.68,
            "inventory_turnover_ratio": 0.7,
            "account_receivable_turnover_ratio": 2.5,
            "reinvestment_rate": -9.95,
            "research_to_sale_ratio": null,
            "price_fair": 91.47,
            "eps_avg_yearly": 3.46,
            "eps_latest_yearly": 0.24,
            "eps_growth_yearly": 16.47
        },
        "20091": {
            "year_quarter": 20091,
            "year": 2009,
            "quarter": 1,
            "eps": -0.57,
            "eps_growth_year": -183.82,
            "eps_4q": 0.89,
            "eps_4q_growth_year": -80.89,
            "roe": -2.39,
            "roe_4q": 3.5199999999999996,
            "gross_profit": 1671275,
            "gross_margin": 24.56,
            "gross_margin_4q_avg": 29.11,
            "net_income": -327748,
            "revenue": 6805106,
            "common_shares": 5652180,
            "book_valuer_per_share": 24.13,
            "book_valuer_per_share_4q_avg": 24.44,
            "equity": 13677554,
            "current_ratio": 202.12,
            "debt_ratio": 38.07,
            "inventory_turnover_ratio": 0.8,
            "account_receivable_turnover_ratio": 1.15,
            "reinvestment_rate": -10.79,
            "research_to_sale_ratio": null,
            "price_fair": 122.83,
            "eps_avg_yearly": 3.51,
            "eps_latest_yearly": 0.24,
            "eps_growth_yearly": 27.48
        },
        "20092": {
            "year_quarter": 20092,
            "year": 2009,
            "quarter": 2,
            "eps": 0.39,
            "eps_growth_year": -35,
            "eps_4q": 0.7,
            "eps_4q_growth_year": -81.36,
            "roe": 1.56,
            "roe_4q": 2.7299999999999995,
            "gross_profit": 2358705,
            "gross_margin": 33.57,
            "gross_margin_4q_avg": 29.37,
            "net_income": 214585,
            "revenue": 7025226,
            "common_shares": 5652180,
            "book_valuer_per_share": 24.27,
            "book_valuer_per_share_4q_avg": 24.24,
            "equity": 13752849,
            "current_ratio": 183.92,
            "debt_ratio": 41.26,
            "inventory_turnover_ratio": 0.85,
            "account_receivable_turnover_ratio": 1.19,
            "reinvestment_rate": -11.15,
            "research_to_sale_ratio": null,
            "price_fair": 127.4,
            "eps_avg_yearly": 3.64,
            "eps_latest_yearly": 0.24,
            "eps_growth_yearly": 39.83
        },
        "20093": {
            "year_quarter": 20093,
            "year": 2009,
            "quarter": 3,
            "eps": 0.4,
            "eps_growth_year": -50.62,
            "eps_4q": 0.28,
            "eps_4q_growth_year": -91.17,
            "roe": 1.9,
            "roe_4q": 1.3099999999999998,
            "gross_profit": 2572313,
            "gross_margin": 30.87,
            "gross_margin_4q_avg": 29.17,
            "net_income": 267356,
            "revenue": 8333784,
            "common_shares": 6475803,
            "book_valuer_per_share": 21.81,
            "book_valuer_per_share_4q_avg": 23.6,
            "equity": 14336152,
            "current_ratio": 189.26,
            "debt_ratio": 40.8,
            "inventory_turnover_ratio": 1.06,
            "account_receivable_turnover_ratio": 1.35,
            "reinvestment_rate": -12.53,
            "research_to_sale_ratio": null,
            "price_fair": 10.29,
            "eps_avg_yearly": 3.43,
            "eps_latest_yearly": 1.6,
            "eps_growth_yearly": -8.42
        },
        "20094": {
            "year_quarter": 20094,
            "year": 2009,
            "quarter": 4,
            "eps": 0.55,
            "eps_growth_year": 816.67,
            "eps_4q": 0.79,
            "eps_4q_growth_year": -64.3,
            "roe": 2.57,
            "roe_4q": 3.6399999999999992,
            "gross_profit": 3014586,
            "gross_margin": 34.05,
            "gross_margin_4q_avg": 30.76,
            "net_income": 376696,
            "revenue": 8852235,
            "common_shares": 6475803,
            "book_valuer_per_share": 22.8,
            "book_valuer_per_share_4q_avg": 23.25,
            "equity": 15001734,
            "current_ratio": 189.76,
            "debt_ratio": 40.87,
            "inventory_turnover_ratio": 1.17,
            "account_receivable_turnover_ratio": 2.81,
            "reinvestment_rate": 41.37,
            "research_to_sale_ratio": null,
            "price_fair": 89.12,
            "eps_avg_yearly": 3.42,
            "eps_latest_yearly": 2.2,
            "eps_growth_yearly": 16.08
        },
        "20101": {
            "year_quarter": 20101,
            "year": 2010,
            "quarter": 1,
            "eps": 0.39,
            "eps_growth_year": null,
            "eps_4q": 1.69,
            "eps_4q_growth_year": 88.66,
            "roe": 1.75,
            "roe_4q": 7.780000000000001,
            "gross_profit": 2678610,
            "gross_margin": 33.87,
            "gross_margin_4q_avg": 33.09,
            "net_income": 263890,
            "revenue": 7907634,
            "common_shares": 6475803,
            "book_valuer_per_share": 23.1,
            "book_valuer_per_share_4q_avg": 23,
            "equity": 15210850,
            "current_ratio": 216.48,
            "debt_ratio": 41.89,
            "inventory_turnover_ratio": 1.13,
            "account_receivable_turnover_ratio": 1.32,
            "reinvestment_rate": 44.93,
            "research_to_sale_ratio": 2.58,
            "price_fair": 9.74,
            "eps_avg_yearly": 3.25,
            "eps_latest_yearly": 1.56,
            "eps_growth_yearly": -11.6
        },
        "20102": {
            "year_quarter": 20102,
            "year": 2010,
            "quarter": 2,
            "eps": 0.38,
            "eps_growth_year": -3.13,
            "eps_4q": 1.73,
            "eps_4q_growth_year": 147.16,
            "roe": 1.58,
            "roe_4q": 7.800000000000001,
            "gross_profit": 2529892,
            "gross_margin": 30.79,
            "gross_margin_4q_avg": 32.4,
            "net_income": 237061,
            "revenue": 8216855,
            "common_shares": 6475803,
            "book_valuer_per_share": 22.42,
            "book_valuer_per_share_4q_avg": 22.53,
            "equity": 14747989,
            "current_ratio": 187.54,
            "debt_ratio": 48.17,
            "inventory_turnover_ratio": 1.09,
            "account_receivable_turnover_ratio": 1.41,
            "reinvestment_rate": 41.22,
            "research_to_sale_ratio": 2.57,
            "price_fair": 9.55,
            "eps_avg_yearly": 3.18,
            "eps_latest_yearly": 1.52,
            "eps_growth_yearly": -1.08
        },
        "20103": {
            "year_quarter": 20103,
            "year": 2010,
            "quarter": 3,
            "eps": 0.53,
            "eps_growth_year": 32.35,
            "eps_4q": 1.85,
            "eps_4q_growth_year": 567.24,
            "roe": 2.32,
            "roe_4q": 8.22,
            "gross_profit": 2660926,
            "gross_margin": 30.98,
            "gross_margin_4q_avg": 32.42,
            "net_income": 346987,
            "revenue": 8588703,
            "common_shares": 6475803,
            "book_valuer_per_share": 23.03,
            "book_valuer_per_share_4q_avg": 22.84,
            "equity": 15150970,
            "current_ratio": 190.32,
            "debt_ratio": 47.04,
            "inventory_turnover_ratio": 0.91,
            "account_receivable_turnover_ratio": 1.41,
            "reinvestment_rate": 46.51,
            "research_to_sale_ratio": 2.29,
            "price_fair": 9.08,
            "eps_avg_yearly": 3.03,
            "eps_latest_yearly": 2.12,
            "eps_growth_yearly": -12.66
        },
        "20104": {
            "year_quarter": 20104,
            "year": 2010,
            "quarter": 4,
            "eps": 0.58,
            "eps_growth_year": 6.33,
            "eps_4q": 1.89,
            "eps_4q_growth_year": 138.79,
            "roe": 2.58,
            "roe_4q": 8.23,
            "gross_profit": 2710214,
            "gross_margin": 29.64,
            "gross_margin_4q_avg": 31.32,
            "net_income": 386255,
            "revenue": 9143908,
            "common_shares": 6475803,
            "book_valuer_per_share": 22.44,
            "book_valuer_per_share_4q_avg": 22.75,
            "equity": 14753428,
            "current_ratio": 212.68,
            "debt_ratio": 42.49,
            "inventory_turnover_ratio": 1.02,
            "account_receivable_turnover_ratio": 1.54,
            "reinvestment_rate": 48.31,
            "research_to_sale_ratio": 2.26,
            "price_fair": 8.52,
            "eps_avg_yearly": 2.84,
            "eps_latest_yearly": 2.32,
            "eps_growth_yearly": -13.93
        },
        "20111": {
            "year_quarter": 20111,
            "year": 2011,
            "quarter": 1,
            "eps": 0.38,
            "eps_growth_year": -2.56,
            "eps_4q": 1.88,
            "eps_4q_growth_year": 11.29,
            "roe": 1.65,
            "roe_4q": 8.13,
            "gross_profit": 2549445,
            "gross_margin": 32.68,
            "gross_margin_4q_avg": 31.02,
            "net_income": 246333,
            "revenue": 7801894,
            "common_shares": 6475803,
            "book_valuer_per_share": 22.92,
            "book_valuer_per_share_4q_avg": 22.7,
            "equity": 15060825,
            "current_ratio": 218.75,
            "debt_ratio": 41.77,
            "inventory_turnover_ratio": 0.96,
            "account_receivable_turnover_ratio": 1.36,
            "reinvestment_rate": 58.54,
            "research_to_sale_ratio": 2.68,
            "price_fair": 7.35,
            "eps_avg_yearly": 2.45,
            "eps_latest_yearly": 1.52,
            "eps_growth_yearly": -35.86
        },
        "20112": {
            "year_quarter": 20112,
            "year": 2011,
            "quarter": 2,
            "eps": 0.44,
            "eps_growth_year": 15.29,
            "eps_4q": 1.96,
            "eps_4q_growth_year": 13.65,
            "roe": 1.87,
            "roe_4q": 8.42,
            "gross_profit": 2651125,
            "gross_margin": 33.05,
            "gross_margin_4q_avg": 31.59,
            "net_income": 272565,
            "revenue": 8020862,
            "common_shares": 6475803,
            "book_valuer_per_share": 21.75,
            "book_valuer_per_share_4q_avg": 22.54,
            "equity": 14048738,
            "current_ratio": 157.94,
            "debt_ratio": 48.6,
            "inventory_turnover_ratio": 0.93,
            "account_receivable_turnover_ratio": 1.37,
            "reinvestment_rate": 99.55,
            "research_to_sale_ratio": 2.71,
            "price_fair": 6.76,
            "eps_avg_yearly": 2.25,
            "eps_latest_yearly": 1.76,
            "eps_growth_yearly": -21.06
        },
        "20113": {
            "year_quarter": 20113,
            "year": 2011,
            "quarter": 3,
            "eps": 0.36,
            "eps_growth_year": -32.78,
            "eps_4q": 1.75,
            "eps_4q_growth_year": -5.55,
            "roe": 1.63,
            "roe_4q": 7.73,
            "gross_profit": 2691164,
            "gross_margin": 31.47,
            "gross_margin_4q_avg": 31.71,
            "net_income": 232062,
            "revenue": 8550836,
            "common_shares": 6475803,
            "book_valuer_per_share": 21.96,
            "book_valuer_per_share_4q_avg": 22.27,
            "equity": 14436596,
            "current_ratio": 162.76,
            "debt_ratio": 47.5,
            "inventory_turnover_ratio": 0.88,
            "account_receivable_turnover_ratio": 1.39,
            "reinvestment_rate": 117.28,
            "research_to_sale_ratio": 2.47,
            "price_fair": 6.07,
            "eps_avg_yearly": 2.02,
            "eps_latest_yearly": 1.44,
            "eps_growth_yearly": -27.53
        },
        "20114": {
            "year_quarter": 20114,
            "year": 2011,
            "quarter": 4,
            "eps": 0.34,
            "eps_growth_year": -42.18,
            "eps_4q": 1.53,
            "eps_4q_growth_year": -19.07,
            "roe": 1.57,
            "roe_4q": 6.720000000000001,
            "gross_profit": 2441489,
            "gross_margin": 30.02,
            "gross_margin_4q_avg": 31.81,
            "net_income": 225905,
            "revenue": 8132156,
            "common_shares": 6475803,
            "book_valuer_per_share": 22.37,
            "book_valuer_per_share_4q_avg": 22.25,
            "equity": 14428365,
            "current_ratio": 166.41,
            "debt_ratio": 46,
            "inventory_turnover_ratio": 0.78,
            "account_receivable_turnover_ratio": 1.38,
            "reinvestment_rate": 125.85,
            "research_to_sale_ratio": 2.52,
            "price_fair": 5.57,
            "eps_avg_yearly": 1.86,
            "eps_latest_yearly": 1.36,
            "eps_growth_yearly": -23.02
        },
        "20121": {
            "year_quarter": 20121,
            "year": 2012,
            "quarter": 1,
            "eps": 0.37,
            "eps_growth_year": -2.63,
            "eps_4q": 1.51,
            "eps_4q_growth_year": -19.63,
            "roe": 1.66,
            "roe_4q": 6.7299999999999995,
            "gross_profit": 2445414,
            "gross_margin": 29.74,
            "gross_margin_4q_avg": 31.07,
            "net_income": 241368,
            "revenue": 8223264,
            "common_shares": 6475803,
            "book_valuer_per_share": 22.61,
            "book_valuer_per_share_4q_avg": 22.17,
            "equity": 14591340,
            "current_ratio": 178.18,
            "debt_ratio": 42.57,
            "inventory_turnover_ratio": 0.79,
            "account_receivable_turnover_ratio": 1.39,
            "reinvestment_rate": 133.44,
            "research_to_sale_ratio": 2.66,
            "price_fair": 5.31,
            "eps_avg_yearly": 1.77,
            "eps_latest_yearly": 1.48,
            "eps_growth_yearly": -13.04
        },
        "20122": {
            "year_quarter": 20122,
            "year": 2012,
            "quarter": 2,
            "eps": -0.01,
            "eps_growth_year": -102.5,
            "eps_4q": 1.06,
            "eps_4q_growth_year": -45.88,
            "roe": -0.01,
            "roe_4q": 4.85,
            "gross_profit": 2057543,
            "gross_margin": 26.65,
            "gross_margin_4q_avg": 29.47,
            "net_income": -1571,
            "revenue": 7720235,
            "common_shares": 6475803,
            "book_valuer_per_share": 21.23,
            "book_valuer_per_share_4q_avg": 22.04,
            "equity": 13698180,
            "current_ratio": 171.19,
            "debt_ratio": 44.7,
            "inventory_turnover_ratio": 0.77,
            "account_receivable_turnover_ratio": 1.27,
            "reinvestment_rate": 135.92,
            "research_to_sale_ratio": 2.73,
            "price_fair": 5.16,
            "eps_avg_yearly": 1.72,
            "eps_latest_yearly": 1.48,
            "eps_growth_yearly": -10.43
        },
        "20123": {
            "year_quarter": 20123,
            "year": 2012,
            "quarter": 3,
            "eps": 0.45,
            "eps_growth_year": 27.69,
            "eps_4q": 1.16,
            "eps_4q_growth_year": -34.04,
            "roe": 2.12,
            "roe_4q": 5.340000000000001,
            "gross_profit": 2469863,
            "gross_margin": 29.52,
            "gross_margin_4q_avg": 28.98,
            "net_income": 292074,
            "revenue": 8367047,
            "common_shares": 6475803,
            "book_valuer_per_share": 21.53,
            "book_valuer_per_share_4q_avg": 21.94,
            "equity": 13858184,
            "current_ratio": 178.27,
            "debt_ratio": 42.34,
            "inventory_turnover_ratio": 0.81,
            "account_receivable_turnover_ratio": 1.4,
            "reinvestment_rate": 145.8,
            "research_to_sale_ratio": 2.64,
            "price_fair": 4.78,
            "eps_avg_yearly": 1.59,
            "eps_latest_yearly": 1.48,
            "eps_growth_yearly": -22.96
        },
        "20124": {
            "year_quarter": 20124,
            "year": 2012,
            "quarter": 4,
            "eps": 0.42,
            "eps_growth_year": 24.13,
            "eps_4q": 1.25,
            "eps_4q_growth_year": -18.2,
            "roe": 1.96,
            "roe_4q": 5.73,
            "gross_profit": 2508896,
            "gross_margin": 30.76,
            "gross_margin_4q_avg": 29.17,
            "net_income": 272016,
            "revenue": 8156404,
            "common_shares": 6475803,
            "book_valuer_per_share": 21.89,
            "book_valuer_per_share_4q_avg": 21.82,
            "equity": 13873024,
            "current_ratio": 195.53,
            "debt_ratio": 43.4,
            "inventory_turnover_ratio": 0.83,
            "account_receivable_turnover_ratio": 1.35,
            "reinvestment_rate": 137.23,
            "research_to_sale_ratio": 3.2,
            "price_fair": 26.87,
            "eps_avg_yearly": 1.71,
            "eps_latest_yearly": 1.68,
            "eps_growth_yearly": 5.68
        },
        "20131": {
            "year_quarter": 20131,
            "year": 2013,
            "quarter": 1,
            "eps": 0.2,
            "eps_growth_year": -45.95,
            "eps_4q": 1.09,
            "eps_4q_growth_year": -27.4,
            "roe": 0.95,
            "roe_4q": 5.0200000000000005,
            "gross_profit": 1964853,
            "gross_margin": 27.2,
            "gross_margin_4q_avg": 28.53,
            "net_income": 130995,
            "revenue": 7223005,
            "common_shares": 6475803,
            "book_valuer_per_share": 22.27,
            "book_valuer_per_share_4q_avg": 21.73,
            "equity": 13811790,
            "current_ratio": 202.72,
            "debt_ratio": 43.15,
            "inventory_turnover_ratio": 0.85,
            "account_receivable_turnover_ratio": 1.21,
            "reinvestment_rate": 124,
            "research_to_sale_ratio": 2.98,
            "price_fair": 4.93,
            "eps_avg_yearly": 1.64,
            "eps_latest_yearly": 0.8,
            "eps_growth_yearly": -10.87
        },
        "20132": {
            "year_quarter": 20132,
            "year": 2013,
            "quarter": 2,
            "eps": -0.18,
            "eps_growth_year": null,
            "eps_4q": 0.92,
            "eps_4q_growth_year": -12.88,
            "roe": -0.77,
            "roe_4q": 4.26,
            "gross_profit": 1841102,
            "gross_margin": 25.49,
            "gross_margin_4q_avg": 28.24,
            "net_income": -103684,
            "revenue": 7224029,
            "common_shares": 6475803,
            "book_valuer_per_share": 20.97,
            "book_valuer_per_share_4q_avg": 21.67,
            "equity": 13008827,
            "current_ratio": 176.17,
            "debt_ratio": 49.55,
            "inventory_turnover_ratio": 0.86,
            "account_receivable_turnover_ratio": 1.15,
            "reinvestment_rate": 129.86,
            "research_to_sale_ratio": 3.14,
            "price_fair": 4.93,
            "eps_avg_yearly": 1.64,
            "eps_latest_yearly": 0.8,
            "eps_growth_yearly": -10.87
        },
        "20133": {
            "year_quarter": 20133,
            "year": 2013,
            "quarter": 3,
            "eps": 0.55,
            "eps_growth_year": 21.04,
            "eps_4q": 1,
            "eps_4q_growth_year": -13.49,
            "roe": 2.56,
            "roe_4q": 4.7,
            "gross_profit": 2250550,
            "gross_margin": 27.58,
            "gross_margin_4q_avg": 27.76,
            "net_income": 334779,
            "revenue": 8158705,
            "common_shares": 6475803,
            "book_valuer_per_share": 21.27,
            "book_valuer_per_share_4q_avg": 21.6,
            "equity": 13182216,
            "current_ratio": 182.62,
            "debt_ratio": 48.65,
            "inventory_turnover_ratio": 0.9,
            "account_receivable_turnover_ratio": 1.23,
            "reinvestment_rate": 125.11,
            "research_to_sale_ratio": 2.92,
            "price_fair": 4.94,
            "eps_avg_yearly": 1.65,
            "eps_latest_yearly": 0.8,
            "eps_growth_yearly": -12.63
        },
        "20134": {
            "year_quarter": 20134,
            "year": 2013,
            "quarter": 4,
            "eps": 0.49,
            "eps_growth_year": 17.84,
            "eps_4q": 1.06,
            "eps_4q_growth_year": -14.81,
            "roe": 2.35,
            "roe_4q": 5.090000000000001,
            "gross_profit": 2011277,
            "gross_margin": 25.29,
            "gross_margin_4q_avg": 26.39,
            "net_income": 314190,
            "revenue": 7952735,
            "common_shares": 6475803,
            "book_valuer_per_share": 21.93,
            "book_valuer_per_share_4q_avg": 21.61,
            "equity": 13596350,
            "current_ratio": 188.26,
            "debt_ratio": 44.41,
            "inventory_turnover_ratio": 0.94,
            "account_receivable_turnover_ratio": 1.17,
            "reinvestment_rate": -25.24,
            "research_to_sale_ratio": 3.4,
            "price_fair": 4.88,
            "eps_avg_yearly": 1.63,
            "eps_latest_yearly": 1.96,
            "eps_growth_yearly": -28.77
        },
        "20141": {
            "year_quarter": 20141,
            "year": 2014,
            "quarter": 1,
            "eps": 0.13,
            "eps_growth_year": -35,
            "eps_4q": 0.99,
            "eps_4q_growth_year": -9.28,
            "roe": 0.62,
            "roe_4q": 4.76,
            "gross_profit": 2022553,
            "gross_margin": 28.16,
            "gross_margin_4q_avg": 26.63,
            "net_income": 85532,
            "revenue": 7181848,
            "common_shares": 6475803,
            "book_valuer_per_share": 22.48,
            "book_valuer_per_share_4q_avg": 21.66,
            "equity": 13947538,
            "current_ratio": 182.08,
            "debt_ratio": 42.57,
            "inventory_turnover_ratio": 0.85,
            "account_receivable_turnover_ratio": 1.08,
            "reinvestment_rate": -23.47,
            "research_to_sale_ratio": 3.8,
            "price_fair": 4.62,
            "eps_avg_yearly": 1.54,
            "eps_latest_yearly": 0.52,
            "eps_growth_yearly": -43.56
        },
        "20142": {
            "year_quarter": 20142,
            "year": 2014,
            "quarter": 2,
            "eps": 0.11,
            "eps_growth_year": null,
            "eps_4q": 1.25,
            "eps_4q_growth_year": 35.48,
            "roe": 0.54,
            "roe_4q": 6.07,
            "gross_profit": 1998112,
            "gross_margin": 27.81,
            "gross_margin_4q_avg": 27.21,
            "net_income": 74102,
            "revenue": 7184759,
            "common_shares": 6475803,
            "book_valuer_per_share": 21.2,
            "book_valuer_per_share_4q_avg": 21.72,
            "equity": 13260374,
            "current_ratio": 167.43,
            "debt_ratio": 46.32,
            "inventory_turnover_ratio": 0.83,
            "account_receivable_turnover_ratio": 1.11,
            "reinvestment_rate": -25.1,
            "research_to_sale_ratio": 3.63,
            "price_fair": 4.35,
            "eps_avg_yearly": 1.45,
            "eps_latest_yearly": 0.44,
            "eps_growth_yearly": -47.84
        },
        "20143": {
            "year_quarter": 20143,
            "year": 2014,
            "quarter": 3,
            "eps": -0.21,
            "eps_growth_year": -138.18,
            "eps_4q": 0.51,
            "eps_4q_growth_year": -49.16,
            "roe": -0.88,
            "roe_4q": 2.63,
            "gross_profit": 2003125,
            "gross_margin": 26.48,
            "gross_margin_4q_avg": 26.94,
            "net_income": -115956,
            "revenue": 7564308,
            "common_shares": 6477557,
            "book_valuer_per_share": 20.29,
            "book_valuer_per_share_4q_avg": 21.48,
            "equity": 12962052,
            "current_ratio": 165.37,
            "debt_ratio": 46.64,
            "inventory_turnover_ratio": 0.87,
            "account_receivable_turnover_ratio": 1.17,
            "reinvestment_rate": -44.24,
            "research_to_sale_ratio": 3.51,
            "price_fair": 4.17,
            "eps_avg_yearly": 1.39,
            "eps_latest_yearly": 0.44,
            "eps_growth_yearly": -66.54
        },
        "20144": {
            "year_quarter": 20144,
            "year": 2014,
            "quarter": 4,
            "eps": 0.08,
            "eps_growth_year": -84.63,
            "eps_4q": 0.1,
            "eps_4q_growth_year": -90.68,
            "roe": 0.52,
            "roe_4q": 0.8,
            "gross_profit": 2249914,
            "gross_margin": 26.86,
            "gross_margin_4q_avg": 27.33,
            "net_income": 67783,
            "revenue": 8374887,
            "common_shares": 6477557,
            "book_valuer_per_share": 20.66,
            "book_valuer_per_share_4q_avg": 21.16,
            "equity": 13201632,
            "current_ratio": 156.87,
            "debt_ratio": 48.29,
            "inventory_turnover_ratio": 0.93,
            "account_receivable_turnover_ratio": 1.27,
            "reinvestment_rate": -42.01,
            "research_to_sale_ratio": 3.88,
            "price_fair": 3.89,
            "eps_avg_yearly": 1.3,
            "eps_latest_yearly": 0.44,
            "eps_growth_yearly": -76.97
        },
        "20151": {
            "year_quarter": 20151,
            "year": 2015,
            "quarter": 1,
            "eps": -0.37,
            "eps_growth_year": -384.62,
            "eps_4q": -0.4,
            "eps_4q_growth_year": -140.75,
            "roe": -1.75,
            "roe_4q": -1.5699999999999998,
            "gross_profit": 1777907,
            "gross_margin": 26.46,
            "gross_margin_4q_avg": 26.9,
            "net_income": -224299,
            "revenue": 6719662,
            "common_shares": 6477557,
            "book_valuer_per_share": 19.41,
            "book_valuer_per_share_4q_avg": 20.39,
            "equity": 12430647,
            "current_ratio": 163.3,
            "debt_ratio": 44.31,
            "inventory_turnover_ratio": 0.79,
            "account_receivable_turnover_ratio": 1.09,
            "reinvestment_rate": -52.81,
            "research_to_sale_ratio": 4.76,
            "price_fair": 3.81,
            "eps_avg_yearly": 1.27,
            "eps_latest_yearly": 0.44,
            "eps_growth_yearly": -70.19
        },
        "20152": {
            "year_quarter": 20152,
            "year": 2015,
            "quarter": 2,
            "eps": -0.21,
            "eps_growth_year": -290.91,
            "eps_4q": -0.68,
            "eps_4q_growth_year": -154.65,
            "roe": -0.97,
            "roe_4q": -3.0799999999999996,
            "gross_profit": 1684825,
            "gross_margin": 26.32,
            "gross_margin_4q_avg": 26.53,
            "net_income": -119826,
            "revenue": 6400654,
            "common_shares": 6477557,
            "book_valuer_per_share": 18.98,
            "book_valuer_per_share_4q_avg": 19.84,
            "equity": 12162728,
            "current_ratio": 186.06,
            "debt_ratio": 45.9,
            "inventory_turnover_ratio": 0.79,
            "account_receivable_turnover_ratio": 1.14,
            "reinvestment_rate": -74.26,
            "research_to_sale_ratio": 4.92,
            "price_fair": 3.63,
            "eps_avg_yearly": 1.21,
            "eps_latest_yearly": 0.44,
            "eps_growth_yearly": -86.86
        },
        "20153": {
            "year_quarter": 20153,
            "year": 2015,
            "quarter": 3,
            "eps": -0.81,
            "eps_growth_year": null,
            "eps_4q": -1.33,
            "eps_4q_growth_year": -362.39,
            "roe": -4.28,
            "roe_4q": -6.48,
            "gross_profit": 1756994,
            "gross_margin": 25.32,
            "gross_margin_4q_avg": 26.24,
            "net_income": -513020,
            "revenue": 6939930,
            "common_shares": 6788031,
            "book_valuer_per_share": 18.02,
            "book_valuer_per_share_4q_avg": 19.27,
            "equity": 11830706,
            "current_ratio": 177.11,
            "debt_ratio": 47.23,
            "inventory_turnover_ratio": 0.89,
            "account_receivable_turnover_ratio": 1.2,
            "reinvestment_rate": -168.74,
            "research_to_sale_ratio": 4.55,
            "price_fair": 3.53,
            "eps_avg_yearly": 1.18,
            "eps_latest_yearly": 0.44,
            "eps_growth_yearly": -88.88
        },
        "20154": {
            "year_quarter": 20154,
            "year": 2015,
            "quarter": 4,
            "eps": -1.55,
            "eps_growth_year": -2133.82,
            "eps_4q": -2.96,
            "eps_4q_growth_year": -3082.93,
            "roe": -8.47,
            "roe_4q": -15.47,
            "gross_profit": 1213391,
            "gross_margin": 18.51,
            "gross_margin_4q_avg": 24.15,
            "net_income": -968592,
            "revenue": 6554233,
            "common_shares": 6769961,
            "book_valuer_per_share": 16.8,
            "book_valuer_per_share_4q_avg": 18.3,
            "equity": 11045559,
            "current_ratio": 167.67,
            "debt_ratio": 48.05,
            "inventory_turnover_ratio": 1.05,
            "account_receivable_turnover_ratio": 1.19,
            "reinvestment_rate": null,
            "research_to_sale_ratio": 7.04,
            "price_fair": 3.44,
            "eps_avg_yearly": 1.15,
            "eps_latest_yearly": 0.44,
            "eps_growth_yearly": -99.99
        },
        "20161": {
            "year_quarter": 20161,
            "year": 2016,
            "quarter": 1,
            "eps": -0.34,
            "eps_growth_year": null,
            "eps_4q": -2.93,
            "eps_4q_growth_year": null,
            "roe": -1.92,
            "roe_4q": -15.640000000000002,
            "gross_profit": 1581442,
            "gross_margin": 26.63,
            "gross_margin_4q_avg": 24.2,
            "net_income": -210014,
            "revenue": 5939068,
            "common_shares": 6519961,
            "book_valuer_per_share": 16.52,
            "book_valuer_per_share_4q_avg": 17.58,
            "equity": 10857617,
            "current_ratio": 177.98,
            "debt_ratio": 44.79,
            "inventory_turnover_ratio": 1.01,
            "account_receivable_turnover_ratio": 1.18,
            "reinvestment_rate": null,
            "research_to_sale_ratio": 5.33,
            "price_fair": 3.24,
            "eps_avg_yearly": 1.08,
            "eps_latest_yearly": 0.44,
            "eps_growth_yearly": -127.05
        },
        "20162": {
            "year_quarter": 20162,
            "year": 2016,
            "quarter": 2,
            "eps": -0.75,
            "eps_growth_year": null,
            "eps_4q": -3.47,
            "eps_4q_growth_year": null,
            "roe": -4.45,
            "roe_4q": -19.12,
            "gross_profit": 1331162,
            "gross_margin": 23.84,
            "gross_margin_4q_avg": 23.58,
            "net_income": -468952,
            "revenue": 5584282,
            "common_shares": 6519961,
            "book_valuer_per_share": 15.52,
            "book_valuer_per_share_4q_avg": 16.72,
            "equity": 10219487,
            "current_ratio": 144.14,
            "debt_ratio": 47.7,
            "inventory_turnover_ratio": 1.06,
            "account_receivable_turnover_ratio": 1.11,
            "reinvestment_rate": null,
            "research_to_sale_ratio": 5.83,
            "price_fair": 3.24,
            "eps_avg_yearly": 1.08,
            "eps_latest_yearly": 0.44,
            "eps_growth_yearly": -127.05
        },
        "20163": {
            "year_quarter": 20163,
            "year": 2016,
            "quarter": 3,
            "eps": -0.6,
            "eps_growth_year": null,
            "eps_4q": -3.18,
            "eps_4q_growth_year": null,
            "roe": -3.67,
            "roe_4q": -18.51,
            "gross_profit": 1451567,
            "gross_margin": 26.23,
            "gross_margin_4q_avg": 23.8,
            "net_income": -366627,
            "revenue": 5534644,
            "common_shares": 6519961,
            "book_valuer_per_share": 14.56,
            "book_valuer_per_share_4q_avg": 15.85,
            "equity": 9749804,
            "current_ratio": 139.33,
            "debt_ratio": 48.61,
            "inventory_turnover_ratio": 1.08,
            "account_receivable_turnover_ratio": 1.18,
            "reinvestment_rate": null,
            "research_to_sale_ratio": 5.67,
            "price_fair": 3.24,
            "eps_avg_yearly": 1.08,
            "eps_latest_yearly": 0.44,
            "eps_growth_yearly": -127.05
        },
        "20164": {
            "year_quarter": 20164,
            "year": 2016,
            "quarter": 4,
            "eps": 0.18,
            "eps_growth_year": null,
            "eps_4q": -1.49,
            "eps_4q_growth_year": null,
            "roe": 1.38,
            "roe_4q": -8.66,
            "gross_profit": 1652792,
            "gross_margin": 28.19,
            "gross_margin_4q_avg": 26.22,
            "net_income": 135927,
            "revenue": 5863804,
            "common_shares": 6519961,
            "book_valuer_per_share": 14.8,
            "book_valuer_per_share_4q_avg": 15.35,
            "equity": 9930590,
            "current_ratio": 142.81,
            "debt_ratio": 48.79,
            "inventory_turnover_ratio": 1.25,
            "account_receivable_turnover_ratio": 1.28,
            "reinvestment_rate": null,
            "research_to_sale_ratio": 4.8,
            "price_fair": 2.79,
            "eps_avg_yearly": 0.93,
            "eps_latest_yearly": 0.44,
            "eps_growth_yearly": -152.14
        },
        "20171": {
            "year_quarter": 20171,
            "year": 2017,
            "quarter": 1,
            "eps": -0.34,
            "eps_growth_year": null,
            "eps_4q": -1.49,
            "eps_4q_growth_year": null,
            "roe": -2.16,
            "roe_4q": -8.9,
            "gross_profit": 1231525,
            "gross_margin": 26.04,
            "gross_margin_4q_avg": 26.08,
            "net_income": -210252,
            "revenue": 4729961,
            "common_shares": 6519961,
            "book_valuer_per_share": 14.2,
            "book_valuer_per_share_4q_avg": 14.77,
            "equity": 9541780,
            "current_ratio": 143.02,
            "debt_ratio": 45.92,
            "inventory_turnover_ratio": 1.17,
            "account_receivable_turnover_ratio": 1.08,
            "reinvestment_rate": null,
            "research_to_sale_ratio": 4.72,
            "price_fair": 2.92,
            "eps_avg_yearly": 0.97,
            "eps_latest_yearly": 0.44,
            "eps_growth_yearly": -133.02
        },
        "20172": {
            "year_quarter": 20172,
            "year": 2017,
            "quarter": 2,
            "eps": -0.13,
            "eps_growth_year": null,
            "eps_4q": -0.89,
            "eps_4q_growth_year": null,
            "roe": -1.37,
            "roe_4q": -5.82,
            "gross_profit": 1156722,
            "gross_margin": 24.72,
            "gross_margin_4q_avg": 26.3,
            "net_income": -129049,
            "revenue": 4678398,
            "common_shares": 6519961,
            "book_valuer_per_share": 13.79,
            "book_valuer_per_share_4q_avg": 14.34,
            "equity": 9242753,
            "current_ratio": 148.88,
            "debt_ratio": 47.09,
            "inventory_turnover_ratio": 1.09,
            "account_receivable_turnover_ratio": 1.12,
            "reinvestment_rate": null,
            "research_to_sale_ratio": 5.48,
            "price_fair": 2.92,
            "eps_avg_yearly": 0.97,
            "eps_latest_yearly": 0.44,
            "eps_growth_yearly": -133.02
        },
        "20173": {
            "year_quarter": 20173,
            "year": 2017,
            "quarter": 3,
            "eps": 0.06,
            "eps_growth_year": null,
            "eps_4q": -0.24,
            "eps_4q_growth_year": null,
            "roe": 0.8,
            "roe_4q": -1.3500000000000005,
            "gross_profit": 1389218,
            "gross_margin": 28.35,
            "gross_margin_4q_avg": 26.83,
            "net_income": 74687,
            "revenue": 4900562,
            "common_shares": 6519961,
            "book_valuer_per_share": 13.95,
            "book_valuer_per_share_4q_avg": 14.19,
            "equity": 9450249,
            "current_ratio": 156.85,
            "debt_ratio": 43.77,
            "inventory_turnover_ratio": 1,
            "account_receivable_turnover_ratio": 1.13,
            "reinvestment_rate": null,
            "research_to_sale_ratio": 4.61,
            "price_fair": 2.92,
            "eps_avg_yearly": 0.97,
            "eps_latest_yearly": 0.44,
            "eps_growth_yearly": -133.02
        },
        "20174": {
            "year_quarter": 20174,
            "year": 2017,
            "quarter": 4,
            "eps": 0.11,
            "eps_growth_year": -35.87,
            "eps_4q": -0.3,
            "eps_4q_growth_year": null,
            "roe": 0.98,
            "roe_4q": -1.7500000000000002,
            "gross_profit": 1421289,
            "gross_margin": 28.39,
            "gross_margin_4q_avg": 26.88,
            "net_income": 92532,
            "revenue": 5007158,
            "common_shares": 6519961,
            "book_valuer_per_share": 13.85,
            "book_valuer_per_share_4q_avg": 13.95,
            "equity": 9407770,
            "current_ratio": 156.4,
            "debt_ratio": 45.32,
            "inventory_turnover_ratio": 1.08,
            "account_receivable_turnover_ratio": 1.16,
            "reinvestment_rate": null,
            "research_to_sale_ratio": 3.87,
            "price_fair": 1.4,
            "eps_avg_yearly": 0.47,
            "eps_latest_yearly": 0.44,
            "eps_growth_yearly": -7.36
        },
        "20181": {
            "year_quarter": 20181,
            "year": 2018,
            "quarter": 1,
            "eps": 0.02,
            "eps_growth_year": null,
            "eps_4q": 0.05,
            "eps_4q_growth_year": null,
            "roe": 0.32,
            "roe_4q": 0.73,
            "gross_profit": 1433873,
            "gross_margin": 28.78,
            "gross_margin_4q_avg": 27.56,
            "net_income": 29835,
            "revenue": 4982496,
            "common_shares": 6519961,
            "book_valuer_per_share": 13.87,
            "book_valuer_per_share_4q_avg": 13.87,
            "equity": 9423815,
            "current_ratio": 161.84,
            "debt_ratio": 43.12,
            "inventory_turnover_ratio": 1.18,
            "account_receivable_turnover_ratio": 1.15,
            "reinvestment_rate": null,
            "research_to_sale_ratio": 4.78,
            "price_fair": 0.96,
            "eps_avg_yearly": 0.32,
            "eps_latest_yearly": 0.08,
            "eps_growth_yearly": -18.49
        },
        "20182": {
            "year_quarter": 20182,
            "year": 2018,
            "quarter": 2,
            "eps": -0.08,
            "eps_growth_year": null,
            "eps_4q": 0.1,
            "eps_4q_growth_year": null,
            "roe": -0.76,
            "roe_4q": 1.34,
            "gross_profit": 1482688,
            "gross_margin": 28.49,
            "gross_margin_4q_avg": 28.5,
            "net_income": -71892,
            "revenue": 5204037,
            "common_shares": 6519961,
            "book_valuer_per_share": 14.02,
            "book_valuer_per_share_4q_avg": 13.92,
            "equity": 9502373,
            "current_ratio": 159.76,
            "debt_ratio": 45.2,
            "inventory_turnover_ratio": 1.33,
            "account_receivable_turnover_ratio": 1.1,
            "reinvestment_rate": null,
            "research_to_sale_ratio": 5,
            "price_fair": 3.39,
            "eps_avg_yearly": 0.26,
            "eps_latest_yearly": 0.08,
            "eps_growth_yearly": 3.03
        },
        "20183": {
            "year_quarter": 20183,
            "year": 2018,
            "quarter": 3,
            "eps": 0.01,
            "eps_growth_year": -83.33,
            "eps_4q": 0.06,
            "eps_4q_growth_year": null,
            "roe": 0.3,
            "roe_4q": 0.84,
            "gross_profit": 1339844,
            "gross_margin": 29.17,
            "gross_margin_4q_avg": 28.71,
            "net_income": 28898,
            "revenue": 4592523,
            "common_shares": 6519961,
            "book_valuer_per_share": 13.94,
            "book_valuer_per_share_4q_avg": 13.92,
            "equity": 9472625,
            "current_ratio": 161.27,
            "debt_ratio": 44.76,
            "inventory_turnover_ratio": 1.13,
            "account_receivable_turnover_ratio": 0.91,
            "reinvestment_rate": null,
            "research_to_sale_ratio": 5.41,
            "price_fair": 3.39,
            "eps_avg_yearly": 0.26,
            "eps_latest_yearly": 0.08,
            "eps_growth_yearly": 3.03
        },
        "20184": {
            "year_quarter": 20184,
            "year": 2018,
            "quarter": 4,
            "eps": 0.22,
            "eps_growth_year": 93.46,
            "eps_4q": 0.16,
            "eps_4q_growth_year": null,
            "roe": 1.66,
            "roe_4q": 1.52,
            "gross_profit": 1345583,
            "gross_margin": 29.23,
            "gross_margin_4q_avg": 28.92,
            "net_income": 158612,
            "revenue": 4604147,
            "common_shares": 6519961,
            "book_valuer_per_share": 14.11,
            "book_valuer_per_share_4q_avg": 13.99,
            "equity": 9616932,
            "current_ratio": 160.89,
            "debt_ratio": 45.38,
            "inventory_turnover_ratio": 1.06,
            "account_receivable_turnover_ratio": 0.98,
            "reinvestment_rate": null,
            "research_to_sale_ratio": 5.69,
            "price_fair": 16.33,
            "eps_avg_yearly": 0.47,
            "eps_latest_yearly": 0.88,
            "eps_growth_yearly": 2802.02
        },
        "20191": {
            "year_quarter": 20191,
            "year": 2019,
            "quarter": 1,
            "eps": -0.26,
            "eps_growth_year": -1400,
            "eps_4q": -0.12,
            "eps_4q_growth_year": -309.37,
            "roe": -1.56,
            "roe_4q": -0.36000000000000015,
            "gross_profit": 1194565,
            "gross_margin": 28.44,
            "gross_margin_4q_avg": 28.83,
            "net_income": -149612,
            "revenue": 4200989,
            "common_shares": 6519961,
            "book_valuer_per_share": 13.99,
            "book_valuer_per_share_4q_avg": 14.02,
            "equity": 9565165,
            "current_ratio": 167.37,
            "debt_ratio": 43.7,
            "inventory_turnover_ratio": 0.99,
            "account_receivable_turnover_ratio": 1.05,
            "reinvestment_rate": null,
            "research_to_sale_ratio": 6.07,
            "price_fair": 16.33,
            "eps_avg_yearly": 0.47,
            "eps_latest_yearly": 0.88,
            "eps_growth_yearly": 2802.02
        },
        "20192": {
            "year_quarter": 20192,
            "year": 2019,
            "quarter": 2,
            "eps": -0.36,
            "eps_growth_year": null,
            "eps_4q": -0.39,
            "eps_4q_growth_year": -470.63,
            "roe": -2.34,
            "roe_4q": -1.9400000000000002,
            "gross_profit": 1066704,
            "gross_margin": 26.34,
            "gross_margin_4q_avg": 28.3,
            "net_income": -219965,
            "revenue": 4049142,
            "common_shares": 6519961,
            "book_valuer_per_share": 13.5,
            "book_valuer_per_share_4q_avg": 13.89,
            "equity": 9260859,
            "current_ratio": 161.73,
            "debt_ratio": 46.17,
            "inventory_turnover_ratio": 0.96,
            "account_receivable_turnover_ratio": 1.09,
            "reinvestment_rate": null,
            "research_to_sale_ratio": 6.23,
            "price_fair": 16.33,
            "eps_avg_yearly": 0.47,
            "eps_latest_yearly": 0.88,
            "eps_growth_yearly": 2802.02
        },
        "20193": {
            "year_quarter": 20193,
            "year": 2019,
            "quarter": 3,
            "eps": -0.12,
            "eps_growth_year": -1300,
            "eps_4q": -0.51,
            "eps_4q_growth_year": -985.66,
            "roe": -0.63,
            "roe_4q": -2.869999999999999,
            "gross_profit": 1236002,
            "gross_margin": 28.81,
            "gross_margin_4q_avg": 28.21,
            "net_income": -57685,
            "revenue": 4290389,
            "common_shares": 6519961,
            "book_valuer_per_share": 13.24,
            "book_valuer_per_share_4q_avg": 13.71,
            "equity": 9084878,
            "current_ratio": 166.98,
            "debt_ratio": 44.6,
            "inventory_turnover_ratio": 0.94,
            "account_receivable_turnover_ratio": 1.17,
            "reinvestment_rate": null,
            "research_to_sale_ratio": 6.26,
            "price_fair": 16.33,
            "eps_avg_yearly": 0.47,
            "eps_latest_yearly": 0.88,
            "eps_growth_yearly": 2802.02
        },
        "20194": {
            "year_quarter": 20194,
            "year": 2019,
            "quarter": 4,
            "eps": -0.05,
            "eps_growth_year": -122.98,
            "eps_4q": -0.78,
            "eps_4q_growth_year": -577.87,
            "roe": -0.16,
            "roe_4q": -4.6899999999999995,
            "gross_profit": 1242261,
            "gross_margin": 27.88,
            "gross_margin_4q_avg": 27.87,
            "net_income": -14479,
            "revenue": 4455528,
            "common_shares": 6519961,
            "book_valuer_per_share": 13,
            "book_valuer_per_share_4q_avg": 13.43,
            "equity": 8926039,
            "current_ratio": 171.14,
            "debt_ratio": 43.19,
            "inventory_turnover_ratio": 1.05,
            "account_receivable_turnover_ratio": 1.24,
            "reinvestment_rate": null,
            "research_to_sale_ratio": 6.49,
            "price_fair": 16.33,
            "eps_avg_yearly": 0.47,
            "eps_latest_yearly": 0.88,
            "eps_growth_yearly": 2802.02
        },
        "20201": {
            "year_quarter": 20201,
            "year": 2020,
            "quarter": 1,
            "eps": -0.07,
            "eps_growth_year": null,
            "eps_4q": -0.6,
            "eps_4q_growth_year": null,
            "roe": -0.45,
            "roe_4q": -3.58,
            "gross_profit": 1080960,
            "gross_margin": 29.44,
            "gross_margin_4q_avg": 28.12,
            "net_income": -38909,
            "revenue": 3671532,
            "common_shares": 6519961,
            "book_valuer_per_share": 12.18,
            "book_valuer_per_share_4q_avg": 12.98,
            "equity": 8378782,
            "current_ratio": 187.9,
            "debt_ratio": 39.89,
            "inventory_turnover_ratio": 1.08,
            "account_receivable_turnover_ratio": 1.07,
            "reinvestment_rate": null,
            "research_to_sale_ratio": 6.65,
            "price_fair": 16.33,
            "eps_avg_yearly": 0.47,
            "eps_latest_yearly": 0.88,
            "eps_growth_yearly": 2802.02
        },
        "20202": {
            "year_quarter": 20202,
            "year": 2020,
            "quarter": 2,
            "eps": -0.01,
            "eps_growth_year": null,
            "eps_4q": -0.25,
            "eps_4q_growth_year": null,
            "roe": 0.27,
            "roe_4q": -0.97,
            "gross_profit": 1030779,
            "gross_margin": 32.3,
            "gross_margin_4q_avg": 29.61,
            "net_income": 22603,
            "revenue": 3191557,
            "common_shares": 6519961,
            "book_valuer_per_share": 12.55,
            "book_valuer_per_share_4q_avg": 12.74,
            "equity": 8642497,
            "current_ratio": 188.23,
            "debt_ratio": 40.19,
            "inventory_turnover_ratio": 1,
            "account_receivable_turnover_ratio": 1.02,
            "reinvestment_rate": null,
            "research_to_sale_ratio": 8.36,
            "price_fair": 16.33,
            "eps_avg_yearly": 0.47,
            "eps_latest_yearly": 0.88,
            "eps_growth_yearly": 2802.02
        },
        "20203": {
            "year_quarter": 20203,
            "year": 2020,
            "quarter": 3,
            "eps": 0.46,
            "eps_growth_year": null,
            "eps_4q": 0.33,
            "eps_4q_growth_year": null,
            "roe": 3.69,
            "roe_4q": 3.3499999999999996,
            "gross_profit": 1361366,
            "gross_margin": 32.71,
            "gross_margin_4q_avg": 30.58,
            "net_income": 320863,
            "revenue": 4161488,
            "common_shares": 6519961,
            "book_valuer_per_share": 12.68,
            "book_valuer_per_share_4q_avg": 12.6,
            "equity": 8741719,
            "current_ratio": 189.11,
            "debt_ratio": 41.12,
            "inventory_turnover_ratio": 1.22,
            "account_receivable_turnover_ratio": 1.34,
            "reinvestment_rate": null,
            "research_to_sale_ratio": 6.21,
            "price_fair": 16.33,
            "eps_avg_yearly": 0.47,
            "eps_latest_yearly": 0.88,
            "eps_growth_yearly": 2802.02
        },
        "20204": {
            "year_quarter": 20204,
            "year": 2020,
            "quarter": 4,
            "eps": 1.52,
            "eps_growth_year": null,
            "eps_4q": 1.9,
            "eps_4q_growth_year": null,
            "roe": 10.89,
            "roe_4q": 14.4,
            "gross_profit": 1302190,
            "gross_margin": 31.34,
            "gross_margin_4q_avg": 31.45,
            "net_income": 1006003,
            "revenue": 4154866,
            "common_shares": 6519961,
            "book_valuer_per_share": 14.2,
            "book_valuer_per_share_4q_avg": 12.9,
            "equity": 9740355,
            "current_ratio": 234.79,
            "debt_ratio": 38.93,
            "inventory_turnover_ratio": 1.22,
            "account_receivable_turnover_ratio": 1.32,
            "reinvestment_rate": -581.02,
            "research_to_sale_ratio": 8.61,
            "price_fair": 65.45,
            "eps_avg_yearly": 1.87,
            "eps_latest_yearly": 6.08,
            "eps_growth_yearly": 2331.95
        },
        "20211": {
            "year_quarter": 20211,
            "year": 2021,
            "quarter": 1,
            "eps": 0.09,
            "eps_growth_year": null,
            "eps_4q": 2.07,
            "eps_4q_growth_year": null,
            "roe": 0.86,
            "roe_4q": 15.709999999999999,
            "gross_profit": 1232249,
            "gross_margin": 31.62,
            "gross_margin_4q_avg": 31.99,
            "net_income": 83855,
            "revenue": 3897646,
            "common_shares": 6519961,
            "book_valuer_per_share": 14.25,
            "book_valuer_per_share_4q_avg": 13.42,
            "equity": 9793594,
            "current_ratio": 230.44,
            "debt_ratio": 37.1,
            "inventory_turnover_ratio": 1.07,
            "account_receivable_turnover_ratio": 1.26,
            "reinvestment_rate": -296.07,
            "research_to_sale_ratio": 6.52,
            "price_fair": 54.88,
            "eps_avg_yearly": 1.57,
            "eps_latest_yearly": 0.36,
            "eps_growth_yearly": 1790.3
        },
        "20212": {
            "year_quarter": 20212,
            "year": 2021,
            "quarter": 2,
            "eps": -0.34,
            "eps_growth_year": null,
            "eps_4q": 1.74,
            "eps_4q_growth_year": null,
            "roe": -2.14,
            "roe_4q": 13.299999999999999,
            "gross_profit": 945392,
            "gross_margin": 28.06,
            "gross_margin_4q_avg": 30.93,
            "net_income": -205803,
            "revenue": 3368935,
            "common_shares": 6519961,
            "book_valuer_per_share": 13.71,
            "book_valuer_per_share_4q_avg": 13.71,
            "equity": 9435302,
            "current_ratio": 219.78,
            "debt_ratio": 39.07,
            "inventory_turnover_ratio": 0.85,
            "account_receivable_turnover_ratio": 1.11,
            "reinvestment_rate": -255.58,
            "research_to_sale_ratio": 7.43,
            "price_fair": 54.88,
            "eps_avg_yearly": 1.57,
            "eps_latest_yearly": 0.36,
            "eps_growth_yearly": 1790.3
        },
        "20213": {
            "year_quarter": 20213,
            "year": 2021,
            "quarter": 3,
            "eps": -0.04,
            "eps_growth_year": -108.7,
            "eps_4q": 1.34,
            "eps_4q_growth_year": 301.87,
            "roe": -0.02,
            "roe_4q": 9.59,
            "gross_profit": 1014866,
            "gross_margin": 25.64,
            "gross_margin_4q_avg": 29.17,
            "net_income": -2027,
            "revenue": 3957707,
            "common_shares": 5998365,
            "book_valuer_per_share": 13.54,
            "book_valuer_per_share_4q_avg": 13.93,
            "equity": 8635781,
            "current_ratio": 200.24,
            "debt_ratio": 42.5,
            "inventory_turnover_ratio": 0.88,
            "account_receivable_turnover_ratio": 1.27,
            "reinvestment_rate": -298.81,
            "research_to_sale_ratio": 4.76,
            "price_fair": 54.88,
            "eps_avg_yearly": 1.57,
            "eps_latest_yearly": 0.36,
            "eps_growth_yearly": 1790.3
        },
        "20214": {
            "year_quarter": 20214,
            "year": 2021,
            "quarter": 4,
            "eps": 0.71,
            "eps_growth_year": -53.38,
            "eps_4q": 0.4,
            "eps_4q_growth_year": -79.03,
            "roe": 5.01,
            "roe_4q": 3.71,
            "gross_profit": 996250,
            "gross_margin": 23.17,
            "gross_margin_4q_avg": 27.12,
            "net_income": 442086,
            "revenue": 4300613,
            "common_shares": 5998365,
            "book_valuer_per_share": 14.13,
            "book_valuer_per_share_4q_avg": 13.91,
            "equity": 9002336,
            "current_ratio": 220.26,
            "debt_ratio": 37.93,
            "inventory_turnover_ratio": 0.97,
            "account_receivable_turnover_ratio": 1.28,
            "reinvestment_rate": -159.22,
            "research_to_sale_ratio": 4.2,
            "price_fair": 64.75,
            "eps_avg_yearly": 1.85,
            "eps_latest_yearly": 0.36,
            "eps_growth_yearly": 2154.54
        },
        "20221": {
            "year_quarter": 20221,
            "year": 2022,
            "quarter": 1,
            "eps": -0.3,
            "eps_growth_year": -433.33,
            "eps_4q": -0,
            "eps_4q_growth_year": -100.12,
            "roe": -1.79,
            "roe_4q": 1.0599999999999996,
            "gross_profit": 807747,
            "gross_margin": 20.12,
            "gross_margin_4q_avg": 24.25,
            "net_income": -159884,
            "revenue": 4014799,
            "common_shares": 5998365,
            "book_valuer_per_share": 13.92,
            "book_valuer_per_share_4q_avg": 13.83,
            "equity": 8901914,
            "current_ratio": 221.64,
            "debt_ratio": 37.65,
            "inventory_turnover_ratio": 1.01,
            "account_receivable_turnover_ratio": 1.18,
            "reinvestment_rate": -149.27,
            "research_to_sale_ratio": 3.37,
            "price_fair": 85.4,
            "eps_avg_yearly": 2.44,
            "eps_latest_yearly": 0.36,
            "eps_growth_yearly": 2981.81
        },
        "20222": {
            "year_quarter": 20222,
            "year": 2022,
            "quarter": 2,
            "eps": 0.01,
            "eps_growth_year": null,
            "eps_4q": 0.37,
            "eps_4q_growth_year": -78.82,
            "roe": 0.44,
            "roe_4q": 3.6399999999999997,
            "gross_profit": 1226942,
            "gross_margin": 29.52,
            "gross_margin_4q_avg": 24.61,
            "net_income": 39694,
            "revenue": 4157001,
            "common_shares": 5998365,
            "book_valuer_per_share": 14.38,
            "book_valuer_per_share_4q_avg": 13.99,
            "equity": 9209945,
            "current_ratio": 213.23,
            "debt_ratio": 39.82,
            "inventory_turnover_ratio": 0.85,
            "account_receivable_turnover_ratio": 1.22,
            "reinvestment_rate": -114.66,
            "research_to_sale_ratio": 3.25,
            "price_fair": 85.4,
            "eps_avg_yearly": 2.44,
            "eps_latest_yearly": 0.36,
            "eps_growth_yearly": 2981.81
        },
        "20223": {
            "year_quarter": 20223,
            "year": 2022,
            "quarter": 3,
            "eps": 0,
            "eps_growth_year": null,
            "eps_4q": 0.42,
            "eps_4q_growth_year": -68.93,
            "roe": 0.51,
            "roe_4q": 4.17,
            "gross_profit": 923223,
            "gross_margin": 20.58,
            "gross_margin_4q_avg": 23.35,
            "net_income": 47556,
            "revenue": 4484995,
            "common_shares": 5998365,
            "book_valuer_per_share": 14.71,
            "book_valuer_per_share_4q_avg": 14.29,
            "equity": 9460960,
            "current_ratio": 209.38,
            "debt_ratio": 40.52,
            "inventory_turnover_ratio": 0.9,
            "account_receivable_turnover_ratio": 1.26,
            "reinvestment_rate": -102.27,
            "research_to_sale_ratio": 2.77,
            "price_fair": 85.4,
            "eps_avg_yearly": 2.44,
            "eps_latest_yearly": 0.36,
            "eps_growth_yearly": 2981.81
        },
        "20224": {
            "year_quarter": 20224,
            "year": 2022,
            "quarter": 4,
            "eps": 0.47,
            "eps_growth_year": -33.14,
            "eps_4q": 0.18,
            "eps_4q_growth_year": -54.33,
            "roe": 3.5,
            "roe_4q": 2.66,
            "gross_profit": 1356918,
            "gross_margin": 30.69,
            "gross_margin_4q_avg": 25.23,
            "net_income": 333016,
            "revenue": 4421093,
            "common_shares": 5998365,
            "book_valuer_per_share": 14.85,
            "book_valuer_per_share_4q_avg": 14.47,
            "equity": 9561456,
            "current_ratio": 224.17,
            "debt_ratio": 38,
            "inventory_turnover_ratio": 0.76,
            "account_receivable_turnover_ratio": 1.24,
            "reinvestment_rate": -84.31,
            "research_to_sale_ratio": 3.08,
            "price_fair": 112.7,
            "eps_avg_yearly": 3.22,
            "eps_latest_yearly": 0.36,
            "eps_growth_yearly": 272.71
        },
        "20231": {
            "year_quarter": 20231,
            "year": 2023,
            "quarter": 1,
            "eps": 0.23,
            "eps_growth_year": null,
            "eps_4q": 0.71,
            "eps_4q_growth_year": null,
            "roe": 1.82,
            "roe_4q": 6.2700000000000005,
            "gross_profit": 1075184,
            "gross_margin": 25.26,
            "gross_margin_4q_avg": 26.51,
            "net_income": 174951,
            "revenue": 4255908,
            "common_shares": 5998365,
            "book_valuer_per_share": 14.9,
            "book_valuer_per_share_4q_avg": 14.71,
            "equity": 9624689,
            "current_ratio": 221.86,
            "debt_ratio": 37.74,
            "inventory_turnover_ratio": 0.77,
            "account_receivable_turnover_ratio": 1.22,
            "reinvestment_rate": -69.36,
            "research_to_sale_ratio": 3.03,
            "price_fair": 85.87,
            "eps_avg_yearly": 2.45,
            "eps_latest_yearly": 0.92,
            "eps_growth_yearly": 113.72
        },
        "20232": {
            "year_quarter": 20232,
            "year": 2023,
            "quarter": 2,
            "eps": 0.64,
            "eps_growth_year": 6300,
            "eps_4q": 1.36,
            "eps_4q_growth_year": 269.86,
            "roe": 3.89,
            "roe_4q": 9.72,
            "gross_profit": 1048282,
            "gross_margin": 25.25,
            "gross_margin_4q_avg": 25.45,
            "net_income": 413202,
            "revenue": 4151226,
            "common_shares": 5998365,
            "book_valuer_per_share": 15.33,
            "book_valuer_per_share_4q_avg": 14.95,
            "equity": 11643441,
            "current_ratio": 265.46,
            "debt_ratio": 36.5,
            "inventory_turnover_ratio": 0.7,
            "account_receivable_turnover_ratio": 1.11,
            "reinvestment_rate": -43.78,
            "research_to_sale_ratio": 4.5,
            "price_fair": 86.8,
            "eps_avg_yearly": 2.48,
            "eps_latest_yearly": 2.56,
            "eps_growth_yearly": 263.55
        }
    },
    "months": {
        "2001-06": {
            "month": "2001-06",
            "price": "47.97",
            "revenue": 1170005
        },
        "2001-07": {
            "month": "2001-07",
            "price": "39.30",
            "revenue": 858770
        },
        "2001-08": {
            "month": "2001-08",
            "price": "37.89",
            "revenue": 1062728
        },
        "2001-09": {
            "month": "2001-09",
            "price": "27.82",
            "revenue": 1084903
        },
        "2001-10": {
            "month": "2001-10",
            "price": "27.24",
            "revenue": 1308415
        },
        "2001-11": {
            "month": "2001-11",
            "price": "36.10",
            "revenue": 1475124
        },
        "2001-12": {
            "month": "2001-12",
            "price": "51.56",
            "revenue": 1320600
        },
        "2002-01": {
            "month": "2002-01",
            "price": "61.55",
            "revenue": 1593241
        },
        "2002-02": {
            "month": "2002-02",
            "price": "63.38",
            "revenue": 1101455
        },
        "2002-03": {
            "month": "2002-03",
            "price": "62.40",
            "revenue": 1340046
        },
        "2002-04": {
            "month": "2002-04",
            "price": "52.81",
            "revenue": 1178485
        },
        "2002-05": {
            "month": "2002-05",
            "price": "46.14",
            "revenue": 1301377
        },
        "2002-06": {
            "month": "2002-06",
            "price": "42.28",
            "revenue": 1149293
        },
        "2002-07": {
            "month": "2002-07",
            "price": "35.77",
            "revenue": 1178419
        },
        "2002-08": {
            "month": "2002-08",
            "price": "35.65",
            "revenue": 1456867
        },
        "2002-09": {
            "month": "2002-09",
            "price": "36.54",
            "revenue": 1523637
        },
        "2002-10": {
            "month": "2002-10",
            "price": "30.70",
            "revenue": 1521610
        },
        "2002-11": {
            "month": "2002-11",
            "price": "30.57",
            "revenue": 1583068
        },
        "2002-12": {
            "month": "2002-12",
            "price": "31.14",
            "revenue": 1564081
        },
        "2003-01": {
            "month": "2003-01",
            "price": "30.68",
            "revenue": 1460731
        },
        "2003-02": {
            "month": "2003-02",
            "price": "27.11",
            "revenue": 1274416
        },
        "2003-03": {
            "month": "2003-03",
            "price": "26.00",
            "revenue": 1588719
        },
        "2003-04": {
            "month": "2003-04",
            "price": "29.21",
            "revenue": 1558424
        },
        "2003-05": {
            "month": "2003-05",
            "price": "31.79",
            "revenue": 1659157
        },
        "2003-06": {
            "month": "2003-06",
            "price": "35.44",
            "revenue": 1236424
        },
        "2003-07": {
            "month": "2003-07",
            "price": "32.88",
            "revenue": 1536875
        },
        "2003-08": {
            "month": "2003-08",
            "price": "36.19",
            "revenue": 1481571
        },
        "2003-09": {
            "month": "2003-09",
            "price": "34.62",
            "revenue": 1893014
        },
        "2003-10": {
            "month": "2003-10",
            "price": "34.28",
            "revenue": 2101353
        },
        "2003-11": {
            "month": "2003-11",
            "price": "38.38",
            "revenue": 2026078
        },
        "2003-12": {
            "month": "2003-12",
            "price": "42.42",
            "revenue": 1903248
        },
        "2004-01": {
            "month": "2004-01",
            "price": "44.67",
            "revenue": 1068723
        },
        "2004-02": {
            "month": "2004-02",
            "price": "43.56",
            "revenue": 1439628
        },
        "2004-03": {
            "month": "2004-03",
            "price": "40.87",
            "revenue": 1509917
        },
        "2004-04": {
            "month": "2004-04",
            "price": "43.11",
            "revenue": 1838781
        },
        "2004-05": {
            "month": "2004-05",
            "price": "41.82",
            "revenue": 1778218
        },
        "2004-06": {
            "month": "2004-06",
            "price": "40.30",
            "revenue": 1898550
        },
        "2004-07": {
            "month": "2004-07",
            "price": "35.60",
            "revenue": 1585736
        },
        "2004-08": {
            "month": "2004-08",
            "price": "35.90",
            "revenue": 1138615
        },
        "2004-09": {
            "month": "2004-09",
            "price": "38.37",
            "revenue": 1806502
        },
        "2004-10": {
            "month": "2004-10",
            "price": "38.00",
            "revenue": 1834193
        },
        "2004-11": {
            "month": "2004-11",
            "price": "35.41",
            "revenue": 1855360
        },
        "2004-12": {
            "month": "2004-12",
            "price": "36.01",
            "revenue": 1323546
        },
        "2005-01": {
            "month": "2005-01",
            "price": "35.81",
            "revenue": 1315208
        },
        "2005-02": {
            "month": "2005-02",
            "price": "37.18",
            "revenue": 1091267
        },
        "2005-03": {
            "month": "2005-03",
            "price": "38.83",
            "revenue": 1592994
        },
        "2005-04": {
            "month": "2005-04",
            "price": "38.56",
            "revenue": 1542981
        },
        "2005-05": {
            "month": "2005-05",
            "price": "36.93",
            "revenue": 1473340
        },
        "2005-06": {
            "month": "2005-06",
            "price": "37.75",
            "revenue": 1725172
        },
        "2005-07": {
            "month": "2005-07",
            "price": "38.05",
            "revenue": 1625100
        },
        "2005-08": {
            "month": "2005-08",
            "price": "32.80",
            "revenue": 3316768
        },
        "2005-09": {
            "month": "2005-09",
            "price": "33.16",
            "revenue": 3849572
        },
        "2005-10": {
            "month": "2005-10",
            "price": "34.95",
            "revenue": 3466428
        },
        "2005-11": {
            "month": "2005-11",
            "price": "36.53",
            "revenue": 3848710
        },
        "2005-12": {
            "month": "2005-12",
            "price": "38.41",
            "revenue": 2635172
        },
        "2006-01": {
            "month": "2006-01",
            "price": "38.88",
            "revenue": 3075979
        },
        "2006-02": {
            "month": "2006-02",
            "price": "37.43",
            "revenue": 2649922
        },
        "2006-03": {
            "month": "2006-03",
            "price": "34.53",
            "revenue": 3801054
        },
        "2006-04": {
            "month": "2006-04",
            "price": "35.28",
            "revenue": 3116362
        },
        "2006-05": {
            "month": "2006-05",
            "price": "39.70",
            "revenue": 3111226
        },
        "2006-06": {
            "month": "2006-06",
            "price": "34.73",
            "revenue": 3422882
        },
        "2006-07": {
            "month": "2006-07",
            "price": "34.09",
            "revenue": 3197337
        },
        "2006-08": {
            "month": "2006-08",
            "price": "31.76",
            "revenue": 3976094
        },
        "2006-09": {
            "month": "2006-09",
            "price": "33.44",
            "revenue": 4037020
        },
        "2006-10": {
            "month": "2006-10",
            "price": "35.09",
            "revenue": 3872312
        },
        "2006-11": {
            "month": "2006-11",
            "price": "38.25",
            "revenue": 4043603
        },
        "2006-12": {
            "month": "2006-12",
            "price": "40.00",
            "revenue": 3400375
        },
        "2007-01": {
            "month": "2007-01",
            "price": "46.46",
            "revenue": 3335447
        },
        "2007-02": {
            "month": "2007-02",
            "price": "47.72",
            "revenue": 3245458
        },
        "2007-03": {
            "month": "2007-03",
            "price": "51.93",
            "revenue": 3876503
        },
        "2007-04": {
            "month": "2007-04",
            "price": "58.54",
            "revenue": 2444493
        },
        "2007-05": {
            "month": "2007-05",
            "price": "66.79",
            "revenue": 2479859
        },
        "2007-06": {
            "month": "2007-06",
            "price": "75.18",
            "revenue": 2899789
        },
        "2007-07": {
            "month": "2007-07",
            "price": "82.46",
            "revenue": 2609626
        },
        "2007-08": {
            "month": "2007-08",
            "price": "73.83",
            "revenue": 3072071
        },
        "2007-09": {
            "month": "2007-09",
            "price": "77.96",
            "revenue": 3320192
        },
        "2007-10": {
            "month": "2007-10",
            "price": "75.97",
            "revenue": 3302718
        },
        "2007-11": {
            "month": "2007-11",
            "price": "59.75",
            "revenue": 3210089
        },
        "2007-12": {
            "month": "2007-12",
            "price": "55.88",
            "revenue": 2370792
        },
        "2008-01": {
            "month": "2008-01",
            "price": "46.57",
            "revenue": 2785656
        },
        "2008-02": {
            "month": "2008-02",
            "price": "46.35",
            "revenue": 2768533
        },
        "2008-03": {
            "month": "2008-03",
            "price": "47.51",
            "revenue": 2934482
        },
        "2008-04": {
            "month": "2008-04",
            "price": "50.47",
            "revenue": 2902452
        },
        "2008-05": {
            "month": "2008-05",
            "price": "49.65",
            "revenue": 2389095
        },
        "2008-06": {
            "month": "2008-06",
            "price": "47.58",
            "revenue": 3219693
        },
        "2008-07": {
            "month": "2008-07",
            "price": "40.79",
            "revenue": 2762131
        },
        "2008-08": {
            "month": "2008-08",
            "price": "40.33",
            "revenue": 2855039
        },
        "2008-09": {
            "month": "2008-09",
            "price": "30.27",
            "revenue": 3012223
        },
        "2008-10": {
            "month": "2008-10",
            "price": "24.25",
            "revenue": 2862196
        },
        "2008-11": {
            "month": "2008-11",
            "price": "21.20",
            "revenue": 2404161
        },
        "2008-12": {
            "month": "2008-12",
            "price": "20.25",
            "revenue": 2125835
        },
        "2009-01": {
            "month": "2009-01",
            "price": "20.85",
            "revenue": 2065411
        },
        "2009-02": {
            "month": "2009-02",
            "price": "19.24",
            "revenue": 2344443
        },
        "2009-03": {
            "month": "2009-03",
            "price": "20.92",
            "revenue": 2395144
        },
        "2009-04": {
            "month": "2009-04",
            "price": "25.13",
            "revenue": 2222198
        },
        "2009-05": {
            "month": "2009-05",
            "price": "25.60",
            "revenue": 2190384
        },
        "2009-06": {
            "month": "2009-06",
            "price": "27.22",
            "revenue": 2612781
        },
        "2009-07": {
            "month": "2009-07",
            "price": "28.30",
            "revenue": 2533891
        },
        "2009-08": {
            "month": "2009-08",
            "price": "27.54",
            "revenue": 2631384
        },
        "2009-09": {
            "month": "2009-09",
            "price": "27.10",
            "revenue": 3176964
        },
        "2009-10": {
            "month": "2009-10",
            "price": "31.29",
            "revenue": 3052139
        },
        "2009-11": {
            "month": "2009-11",
            "price": "32.41",
            "revenue": 3106737
        },
        "2009-12": {
            "month": "2009-12",
            "price": "31.85",
            "revenue": 2692181
        },
        "2010-01": {
            "month": "2010-01",
            "price": "34.32",
            "revenue": 2298582
        },
        "2010-02": {
            "month": "2010-02",
            "price": "32.26",
            "revenue": 2561567
        },
        "2010-03": {
            "month": "2010-03",
            "price": "33.41",
            "revenue": 3048472
        },
        "2010-04": {
            "month": "2010-04",
            "price": "32.01",
            "revenue": 2616555
        },
        "2010-05": {
            "month": "2010-05",
            "price": "26.90",
            "revenue": 2678206
        },
        "2010-06": {
            "month": "2010-06",
            "price": "25.23",
            "revenue": 2926333
        },
        "2010-07": {
            "month": "2010-07",
            "price": "25.45",
            "revenue": 2697389
        },
        "2010-08": {
            "month": "2010-08",
            "price": "26.01",
            "revenue": 2627395
        },
        "2010-09": {
            "month": "2010-09",
            "price": "29.07",
            "revenue": 3258698
        },
        "2010-10": {
            "month": "2010-10",
            "price": "32.36",
            "revenue": 3218086
        },
        "2010-11": {
            "month": "2010-11",
            "price": "30.43",
            "revenue": 3101847
        },
        "2010-12": {
            "month": "2010-12",
            "price": "30.78",
            "revenue": 2827743
        },
        "2011-01": {
            "month": "2011-01",
            "price": "30.75",
            "revenue": 2151268
        },
        "2011-02": {
            "month": "2011-02",
            "price": "28.00",
            "revenue": 2541136
        },
        "2011-03": {
            "month": "2011-03",
            "price": "26.70",
            "revenue": 3109490
        },
        "2011-04": {
            "month": "2011-04",
            "price": "27.49",
            "revenue": 2439048
        },
        "2011-05": {
            "month": "2011-05",
            "price": "25.83",
            "revenue": 2716924
        },
        "2011-06": {
            "month": "2011-06",
            "price": "26.25",
            "revenue": 2864839
        },
        "2011-07": {
            "month": "2011-07",
            "price": "25.92",
            "revenue": 2576785
        },
        "2011-08": {
            "month": "2011-08",
            "price": "22.90",
            "revenue": 2835089
        },
        "2011-09": {
            "month": "2011-09",
            "price": "23.38",
            "revenue": 3139013
        },
        "2011-10": {
            "month": "2011-10",
            "price": "23.32",
            "revenue": 2542501
        },
        "2011-11": {
            "month": "2011-11",
            "price": "22.47",
            "revenue": 3046169
        },
        "2011-12": {
            "month": "2011-12",
            "price": "20.39",
            "revenue": 2541592
        },
        "2012-01": {
            "month": "2012-01",
            "price": "20.70",
            "revenue": 2325273
        },
        "2012-02": {
            "month": "2012-02",
            "price": "22.97",
            "revenue": 2910526
        },
        "2012-03": {
            "month": "2012-03",
            "price": "23.27",
            "revenue": 2987428
        },
        "2012-04": {
            "month": "2012-04",
            "price": "20.99",
            "revenue": 2505886
        },
        "2012-05": {
            "month": "2012-05",
            "price": "20.71",
            "revenue": 2298976
        },
        "2012-06": {
            "month": "2012-06",
            "price": "18.98",
            "revenue": 2915411
        },
        "2012-07": {
            "month": "2012-07",
            "price": "18.95",
            "revenue": 2579082
        },
        "2012-08": {
            "month": "2012-08",
            "price": "19.47",
            "revenue": 2771547
        },
        "2012-09": {
            "month": "2012-09",
            "price": "18.06",
            "revenue": 3016419
        },
        "2012-10": {
            "month": "2012-10",
            "price": "16.95",
            "revenue": 2732368
        },
        "2012-11": {
            "month": "2012-11",
            "price": "17.01",
            "revenue": 2962486
        },
        "2012-12": {
            "month": "2012-12",
            "price": "18.29",
            "revenue": 2444610
        },
        "2013-01": {
            "month": "2013-01",
            "price": "18.66",
            "revenue": 2318559
        },
        "2013-02": {
            "month": "2013-02",
            "price": "18.51",
            "revenue": 2284178
        },
        "2013-03": {
            "month": "2013-03",
            "price": "17.91",
            "revenue": 2615608
        },
        "2013-04": {
            "month": "2013-04",
            "price": "17.10",
            "revenue": 2135857
        },
        "2013-05": {
            "month": "2013-05",
            "price": "17.51",
            "revenue": 2674518
        },
        "2013-06": {
            "month": "2013-06",
            "price": "17.97",
            "revenue": 2418315
        },
        "2013-07": {
            "month": "2013-07",
            "price": "17.86",
            "revenue": 2432847
        },
        "2013-08": {
            "month": "2013-08",
            "price": "16.22",
            "revenue": 2659247
        },
        "2013-09": {
            "month": "2013-09",
            "price": "16.40",
            "revenue": 3066501
        },
        "2013-10": {
            "month": "2013-10",
            "price": "16.89",
            "revenue": 2824537
        },
        "2013-11": {
            "month": "2013-11",
            "price": "17.00",
            "revenue": 2734075
        },
        "2013-12": {
            "month": "2013-12",
            "price": "17.56",
            "revenue": 2441390
        },
        "2014-01": {
            "month": "2014-01",
            "price": "19.01",
            "revenue": 2255050
        },
        "2014-02": {
            "month": "2014-02",
            "price": "20.38",
            "revenue": 2295517
        },
        "2014-03": {
            "month": "2014-03",
            "price": "20.85",
            "revenue": 2648199
        },
        "2014-04": {
            "month": "2014-04",
            "price": "20.88",
            "revenue": 2370670
        },
        "2014-05": {
            "month": "2014-05",
            "price": "19.59",
            "revenue": 2320566
        },
        "2014-06": {
            "month": "2014-06",
            "price": "19.80",
            "revenue": 2476604
        },
        "2014-07": {
            "month": "2014-07",
            "price": "22.11",
            "revenue": 2362657
        },
        "2014-08": {
            "month": "2014-08",
            "price": "20.83",
            "revenue": 2395272
        },
        "2014-09": {
            "month": "2014-09",
            "price": "20.41",
            "revenue": 2723786
        },
        "2014-10": {
            "month": "2014-10",
            "price": "17.14",
            "revenue": 2744080
        },
        "2014-11": {
            "month": "2014-11",
            "price": "16.68",
            "revenue": 2786457
        },
        "2014-12": {
            "month": "2014-12",
            "price": "17.33",
            "revenue": 2862573
        },
        "2015-01": {
            "month": "2015-01",
            "price": "18.28",
            "revenue": 2162048
        },
        "2015-02": {
            "month": "2015-02",
            "price": "17.63",
            "revenue": 2102374
        },
        "2015-03": {
            "month": "2015-03",
            "price": "17.60",
            "revenue": 2451702
        },
        "2015-04": {
            "month": "2015-04",
            "price": "16.56",
            "revenue": 1965052
        },
        "2015-05": {
            "month": "2015-05",
            "price": "15.22",
            "revenue": 1909218
        },
        "2015-06": {
            "month": "2015-06",
            "price": "13.38",
            "revenue": 2537323
        },
        "2015-07": {
            "month": "2015-07",
            "price": "11.94",
            "revenue": 2299055
        },
        "2015-08": {
            "month": "2015-08",
            "price": "9.56",
            "revenue": 2334649
        },
        "2015-09": {
            "month": "2015-09",
            "price": "9.85",
            "revenue": 2321100
        },
        "2015-10": {
            "month": "2015-10",
            "price": "10.43",
            "revenue": 2263460
        },
        "2015-11": {
            "month": "2015-11",
            "price": "10.70",
            "revenue": 2203397
        },
        "2015-12": {
            "month": "2015-12",
            "price": "10.26",
            "revenue": 2132126
        },
        "2016-01": {
            "month": "2016-01",
            "price": "9.99",
            "revenue": 1926036
        },
        "2016-02": {
            "month": "2016-02",
            "price": "10.58",
            "revenue": 1872672
        },
        "2016-03": {
            "month": "2016-03",
            "price": "11.02",
            "revenue": 2140359
        },
        "2016-04": {
            "month": "2016-04",
            "price": "10.32",
            "revenue": 1749543
        },
        "2016-05": {
            "month": "2016-05",
            "price": "9.87",
            "revenue": 1833213
        },
        "2016-06": {
            "month": "2016-06",
            "price": "10.57",
            "revenue": 2001527
        },
        "2016-07": {
            "month": "2016-07",
            "price": "11.98",
            "revenue": 1760950
        },
        "2016-08": {
            "month": "2016-08",
            "price": "11.62",
            "revenue": 1753820
        },
        "2016-09": {
            "month": "2016-09",
            "price": "11.32",
            "revenue": 2019873
        },
        "2016-10": {
            "month": "2016-10",
            "price": "10.46",
            "revenue": 1924894
        },
        "2016-11": {
            "month": "2016-11",
            "price": "10.10",
            "revenue": 2053821
        },
        "2016-12": {
            "month": "2016-12",
            "price": "10.61",
            "revenue": 1895898
        },
        "2017-01": {
            "month": "2017-01",
            "price": "10.62",
            "revenue": 1414667
        },
        "2017-02": {
            "month": "2017-02",
            "price": "10.87",
            "revenue": 1494540
        },
        "2017-03": {
            "month": "2017-03",
            "price": "12.85",
            "revenue": 1820753
        },
        "2017-04": {
            "month": "2017-04",
            "price": "12.85",
            "revenue": 1418122
        },
        "2017-05": {
            "month": "2017-05",
            "price": "11.90",
            "revenue": 1578624
        },
        "2017-06": {
            "month": "2017-06",
            "price": "11.85",
            "revenue": 1681652
        },
        "2017-07": {
            "month": "2017-07",
            "price": "11.43",
            "revenue": 1561274
        },
        "2017-08": {
            "month": "2017-08",
            "price": "10.62",
            "revenue": 1582852
        },
        "2017-09": {
            "month": "2017-09",
            "price": "11.21",
            "revenue": 1756436
        },
        "2017-10": {
            "month": "2017-10",
            "price": "11.37",
            "revenue": 1598893
        },
        "2017-11": {
            "month": "2017-11",
            "price": "10.84",
            "revenue": 1728473
        },
        "2017-12": {
            "month": "2017-12",
            "price": "10.35",
            "revenue": 1684178
        },
        "2018-01": {
            "month": "2018-01",
            "price": "12.46",
            "revenue": 1591336
        },
        "2018-02": {
            "month": "2018-02",
            "price": "11.37",
            "revenue": 1535853
        },
        "2018-03": {
            "month": "2018-03",
            "price": "11.53",
            "revenue": 1840336
        },
        "2018-04": {
            "month": "2018-04",
            "price": "11.17",
            "revenue": 1680991
        },
        "2018-05": {
            "month": "2018-05",
            "price": "12.42",
            "revenue": 1841399
        },
        "2018-06": {
            "month": "2018-06",
            "price": "14.56",
            "revenue": 1696618
        },
        "2018-07": {
            "month": "2018-07",
            "price": "13.57",
            "revenue": 1528584
        },
        "2018-08": {
            "month": "2018-08",
            "price": "12.26",
            "revenue": 1523390
        },
        "2018-09": {
            "month": "2018-09",
            "price": "11.38",
            "revenue": 1540550
        },
        "2018-10": {
            "month": "2018-10",
            "price": "10.31",
            "revenue": 1562641
        },
        "2018-11": {
            "month": "2018-11",
            "price": "10.54",
            "revenue": 1606801
        },
        "2018-12": {
            "month": "2018-12",
            "price": "11.42",
            "revenue": 1452773
        },
        "2019-01": {
            "month": "2019-01",
            "price": "12.39",
            "revenue": 1320807
        },
        "2019-02": {
            "month": "2019-02",
            "price": "12.90",
            "revenue": 1321117
        },
        "2019-03": {
            "month": "2019-03",
            "price": "13.28",
            "revenue": 1559065
        },
        "2019-04": {
            "month": "2019-04",
            "price": "13.82",
            "revenue": 1282075
        },
        "2019-05": {
            "month": "2019-05",
            "price": "12.62",
            "revenue": 1361903
        },
        "2019-06": {
            "month": "2019-06",
            "price": "12.28",
            "revenue": 1405165
        },
        "2019-07": {
            "month": "2019-07",
            "price": "12.98",
            "revenue": 1512290
        },
        "2019-08": {
            "month": "2019-08",
            "price": "12.35",
            "revenue": 1371993
        },
        "2019-09": {
            "month": "2019-09",
            "price": "12.46",
            "revenue": 1406107
        },
        "2019-10": {
            "month": "2019-10",
            "price": "11.95",
            "revenue": 1561031
        },
        "2019-11": {
            "month": "2019-11",
            "price": "12.21",
            "revenue": 1488883
        },
        "2019-12": {
            "month": "2019-12",
            "price": "12.83",
            "revenue": 1409909
        },
        "2020-01": {
            "month": "2020-01",
            "price": "13.79",
            "revenue": 1180303
        },
        "2020-02": {
            "month": "2020-02",
            "price": "13.74",
            "revenue": 1239894
        },
        "2020-03": {
            "month": "2020-03",
            "price": "10.94",
            "revenue": 1251335
        },
        "2020-04": {
            "month": "2020-04",
            "price": "11.95",
            "revenue": 818836
        },
        "2020-05": {
            "month": "2020-05",
            "price": "12.58",
            "revenue": 1033770
        },
        "2020-06": {
            "month": "2020-06",
            "price": "15.06",
            "revenue": 1338950
        },
        "2020-07": {
            "month": "2020-07",
            "price": "18.44",
            "revenue": 1369499
        },
        "2020-08": {
            "month": "2020-08",
            "price": "18.35",
            "revenue": 1313173
        },
        "2020-09": {
            "month": "2020-09",
            "price": "18.30",
            "revenue": 1478816
        },
        "2020-10": {
            "month": "2020-10",
            "price": "18.60",
            "revenue": 1404643
        },
        "2020-11": {
            "month": "2020-11",
            "price": "20.60",
            "revenue": 1395339
        },
        "2020-12": {
            "month": "2020-12",
            "price": "28.04",
            "revenue": 1354384
        },
        "2021-01": {
            "month": "2021-01",
            "price": "25.97",
            "revenue": 1260594
        },
        "2021-02": {
            "month": "2021-02",
            "price": "24.60",
            "revenue": 1259601
        },
        "2021-03": {
            "month": "2021-03",
            "price": "24.17",
            "revenue": 1377451
        },
        "2021-04": {
            "month": "2021-04",
            "price": "23.93",
            "revenue": 1155108
        },
        "2021-05": {
            "month": "2021-05",
            "price": "19.29",
            "revenue": 963543
        },
        "2021-06": {
            "month": "2021-06",
            "price": "19.24",
            "revenue": 1250284
        },
        "2021-07": {
            "month": "2021-07",
            "price": "19.32",
            "revenue": 1233610
        },
        "2021-08": {
            "month": "2021-08",
            "price": "17.78",
            "revenue": 1236674
        },
        "2021-09": {
            "month": "2021-09",
            "price": "17.68",
            "revenue": 1487423
        },
        "2021-10": {
            "month": "2021-10",
            "price": "19.56",
            "revenue": 1404570
        },
        "2021-11": {
            "month": "2021-11",
            "price": "19.96",
            "revenue": 1452092
        },
        "2021-12": {
            "month": "2021-12",
            "price": "18.55",
            "revenue": 1486796
        },
        "2022-01": {
            "month": "2022-01",
            "price": "17.42",
            "revenue": 1190429
        },
        "2022-02": {
            "month": "2022-02",
            "price": "16.88",
            "revenue": 1281256
        },
        "2022-03": {
            "month": "2022-03",
            "price": "16.55",
            "revenue": 1543114
        },
        "2022-04": {
            "month": "2022-04",
            "price": "16.72",
            "revenue": 1293585
        },
        "2022-05": {
            "month": "2022-05",
            "price": "15.52",
            "revenue": 1389326
        },
        "2022-06": {
            "month": "2022-06",
            "price": "15.17",
            "revenue": 1474090
        },
        "2022-07": {
            "month": "2022-07",
            "price": "15.72",
            "revenue": 1404034
        },
        "2022-08": {
            "month": "2022-08",
            "price": "16.88",
            "revenue": 1447895
        },
        "2022-09": {
            "month": "2022-09",
            "price": "16.47",
            "revenue": 1633066
        },
        "2022-10": {
            "month": "2022-10",
            "price": "14.83",
            "revenue": 1560899
        },
        "2022-11": {
            "month": "2022-11",
            "price": "14.77",
            "revenue": 1546963
        },
        "2022-12": {
            "month": "2022-12",
            "price": "15.12",
            "revenue": 1313864
        },
        "2023-01": {
            "month": "2023-01",
            "price": "15.23",
            "revenue": 1435005
        },
        "2023-02": {
            "month": "2023-02",
            "price": "16.16",
            "revenue": 1319901
        },
        "2023-03": {
            "month": "2023-03",
            "price": "17.39",
            "revenue": 1501002
        },
        "2023-04": {
            "month": "2023-04",
            "price": "18.40",
            "revenue": 1398476
        },
        "2023-05": {
            "month": "2023-05",
            "price": "19.09",
            "revenue": 1372014
        },
        "2023-06": {
            "month": "2023-06",
            "price": "20.92",
            "revenue": 1380736
        },
        "2023-07": {
            "month": "2023-07",
            "price": "21.44",
            "revenue": 1313959
        },
        "2023-08": {
            "month": "2023-08",
            "price": "22.52",
            "revenue": 1198656
        }
    }
}
