{
    "summary": {
        "stock_name": "旺宏",
        "stock_id": "2337",
        "category": "半導體",
        "main_business": "積體電路、各種半導體零組件，及其系統應用產品之<br>研究發展、設計、製造、測試、銷售及顧問諮詢",
        "website_url": "http://www.macronix.com",
        "ceo": "盧志遠",
        "pe_ratio": -29,
        "report_year_from": 2001,
        "report_year_to": 2023,
        "age": 23,
        "eps_negative_percentage": 43,
        "eps_growth_avg": {
            "last_all": -5.35,
            "last_2y": -8.35,
            "last_4y": -3.16,
            "last_8y": 7.94,
            "last_12y": -14.35,
            "last_16y": 2.54,
            "last_20y": -5.35,
            "at_2006_last_3y": -100,
            "at_2007_last_3y": 0,
            "at_2008_last_3y": -2.34,
            "at_2009_last_3y": 38.08,
            "at_2010_last_3y": 36.32,
            "at_2011_last_3y": -4.3,
            "at_2012_last_3y": -27.55,
            "at_2013_last_3y": -43.81,
            "at_2014_last_3y": -81.25,
            "at_2015_last_3y": -100,
            "at_2016_last_3y": null,
            "at_2017_last_3y": null,
            "at_2018_last_3y": 63.49,
            "at_2019_last_3y": -1.76,
            "at_2020_last_3y": 24.23,
            "at_2021_last_3y": 43.18,
            "at_2022_last_3y": 21.04,
            "at_2023_last_3y": 12.8,
            "at_2024_last_3y": 12.8,
            "at_2006_last_all": -100,
            "at_2007_last_all": 0,
            "at_2008_last_all": -2.34,
            "at_2009_last_all": 3.56,
            "at_2010_last_all": 9.06,
            "at_2011_last_all": -2.87,
            "at_2012_last_all": -16.74,
            "at_2013_last_all": -16.74,
            "at_2014_last_all": -16.74,
            "at_2015_last_all": -16.74,
            "at_2016_last_all": -16.74,
            "at_2017_last_all": -16.74,
            "at_2018_last_all": -6.71,
            "at_2019_last_all": -13.41,
            "at_2020_last_all": -4.45,
            "at_2021_last_all": 5.05,
            "at_2022_last_all": 2.54,
            "at_2023_last_all": -5.35,
            "at_2024_last_all": -5.35
        },
        "latest_eps": -0.92,
        "latest_price": 26.7,
        "latest_roe": -3.37,
        "latest_gross_margin": 19.13,
        "latest_equity": 48325955,
        "latest_revenue": 5807775,
        "latest_gross_profit": 1111025,
        "latest_net_income": -1006978,
        "latest_debt_ratio": 37.89,
        "latest_current_ratio": 310.05,
        "latest_account_receivable_turnover_ratio": 1.63,
        "latest_inventory_turnover_ratio": 0.35,
        "latest_reinvestment_rate": 50.47,
        "latest_research_to_sale_ratio": 24.94
    },
    "eps_dividends": {
        "1995": {
            "cash": 0,
            "stock": 2,
            "eps": 0
        },
        "1996": {
            "cash": 0,
            "stock": 5,
            "eps": 0
        },
        "1997": {
            "cash": 0,
            "stock": 3,
            "eps": 0
        },
        "1998": {
            "cash": 0,
            "stock": 2.2,
            "eps": 0
        },
        "1999": {
            "cash": 0,
            "stock": 1,
            "eps": 0
        },
        "2000": {
            "cash": 0,
            "stock": 1.3,
            "eps": 0
        },
        "2001": {
            "cash": 0,
            "stock": 3,
            "eps": -0.05
        },
        "2002": {
            "cash": 0,
            "stock": 1,
            "eps": -3.16
        },
        "2003": {
            "cash": 0,
            "stock": 0,
            "eps": -2.23
        },
        "2004": {
            "cash": 0,
            "stock": 0,
            "eps": 0.05
        },
        "2005": {
            "cash": 0,
            "stock": 0,
            "eps": -1.48
        },
        "2006": {
            "cash": 0,
            "stock": 0,
            "eps": 0.69
        },
        "2007": {
            "cash": 0.18,
            "stock": 0.18,
            "eps": 1.57
        },
        "2008": {
            "cash": 1,
            "stock": 0.1,
            "eps": 1.46
        },
        "2009": {
            "cash": 0.69,
            "stock": 0.4,
            "eps": 1.77
        },
        "2010": {
            "cash": 1.49,
            "stock": 0,
            "eps": 2.32
        },
        "2011": {
            "cash": 2.08,
            "stock": 0.38,
            "eps": 0.87
        },
        "2012": {
            "cash": 0,
            "stock": 0,
            "eps": -1.56
        },
        "2013": {
            "cash": 0,
            "stock": 0,
            "eps": -1.8
        },
        "2014": {
            "cash": 0,
            "stock": 0,
            "eps": -1.82
        },
        "2015": {
            "cash": 0,
            "stock": 0,
            "eps": -1.18
        },
        "2016": {
            "cash": 0,
            "stock": 0,
            "eps": -0.07
        },
        "2017": {
            "cash": 0,
            "stock": 0,
            "eps": 3.04
        },
        "2018": {
            "cash": 1,
            "stock": 0.2,
            "eps": 4.97
        },
        "2019": {
            "cash": 1.2,
            "stock": 0,
            "eps": 1.64
        },
        "2020": {
            "cash": 1.2,
            "stock": 0,
            "eps": 2.89
        },
        "2021": {
            "cash": 1.2,
            "stock": 0,
            "eps": 6.47
        },
        "2022": {
            "cash": 1.8,
            "stock": 0,
            "eps": 4.85
        },
        "2023": {
            "cash": 1.8,
            "stock": 0,
            "eps": -0.91
        },
        "2024": {
            "cash": 0.5,
            "stock": 0,
            "eps": 0
        }
    },
    "dividends": {
        "1995-06-05": {
            "cash": 0,
            "stock": 2
        },
        "1996-06-22": {
            "cash": 0,
            "stock": 5
        },
        "1997-05-31": {
            "cash": 0,
            "stock": 3
        },
        "1998-06-29": {
            "cash": 0,
            "stock": 2.2
        },
        "1999-06-12": {
            "cash": 0,
            "stock": 1
        },
        "2000-05-03": {
            "cash": 0,
            "stock": 1.3
        },
        "2001-04-19": {
            "cash": 0,
            "stock": 3
        },
        "2002-05-30": {
            "cash": 0,
            "stock": 1
        },
        "2007-04-03": {
            "cash": 0.18,
            "stock": 0.18
        },
        "2008-03-06": {
            "cash": 1,
            "stock": 0.1
        },
        "2009-03-13": {
            "cash": 0.69,
            "stock": 0.4
        },
        "2010-03-15": {
            "cash": 1.49,
            "stock": 0
        },
        "2011-01-01": {
            "cash": 0.38,
            "stock": 0.38
        },
        "2011-03-14": {
            "cash": 1.7,
            "stock": 0
        },
        "2018-09-28": {
            "cash": 1,
            "stock": 0.2
        },
        "2019-09-12": {
            "cash": 1.2,
            "stock": 0
        },
        "2020-08-28": {
            "cash": 1.2,
            "stock": 0
        },
        "2021-10-13": {
            "cash": 1.2,
            "stock": 0
        },
        "2022-08-17": {
            "cash": 1.8,
            "stock": 0
        },
        "2023-07-28": {
            "cash": 1.8,
            "stock": 0
        },
        "2024-02-27": {
            "cash": 0.5,
            "stock": 0
        }
    },
    "prices": {
        "200101": "49.69",
        "200102": "53.24",
        "200103": "50.49",
        "200104": "50.42",
        "200105": "42.87",
        "200106": "37.12",
        "200107": "29.80",
        "200108": "27.52",
        "200109": "20.82",
        "200110": "19.60",
        "200111": "23.17",
        "200112": "26.00",
        "200201": "27.17",
        "200202": "25.92",
        "200203": "30.01",
        "200204": "30.60",
        "200205": "24.25",
        "200206": "21.91",
        "200207": "15.03",
        "200208": "13.76",
        "200209": "11.24",
        "200210": "11.00",
        "200211": "12.55",
        "200212": "12.01",
        "200301": "11.78",
        "200302": "10.49",
        "200303": "9.44",
        "200304": "8.59",
        "200305": "5.30",
        "200306": "7.70",
        "200307": "9.08",
        "200308": "8.08",
        "200309": "8.24",
        "200310": "9.44",
        "200311": "8.74",
        "200312": "7.92",
        "200401": "8.55",
        "200402": "9.46",
        "200403": "12.06",
        "200404": "14.20",
        "200405": "11.51",
        "200406": "11.03",
        "200407": "10.41",
        "200408": "8.95",
        "200409": "7.92",
        "200410": "7.28",
        "200411": "7.13",
        "200412": "7.24",
        "200501": "6.35",
        "200502": "6.13",
        "200503": "5.00",
        "200504": "4.51",
        "200505": "4.75",
        "200506": "5.46",
        "200507": "5.96",
        "200508": "4.81",
        "200509": "3.60",
        "200510": "3.50",
        "200511": "3.92",
        "200512": "4.49",
        "200601": "5.26",
        "200602": "4.72",
        "200603": "4.10",
        "200604": "4.26",
        "200605": "9.14",
        "200606": "8.03",
        "200607": "8.82",
        "200608": "9.80",
        "200609": "9.76",
        "200610": "10.94",
        "200611": "12.85",
        "200612": "13.79",
        "200701": "13.22",
        "200702": "13.28",
        "200703": "13.27",
        "200704": "13.66",
        "200705": "13.77",
        "200706": "14.33",
        "200707": "17.65",
        "200708": "20.32",
        "200709": "20.20",
        "200710": "21.06",
        "200711": "17.25",
        "200712": "14.74",
        "200801": "13.32",
        "200802": "13.09",
        "200803": "13.51",
        "200804": "15.07",
        "200805": "16.13",
        "200806": "14.38",
        "200807": "13.48",
        "200808": "13.39",
        "200809": "10.29",
        "200810": "9.66",
        "200811": "8.36",
        "200812": "8.65",
        "200901": "8.89",
        "200902": "10.13",
        "200903": "12.48",
        "200904": "13.67",
        "200905": "14.67",
        "200906": "14.53",
        "200907": "16.70",
        "200908": "15.99",
        "200909": "17.43",
        "200910": "17.49",
        "200911": "16.38",
        "200912": "16.53",
        "201001": "17.74",
        "201002": "17.10",
        "201003": "18.64",
        "201004": "21.92",
        "201005": "21.22",
        "201006": "21.39",
        "201007": "21.40",
        "201008": "19.27",
        "201009": "18.64",
        "201010": "19.16",
        "201011": "18.15",
        "201012": "19.60",
        "201101": "22.03",
        "201102": "21.44",
        "201103": "19.84",
        "201104": "18.99",
        "201105": "18.15",
        "201106": "17.63",
        "201107": "17.59",
        "201108": "11.68",
        "201109": "11.49",
        "201110": "11.31",
        "201111": "12.29",
        "201112": "12.05",
        "201201": "12.12",
        "201202": "12.78",
        "201203": "11.74",
        "201204": "10.45",
        "201205": "9.08",
        "201206": "9.02",
        "201207": "8.41",
        "201208": "7.82",
        "201209": "9.01",
        "201210": "8.85",
        "201211": "7.67",
        "201212": "8.54",
        "201301": "8.84",
        "201302": "8.51",
        "201303": "8.69",
        "201304": "8.04",
        "201305": "7.93",
        "201306": "7.03",
        "201307": "7.28",
        "201308": "7.02",
        "201309": "7.17",
        "201310": "7.05",
        "201311": "6.64",
        "201312": "6.60",
        "201401": "6.92",
        "201402": "6.55",
        "201403": "6.46",
        "201404": "6.77",
        "201405": "6.94",
        "201406": "7.33",
        "201407": "8.10",
        "201408": "7.64",
        "201409": "7.38",
        "201410": "6.88",
        "201411": "6.61",
        "201412": "6.51",
        "201501": "6.87",
        "201502": "6.80",
        "201503": "7.06",
        "201504": "7.38",
        "201505": "7.07",
        "201506": "6.19",
        "201507": "5.35",
        "201508": "4.50",
        "201509": "4.61",
        "201510": "4.63",
        "201511": "4.69",
        "201512": "4.71",
        "201601": "4.32",
        "201602": "3.74",
        "201603": "4.22",
        "201604": "4.03",
        "201605": "3.08",
        "201606": "2.56",
        "201607": "3.51",
        "201608": "4.23",
        "201609": "4.05",
        "201610": "4.42",
        "201611": "4.08",
        "201612": "4.32",
        "201701": "5.75",
        "201702": "8.35",
        "201703": "9.97",
        "201704": "13.31",
        "201705": "13.20",
        "201706": "16.65",
        "201707": "16.12",
        "201708": "23.63",
        "201709": "47.42",
        "201710": "55.39",
        "201711": "50.79",
        "201712": "42.67",
        "201801": "42.95",
        "201802": "41.85",
        "201803": "46.95",
        "201804": "48.04",
        "201805": "44.83",
        "201806": "46.52",
        "201807": "42.14",
        "201808": "36.10",
        "201809": "28.08",
        "201810": "20.12",
        "201811": "19.17",
        "201812": "19.20",
        "201901": "18.71",
        "201902": "20.91",
        "201903": "21.54",
        "201904": "22.48",
        "201905": "21.88",
        "201906": "21.96",
        "201907": "27.79",
        "201908": "27.79",
        "201909": "31.00",
        "201910": "32.14",
        "201911": "31.48",
        "201912": "36.59",
        "202001": "38.51",
        "202002": "37.56",
        "202003": "28.61",
        "202004": "31.77",
        "202005": "34.07",
        "202006": "31.89",
        "202007": "31.70",
        "202008": "30.10",
        "202009": "31.45",
        "202010": "32.06",
        "202011": "33.68",
        "202012": "41.46",
        "202101": "39.97",
        "202102": "43.90",
        "202103": "43.44",
        "202104": "46.33",
        "202105": "40.27",
        "202106": "43.88",
        "202107": "43.03",
        "202108": "40.63",
        "202109": "38.72",
        "202110": "36.33",
        "202111": "41.88",
        "202112": "41.48",
        "202201": "40.30",
        "202202": "43.34",
        "202203": "42.05",
        "202204": "39.08",
        "202205": "38.66",
        "202206": "37.91",
        "202207": "31.26",
        "202208": "32.78",
        "202209": "31.24",
        "202210": "31.42",
        "202211": "33.26",
        "202212": "34.59",
        "202301": "34.82",
        "202302": "35.71",
        "202303": "34.38",
        "202304": "34.04",
        "202305": "32.62",
        "202306": "33.12",
        "202307": "31.68",
        "202308": "31.19",
        "202309": "33.74",
        "202310": "31.40",
        "202311": "28.20",
        "202312": "29.70",
        "202401": "30.15",
        "202402": "28.68",
        "202403": "27.15",
        "202404": "無"
    },
    "quarters": {
        "20011": {
            "year_quarter": 20011,
            "year": 2001,
            "quarter": 1,
            "eps": 0.77,
            "eps_growth_year": 75,
            "eps_4q": 4.71,
            "eps_4q_growth_year": 307.65,
            "roe": 4.16,
            "roe_4q": 4.16,
            "gross_profit": 4015304,
            "gross_margin": 58.76,
            "gross_margin_4q_avg": 58.76,
            "net_income": 1894173,
            "net_income_4q": null,
            "revenue": 6833033,
            "revenue_4q": null,
            "common_shares": 24744091,
            "book_valuer_per_share": 18.78,
            "book_valuer_per_share_4q_avg": 18.78,
            "equity": 46461073,
            "current_ratio": 295.31,
            "debt_ratio": 34.22,
            "inventory_turnover_ratio": 0.5,
            "account_receivable_turnover_ratio": null,
            "reinvestment_rate": null,
            "research_to_sale_ratio": null,
            "price_fair": 0,
            "eps_avg_yearly": 0,
            "eps_latest_yearly": 0,
            "eps_growth_yearly": 0
        },
        "20012": {
            "year_quarter": 20012,
            "year": 2001,
            "quarter": 2,
            "eps": 0.16,
            "eps_growth_year": -76.12,
            "eps_4q": 3.15,
            "eps_4q_growth_year": 81.75,
            "roe": 1.15,
            "roe_4q": 5.3100000000000005,
            "gross_profit": 2562325,
            "gross_margin": 50.07,
            "gross_margin_4q_avg": 54.42,
            "net_income": 534676,
            "net_income_4q": null,
            "revenue": 5117426,
            "revenue_4q": null,
            "common_shares": 33593426,
            "book_valuer_per_share": 13.95,
            "book_valuer_per_share_4q_avg": 16.37,
            "equity": 46865553,
            "current_ratio": 313.84,
            "debt_ratio": 33.62,
            "inventory_turnover_ratio": 0.38,
            "account_receivable_turnover_ratio": null,
            "reinvestment_rate": null,
            "research_to_sale_ratio": null,
            "price_fair": 0,
            "eps_avg_yearly": 0,
            "eps_latest_yearly": 0,
            "eps_growth_yearly": 0
        },
        "20013": {
            "year_quarter": 20013,
            "year": 2001,
            "quarter": 3,
            "eps": 0.01,
            "eps_growth_year": -99.23,
            "eps_4q": 2.21,
            "eps_4q_growth_year": -24.87,
            "roe": 0.08,
            "roe_4q": 5.390000000000001,
            "gross_profit": 2155275,
            "gross_margin": 42.38,
            "gross_margin_4q_avg": 50.4,
            "net_income": 39110,
            "net_income_4q": null,
            "revenue": 5085818,
            "revenue_4q": null,
            "common_shares": 33593426,
            "book_valuer_per_share": 13.87,
            "book_valuer_per_share_4q_avg": 15.53,
            "equity": 46603262,
            "current_ratio": 322.78,
            "debt_ratio": 35.33,
            "inventory_turnover_ratio": 0.37,
            "account_receivable_turnover_ratio": null,
            "reinvestment_rate": null,
            "research_to_sale_ratio": null,
            "price_fair": 0,
            "eps_avg_yearly": 0,
            "eps_latest_yearly": 0,
            "eps_growth_yearly": 0
        },
        "20014": {
            "year_quarter": 20014,
            "year": 2001,
            "quarter": 4,
            "eps": -0.99,
            "eps_growth_year": -148.29,
            "eps_4q": -0.26,
            "eps_4q_growth_year": -105.94,
            "roe": -7.43,
            "roe_4q": -2.039999999999999,
            "gross_profit": 1063357,
            "gross_margin": 24.59,
            "gross_margin_4q_avg": 43.95,
            "net_income": -3334439,
            "net_income_4q": null,
            "revenue": 4324444,
            "revenue_4q": null,
            "common_shares": 33593426,
            "book_valuer_per_share": 12.84,
            "book_valuer_per_share_4q_avg": 14.86,
            "equity": 43139567,
            "current_ratio": 302.64,
            "debt_ratio": 38.85,
            "inventory_turnover_ratio": 0.42,
            "account_receivable_turnover_ratio": null,
            "reinvestment_rate": null,
            "research_to_sale_ratio": null,
            "price_fair": 0,
            "eps_avg_yearly": 0,
            "eps_latest_yearly": 0,
            "eps_growth_yearly": 0
        },
        "20021": {
            "year_quarter": 20021,
            "year": 2002,
            "quarter": 1,
            "eps": -0.81,
            "eps_growth_year": -205.19,
            "eps_4q": -1.63,
            "eps_4q_growth_year": -134.66,
            "roe": -6.52,
            "roe_4q": -12.719999999999999,
            "gross_profit": -290033,
            "gross_margin": -10.24,
            "gross_margin_4q_avg": 26.7,
            "net_income": -2719878,
            "net_income_4q": null,
            "revenue": 2832460,
            "revenue_4q": null,
            "common_shares": 33593426,
            "book_valuer_per_share": 11.99,
            "book_valuer_per_share_4q_avg": 13.16,
            "equity": 40280435,
            "current_ratio": 317.54,
            "debt_ratio": 45.1,
            "inventory_turnover_ratio": 0.44,
            "account_receivable_turnover_ratio": null,
            "reinvestment_rate": null,
            "research_to_sale_ratio": null,
            "price_fair": 0,
            "eps_avg_yearly": 0,
            "eps_latest_yearly": 0,
            "eps_growth_yearly": 0
        },
        "20022": {
            "year_quarter": 20022,
            "year": 2002,
            "quarter": 2,
            "eps": -1.21,
            "eps_growth_year": -856.25,
            "eps_4q": -3.12,
            "eps_4q_growth_year": -198.97,
            "roe": -11.92,
            "roe_4q": -25.79,
            "gross_profit": -197161,
            "gross_margin": -5.05,
            "gross_margin_4q_avg": 12.92,
            "net_income": -4464478,
            "net_income_4q": null,
            "revenue": 3905551,
            "revenue_4q": null,
            "common_shares": 33593426,
            "book_valuer_per_share": 10.32,
            "book_valuer_per_share_4q_avg": 12.26,
            "equity": 34658104,
            "current_ratio": 171.8,
            "debt_ratio": 49.39,
            "inventory_turnover_ratio": 0.7,
            "account_receivable_turnover_ratio": null,
            "reinvestment_rate": null,
            "research_to_sale_ratio": null,
            "price_fair": 0,
            "eps_avg_yearly": 0,
            "eps_latest_yearly": 0,
            "eps_growth_yearly": 0
        },
        "20023": {
            "year_quarter": 20023,
            "year": 2002,
            "quarter": 3,
            "eps": -0.59,
            "eps_growth_year": -6000,
            "eps_4q": -3.43,
            "eps_4q_growth_year": -255.02,
            "roe": -6.41,
            "roe_4q": -32.28,
            "gross_profit": -37111,
            "gross_margin": -0.8,
            "gross_margin_4q_avg": 2.13,
            "net_income": -2148701,
            "net_income_4q": null,
            "revenue": 4664095,
            "revenue_4q": null,
            "common_shares": 36912769,
            "book_valuer_per_share": 8.77,
            "book_valuer_per_share_4q_avg": 10.98,
            "equity": 32357762,
            "current_ratio": 156.44,
            "debt_ratio": 51.78,
            "inventory_turnover_ratio": 0.93,
            "account_receivable_turnover_ratio": null,
            "reinvestment_rate": null,
            "research_to_sale_ratio": null,
            "price_fair": 0,
            "eps_avg_yearly": 0,
            "eps_latest_yearly": 0,
            "eps_growth_yearly": 0
        },
        "20024": {
            "year_quarter": 20024,
            "year": 2002,
            "quarter": 4,
            "eps": -0.55,
            "eps_growth_year": null,
            "eps_4q": -3.1,
            "eps_4q_growth_year": null,
            "roe": -6.47,
            "roe_4q": -31.319999999999997,
            "gross_profit": -353120,
            "gross_margin": -7.56,
            "gross_margin_4q_avg": -5.91,
            "net_income": -2023606,
            "net_income_4q": null,
            "revenue": 4673050,
            "revenue_4q": null,
            "common_shares": 36912769,
            "book_valuer_per_share": 8.19,
            "book_valuer_per_share_4q_avg": 9.82,
            "equity": 30214294,
            "current_ratio": 126.63,
            "debt_ratio": 53.48,
            "inventory_turnover_ratio": 0.97,
            "account_receivable_turnover_ratio": null,
            "reinvestment_rate": null,
            "research_to_sale_ratio": null,
            "price_fair": 0,
            "eps_avg_yearly": 0,
            "eps_latest_yearly": 0,
            "eps_growth_yearly": 0
        },
        "20031": {
            "year_quarter": 20031,
            "year": 2003,
            "quarter": 1,
            "eps": -0.88,
            "eps_growth_year": null,
            "eps_4q": -3.25,
            "eps_4q_growth_year": null,
            "roe": -11.21,
            "roe_4q": -36.01,
            "gross_profit": -1538897,
            "gross_margin": -51.25,
            "gross_margin_4q_avg": -16.17,
            "net_income": -3210626,
            "net_income_4q": null,
            "revenue": 3002448,
            "revenue_4q": null,
            "common_shares": 37331495,
            "book_valuer_per_share": 7.25,
            "book_valuer_per_share_4q_avg": 8.63,
            "equity": 27068293,
            "current_ratio": 168.74,
            "debt_ratio": 55.56,
            "inventory_turnover_ratio": 0.93,
            "account_receivable_turnover_ratio": null,
            "reinvestment_rate": null,
            "research_to_sale_ratio": null,
            "price_fair": 0,
            "eps_avg_yearly": 0,
            "eps_latest_yearly": 0,
            "eps_growth_yearly": 0
        },
        "20032": {
            "year_quarter": 20032,
            "year": 2003,
            "quarter": 2,
            "eps": -0.82,
            "eps_growth_year": null,
            "eps_4q": -2.75,
            "eps_4q_growth_year": null,
            "roe": -11.48,
            "roe_4q": -35.57,
            "gross_profit": -1223276,
            "gross_margin": -30.44,
            "gross_margin_4q_avg": -22.51,
            "net_income": -2998467,
            "net_income_4q": null,
            "revenue": 4018196,
            "revenue_4q": null,
            "common_shares": 37793495,
            "book_valuer_per_share": 6.66,
            "book_valuer_per_share_4q_avg": 7.72,
            "equity": 25164895,
            "current_ratio": 186.78,
            "debt_ratio": 55.52,
            "inventory_turnover_ratio": 1.16,
            "account_receivable_turnover_ratio": null,
            "reinvestment_rate": null,
            "research_to_sale_ratio": null,
            "price_fair": 0,
            "eps_avg_yearly": 0,
            "eps_latest_yearly": 0,
            "eps_growth_yearly": 0
        },
        "20033": {
            "year_quarter": 20033,
            "year": 2003,
            "quarter": 3,
            "eps": -0.32,
            "eps_growth_year": null,
            "eps_4q": -2.4,
            "eps_4q_growth_year": null,
            "roe": -4.75,
            "roe_4q": -33.910000000000004,
            "gross_profit": -787752,
            "gross_margin": -16.06,
            "gross_margin_4q_avg": -26.33,
            "net_income": -1194243,
            "net_income_4q": null,
            "revenue": 4903972,
            "revenue_4q": null,
            "common_shares": 39277583,
            "book_valuer_per_share": 6.4,
            "book_valuer_per_share_4q_avg": 7.13,
            "equity": 25149769,
            "current_ratio": 103.58,
            "debt_ratio": 54.03,
            "inventory_turnover_ratio": 1.33,
            "account_receivable_turnover_ratio": null,
            "reinvestment_rate": null,
            "research_to_sale_ratio": null,
            "price_fair": 0,
            "eps_avg_yearly": 0,
            "eps_latest_yearly": 0,
            "eps_growth_yearly": 0
        },
        "20034": {
            "year_quarter": 20034,
            "year": 2003,
            "quarter": 4,
            "eps": -0.21,
            "eps_growth_year": null,
            "eps_4q": -2.13,
            "eps_4q_growth_year": null,
            "roe": -2.93,
            "roe_4q": -30.37,
            "gross_profit": 384705,
            "gross_margin": 7.03,
            "gross_margin_4q_avg": -22.68,
            "net_income": -794409,
            "net_income_4q": null,
            "revenue": 5470421,
            "revenue_4q": null,
            "common_shares": 44302519,
            "book_valuer_per_share": 6.57,
            "book_valuer_per_share_4q_avg": 6.72,
            "equity": 29098062,
            "current_ratio": 112.56,
            "debt_ratio": 49.36,
            "inventory_turnover_ratio": 1.24,
            "account_receivable_turnover_ratio": null,
            "reinvestment_rate": null,
            "research_to_sale_ratio": null,
            "price_fair": 0,
            "eps_avg_yearly": 0,
            "eps_latest_yearly": 0,
            "eps_growth_yearly": 0
        },
        "20041": {
            "year_quarter": 20041,
            "year": 2004,
            "quarter": 1,
            "eps": 0,
            "eps_growth_year": null,
            "eps_4q": -1.11,
            "eps_4q_growth_year": null,
            "roe": 0.06,
            "roe_4q": -19.1,
            "gross_profit": 158230,
            "gross_margin": 3.29,
            "gross_margin_4q_avg": -9.05,
            "net_income": 18520,
            "net_income_4q": null,
            "revenue": 4804092,
            "revenue_4q": null,
            "common_shares": 44787044,
            "book_valuer_per_share": 6.61,
            "book_valuer_per_share_4q_avg": 6.56,
            "equity": 29602380,
            "current_ratio": 123.1,
            "debt_ratio": 45.02,
            "inventory_turnover_ratio": 1.1,
            "account_receivable_turnover_ratio": null,
            "reinvestment_rate": null,
            "research_to_sale_ratio": null,
            "price_fair": 0,
            "eps_avg_yearly": 0,
            "eps_latest_yearly": 0,
            "eps_growth_yearly": 0
        },
        "20042": {
            "year_quarter": 20042,
            "year": 2004,
            "quarter": 2,
            "eps": 0.11,
            "eps_growth_year": null,
            "eps_4q": -0.32,
            "eps_4q_growth_year": null,
            "roe": 1.54,
            "roe_4q": -6.08,
            "gross_profit": 1314803,
            "gross_margin": 19.62,
            "gross_margin_4q_avg": 3.47,
            "net_income": 502785,
            "net_income_4q": null,
            "revenue": 6701614,
            "revenue_4q": null,
            "common_shares": 50037044,
            "book_valuer_per_share": 7.12,
            "book_valuer_per_share_4q_avg": 6.68,
            "equity": 35642368,
            "current_ratio": 224.83,
            "debt_ratio": 36.47,
            "inventory_turnover_ratio": 1.19,
            "account_receivable_turnover_ratio": null,
            "reinvestment_rate": null,
            "research_to_sale_ratio": null,
            "price_fair": 0,
            "eps_avg_yearly": 0,
            "eps_latest_yearly": 0,
            "eps_growth_yearly": 0
        },
        "20043": {
            "year_quarter": 20043,
            "year": 2004,
            "quarter": 3,
            "eps": 0.1,
            "eps_growth_year": null,
            "eps_4q": 0.04,
            "eps_4q_growth_year": null,
            "roe": 1.38,
            "roe_4q": 0.04999999999999982,
            "gross_profit": 1460117,
            "gross_margin": 22.51,
            "gross_margin_4q_avg": 13.11,
            "net_income": 490787,
            "net_income_4q": null,
            "revenue": 6485445,
            "revenue_4q": null,
            "common_shares": 50349285,
            "book_valuer_per_share": 7.05,
            "book_valuer_per_share_4q_avg": 6.84,
            "equity": 35519294,
            "current_ratio": 247.2,
            "debt_ratio": 34.27,
            "inventory_turnover_ratio": 1.06,
            "account_receivable_turnover_ratio": null,
            "reinvestment_rate": null,
            "research_to_sale_ratio": null,
            "price_fair": 1.2,
            "eps_avg_yearly": 0.4,
            "eps_latest_yearly": 0.4,
            "eps_growth_yearly": -36.36
        },
        "20044": {
            "year_quarter": 20044,
            "year": 2004,
            "quarter": 4,
            "eps": -0.16,
            "eps_growth_year": null,
            "eps_4q": 0.05,
            "eps_4q_growth_year": null,
            "roe": -2.27,
            "roe_4q": 0.71,
            "gross_profit": 1066961,
            "gross_margin": 21.51,
            "gross_margin_4q_avg": 16.73,
            "net_income": -794400,
            "net_income_4q": null,
            "revenue": 4959297,
            "revenue_4q": null,
            "common_shares": 50352963,
            "book_valuer_per_share": 6.82,
            "book_valuer_per_share_4q_avg": 6.9,
            "equity": 34344673,
            "current_ratio": 263.58,
            "debt_ratio": 34.5,
            "inventory_turnover_ratio": 0.81,
            "account_receivable_turnover_ratio": null,
            "reinvestment_rate": null,
            "research_to_sale_ratio": null,
            "price_fair": 1.2,
            "eps_avg_yearly": 0.4,
            "eps_latest_yearly": 0.4,
            "eps_growth_yearly": -36.36
        },
        "20051": {
            "year_quarter": 20051,
            "year": 2005,
            "quarter": 1,
            "eps": -0.6,
            "eps_growth_year": null,
            "eps_4q": -0.56,
            "eps_4q_growth_year": null,
            "roe": -9.08,
            "roe_4q": -8.43,
            "gross_profit": -988255,
            "gross_margin": -27.36,
            "gross_margin_4q_avg": 9.07,
            "net_income": -2975258,
            "net_income_4q": null,
            "revenue": 3611494,
            "revenue_4q": null,
            "common_shares": 50352963,
            "book_valuer_per_share": 6.2,
            "book_valuer_per_share_4q_avg": 6.8,
            "equity": 31208116,
            "current_ratio": 272.89,
            "debt_ratio": 34.06,
            "inventory_turnover_ratio": 1.07,
            "account_receivable_turnover_ratio": null,
            "reinvestment_rate": null,
            "research_to_sale_ratio": null,
            "price_fair": 1.2,
            "eps_avg_yearly": 0.4,
            "eps_latest_yearly": 0.4,
            "eps_growth_yearly": -36.36
        },
        "20052": {
            "year_quarter": 20052,
            "year": 2005,
            "quarter": 2,
            "eps": -0.72,
            "eps_growth_year": -754.55,
            "eps_4q": -1.38,
            "eps_4q_growth_year": null,
            "roe": -11.95,
            "roe_4q": -21.92,
            "gross_profit": -522655,
            "gross_margin": -13.49,
            "gross_margin_4q_avg": 0.79,
            "net_income": -3603103,
            "net_income_4q": null,
            "revenue": 3875573,
            "revenue_4q": null,
            "common_shares": 49952963,
            "book_valuer_per_share": 5.82,
            "book_valuer_per_share_4q_avg": 6.47,
            "equity": 29084567,
            "current_ratio": 272.57,
            "debt_ratio": 35.36,
            "inventory_turnover_ratio": 1.22,
            "account_receivable_turnover_ratio": null,
            "reinvestment_rate": null,
            "research_to_sale_ratio": null,
            "price_fair": 1.2,
            "eps_avg_yearly": 0.4,
            "eps_latest_yearly": 0.4,
            "eps_growth_yearly": -36.36
        },
        "20053": {
            "year_quarter": 20053,
            "year": 2005,
            "quarter": 3,
            "eps": 0.02,
            "eps_growth_year": -80,
            "eps_4q": -1.72,
            "eps_4q_growth_year": -3984.68,
            "roe": 0.29,
            "roe_4q": -23.01,
            "gross_profit": 495922,
            "gross_margin": 9.41,
            "gross_margin_4q_avg": -2.48,
            "net_income": 84598,
            "net_income_4q": null,
            "revenue": 5269497,
            "revenue_4q": null,
            "common_shares": 49952963,
            "book_valuer_per_share": 5.8,
            "book_valuer_per_share_4q_avg": 6.16,
            "equity": 28963499,
            "current_ratio": 276.22,
            "debt_ratio": 34.93,
            "inventory_turnover_ratio": 1.4,
            "account_receivable_turnover_ratio": null,
            "reinvestment_rate": null,
            "research_to_sale_ratio": null,
            "price_fair": 1.2,
            "eps_avg_yearly": 0.4,
            "eps_latest_yearly": 0.4,
            "eps_growth_yearly": -36.36
        },
        "20054": {
            "year_quarter": 20054,
            "year": 2005,
            "quarter": 4,
            "eps": -0.18,
            "eps_growth_year": null,
            "eps_4q": -2.31,
            "eps_4q_growth_year": -4718.54,
            "roe": -1.85,
            "roe_4q": -22.59,
            "gross_profit": 979254,
            "gross_margin": 16.85,
            "gross_margin_4q_avg": -3.65,
            "net_income": -533426,
            "net_income_4q": null,
            "revenue": 5810701,
            "revenue_4q": null,
            "common_shares": 49952963,
            "book_valuer_per_share": 5.72,
            "book_valuer_per_share_4q_avg": 5.89,
            "equity": 28760738,
            "current_ratio": 187.8,
            "debt_ratio": 36.93,
            "inventory_turnover_ratio": 1.38,
            "account_receivable_turnover_ratio": null,
            "reinvestment_rate": null,
            "research_to_sale_ratio": null,
            "price_fair": 1.2,
            "eps_avg_yearly": 0.4,
            "eps_latest_yearly": 0.4,
            "eps_growth_yearly": -36.36
        },
        "20061": {
            "year_quarter": 20061,
            "year": 2006,
            "quarter": 1,
            "eps": -0.22,
            "eps_growth_year": null,
            "eps_4q": -1.64,
            "eps_4q_growth_year": null,
            "roe": -2.18,
            "roe_4q": -15.69,
            "gross_profit": 553403,
            "gross_margin": 12.53,
            "gross_margin_4q_avg": 6.33,
            "net_income": -627071,
            "net_income_4q": null,
            "revenue": 4415616,
            "revenue_4q": null,
            "common_shares": 29159218,
            "book_valuer_per_share": 9.91,
            "book_valuer_per_share_4q_avg": 6.81,
            "equity": 28898204,
            "current_ratio": 205.2,
            "debt_ratio": 32.63,
            "inventory_turnover_ratio": 1.05,
            "account_receivable_turnover_ratio": null,
            "reinvestment_rate": null,
            "research_to_sale_ratio": null,
            "price_fair": 1.2,
            "eps_avg_yearly": 0.4,
            "eps_latest_yearly": 0.4,
            "eps_growth_yearly": -36.36
        },
        "20062": {
            "year_quarter": 20062,
            "year": 2006,
            "quarter": 2,
            "eps": 0.08,
            "eps_growth_year": null,
            "eps_4q": -0.29,
            "eps_4q_growth_year": null,
            "roe": 0.81,
            "roe_4q": -2.93,
            "gross_profit": 1371865,
            "gross_margin": 26.2,
            "gross_margin_4q_avg": 16.25,
            "net_income": 232414,
            "net_income_4q": null,
            "revenue": 5236114,
            "revenue_4q": null,
            "common_shares": 29159218,
            "book_valuer_per_share": 9.83,
            "book_valuer_per_share_4q_avg": 7.82,
            "equity": 28672570,
            "current_ratio": 173.02,
            "debt_ratio": 35.01,
            "inventory_turnover_ratio": 1,
            "account_receivable_turnover_ratio": null,
            "reinvestment_rate": null,
            "research_to_sale_ratio": null,
            "price_fair": 1.2,
            "eps_avg_yearly": 0.4,
            "eps_latest_yearly": 0.4,
            "eps_growth_yearly": -36.36
        },
        "20063": {
            "year_quarter": 20063,
            "year": 2006,
            "quarter": 3,
            "eps": 0.37,
            "eps_growth_year": 1750,
            "eps_4q": 0.06,
            "eps_4q_growth_year": null,
            "roe": 3.73,
            "roe_4q": 0.5099999999999998,
            "gross_profit": 2444643,
            "gross_margin": 36.44,
            "gross_margin_4q_avg": 23.01,
            "net_income": 1090730,
            "net_income_4q": null,
            "revenue": 6707763,
            "revenue_4q": null,
            "common_shares": 29159218,
            "book_valuer_per_share": 10.23,
            "book_valuer_per_share_4q_avg": 8.92,
            "equity": 29829085,
            "current_ratio": 237.74,
            "debt_ratio": 25.92,
            "inventory_turnover_ratio": 1.07,
            "account_receivable_turnover_ratio": null,
            "reinvestment_rate": null,
            "research_to_sale_ratio": null,
            "price_fair": 32.9,
            "eps_avg_yearly": 0.94,
            "eps_latest_yearly": 1.48,
            "eps_growth_yearly": 706.82
        },
        "20064": {
            "year_quarter": 20064,
            "year": 2006,
            "quarter": 4,
            "eps": 0.46,
            "eps_growth_year": null,
            "eps_4q": 0.7,
            "eps_4q_growth_year": null,
            "roe": 4.38,
            "roe_4q": 6.74,
            "gross_profit": 2482782,
            "gross_margin": 38.6,
            "gross_margin_4q_avg": 28.44,
            "net_income": 1337975,
            "net_income_4q": null,
            "revenue": 6431379,
            "revenue_4q": null,
            "common_shares": 29161578,
            "book_valuer_per_share": 10.7,
            "book_valuer_per_share_4q_avg": 10.17,
            "equity": 31211696,
            "current_ratio": 312.21,
            "debt_ratio": 22.38,
            "inventory_turnover_ratio": 0.98,
            "account_receivable_turnover_ratio": null,
            "reinvestment_rate": null,
            "research_to_sale_ratio": null,
            "price_fair": 43.4,
            "eps_avg_yearly": 1.24,
            "eps_latest_yearly": 1.84,
            "eps_growth_yearly": 503.64
        },
        "20071": {
            "year_quarter": 20071,
            "year": 2007,
            "quarter": 1,
            "eps": 0.19,
            "eps_growth_year": null,
            "eps_4q": 1.11,
            "eps_4q_growth_year": null,
            "roe": 1.74,
            "roe_4q": 10.66,
            "gross_profit": 1699477,
            "gross_margin": 32.97,
            "gross_margin_4q_avg": 33.55,
            "net_income": 550262,
            "net_income_4q": null,
            "revenue": 5154905,
            "revenue_4q": null,
            "common_shares": 29164159,
            "book_valuer_per_share": 10.96,
            "book_valuer_per_share_4q_avg": 10.43,
            "equity": 31954787,
            "current_ratio": 325.2,
            "debt_ratio": 20.04,
            "inventory_turnover_ratio": 0.85,
            "account_receivable_turnover_ratio": null,
            "reinvestment_rate": null,
            "research_to_sale_ratio": null,
            "price_fair": 39.2,
            "eps_avg_yearly": 1.12,
            "eps_latest_yearly": 0.76,
            "eps_growth_yearly": 319.04
        },
        "20072": {
            "year_quarter": 20072,
            "year": 2007,
            "quarter": 2,
            "eps": 0.28,
            "eps_growth_year": 250,
            "eps_4q": 1.32,
            "eps_4q_growth_year": null,
            "roe": 2.5,
            "roe_4q": 12.350000000000001,
            "gross_profit": 1903579,
            "gross_margin": 32.46,
            "gross_margin_4q_avg": 35.12,
            "net_income": 801477,
            "net_income_4q": null,
            "revenue": 5864190,
            "revenue_4q": null,
            "common_shares": 29170584,
            "book_valuer_per_share": 10.99,
            "book_valuer_per_share_4q_avg": 10.72,
            "equity": 32064256,
            "current_ratio": 360.77,
            "debt_ratio": 20.55,
            "inventory_turnover_ratio": 1.03,
            "account_receivable_turnover_ratio": null,
            "reinvestment_rate": null,
            "research_to_sale_ratio": null,
            "price_fair": 39.2,
            "eps_avg_yearly": 1.12,
            "eps_latest_yearly": 1.12,
            "eps_growth_yearly": 293.12
        },
        "20073": {
            "year_quarter": 20073,
            "year": 2007,
            "quarter": 3,
            "eps": 0.69,
            "eps_growth_year": 86.49,
            "eps_4q": 1.59,
            "eps_4q_growth_year": 2778.17,
            "roe": 6.16,
            "roe_4q": 14.780000000000001,
            "gross_profit": 3208371,
            "gross_margin": 44.3,
            "gross_margin_4q_avg": 37.08,
            "net_income": 2066773,
            "net_income_4q": null,
            "revenue": 7241547,
            "revenue_4q": null,
            "common_shares": 30506533,
            "book_valuer_per_share": 11.49,
            "book_valuer_per_share_4q_avg": 11.04,
            "equity": 35055462,
            "current_ratio": 386.03,
            "debt_ratio": 19.32,
            "inventory_turnover_ratio": 1.09,
            "account_receivable_turnover_ratio": null,
            "reinvestment_rate": null,
            "research_to_sale_ratio": null,
            "price_fair": 48.77,
            "eps_avg_yearly": 1.39,
            "eps_latest_yearly": 2.76,
            "eps_growth_yearly": 341.89
        },
        "20074": {
            "year_quarter": 20074,
            "year": 2007,
            "quarter": 4,
            "eps": 0.41,
            "eps_growth_year": -10.87,
            "eps_4q": 1.54,
            "eps_4q_growth_year": 120.9,
            "roe": 3.46,
            "roe_4q": 13.860000000000001,
            "gross_profit": 2607306,
            "gross_margin": 43.15,
            "gross_margin_4q_avg": 38.22,
            "net_income": 1235154,
            "net_income_4q": null,
            "revenue": 6043033,
            "revenue_4q": null,
            "common_shares": 30602266,
            "book_valuer_per_share": 11.79,
            "book_valuer_per_share_4q_avg": 11.31,
            "equity": 36408403,
            "current_ratio": 405.73,
            "debt_ratio": 19.43,
            "inventory_turnover_ratio": 0.86,
            "account_receivable_turnover_ratio": null,
            "reinvestment_rate": null,
            "research_to_sale_ratio": null,
            "price_fair": 50,
            "eps_avg_yearly": 1.43,
            "eps_latest_yearly": 1.64,
            "eps_growth_yearly": 269.86
        },
        "20081": {
            "year_quarter": 20081,
            "year": 2008,
            "quarter": 1,
            "eps": 0.24,
            "eps_growth_year": 26.32,
            "eps_4q": 1.7,
            "eps_4q_growth_year": 53.27,
            "roe": 1.86,
            "roe_4q": 13.98,
            "gross_profit": 2110676,
            "gross_margin": 40.35,
            "gross_margin_4q_avg": 40.07,
            "net_income": 681133,
            "net_income_4q": null,
            "revenue": 5230285,
            "revenue_4q": null,
            "common_shares": 30627520,
            "book_valuer_per_share": 11.97,
            "book_valuer_per_share_4q_avg": 11.56,
            "equity": 36955820,
            "current_ratio": 423.91,
            "debt_ratio": 18.17,
            "inventory_turnover_ratio": 0.65,
            "account_receivable_turnover_ratio": null,
            "reinvestment_rate": -3052.85,
            "research_to_sale_ratio": null,
            "price_fair": 47.95,
            "eps_avg_yearly": 1.37,
            "eps_latest_yearly": 0.96,
            "eps_growth_yearly": 215.4
        },
        "20082": {
            "year_quarter": 20082,
            "year": 2008,
            "quarter": 2,
            "eps": 0.28,
            "eps_growth_year": 0,
            "eps_4q": 1.7,
            "eps_4q_growth_year": 28.52,
            "roe": 2.26,
            "roe_4q": 13.74,
            "gross_profit": 2163517,
            "gross_margin": 38.9,
            "gross_margin_4q_avg": 41.68,
            "net_income": 803389,
            "net_income_4q": null,
            "revenue": 5561425,
            "revenue_4q": null,
            "common_shares": 30636774,
            "book_valuer_per_share": 11.08,
            "book_valuer_per_share_4q_avg": 11.58,
            "equity": 34202456,
            "current_ratio": 297.13,
            "debt_ratio": 24.71,
            "inventory_turnover_ratio": 0.62,
            "account_receivable_turnover_ratio": null,
            "reinvestment_rate": -1897.34,
            "research_to_sale_ratio": null,
            "price_fair": 46.98,
            "eps_avg_yearly": 1.34,
            "eps_latest_yearly": 1.12,
            "eps_growth_yearly": 198.87
        },
        "20083": {
            "year_quarter": 20083,
            "year": 2008,
            "quarter": 3,
            "eps": 0.68,
            "eps_growth_year": -1.45,
            "eps_4q": 1.61,
            "eps_4q_growth_year": 1.14,
            "roe": 5.93,
            "roe_4q": 13.509999999999998,
            "gross_profit": 3348102,
            "gross_margin": 42.08,
            "gross_margin_4q_avg": 41.12,
            "net_income": 2084932,
            "net_income_4q": null,
            "revenue": 7955947,
            "revenue_4q": null,
            "common_shares": 31262964,
            "book_valuer_per_share": 11.49,
            "book_valuer_per_share_4q_avg": 11.58,
            "equity": 36146392,
            "current_ratio": 410.67,
            "debt_ratio": 18.5,
            "inventory_turnover_ratio": 0.83,
            "account_receivable_turnover_ratio": null,
            "reinvestment_rate": -654.77,
            "research_to_sale_ratio": null,
            "price_fair": 56,
            "eps_avg_yearly": 1.6,
            "eps_latest_yearly": 2.72,
            "eps_growth_yearly": 266.4
        },
        "20084": {
            "year_quarter": 20084,
            "year": 2008,
            "quarter": 4,
            "eps": 0.26,
            "eps_growth_year": -36.59,
            "eps_4q": 1.51,
            "eps_4q_growth_year": -1.98,
            "roe": 2.12,
            "roe_4q": 12.17,
            "gross_profit": 2438842,
            "gross_margin": 42.37,
            "gross_margin_4q_avg": 40.93,
            "net_income": 775200,
            "net_income_4q": null,
            "revenue": 5756360,
            "revenue_4q": null,
            "common_shares": 31267757,
            "book_valuer_per_share": 11.81,
            "book_valuer_per_share_4q_avg": 11.59,
            "equity": 37143210,
            "current_ratio": 475.11,
            "debt_ratio": 16.31,
            "inventory_turnover_ratio": 0.62,
            "account_receivable_turnover_ratio": 5.24,
            "reinvestment_rate": -369.85,
            "research_to_sale_ratio": null,
            "price_fair": 54.04,
            "eps_avg_yearly": 1.54,
            "eps_latest_yearly": 1.04,
            "eps_growth_yearly": 215.06
        },
        "20091": {
            "year_quarter": 20091,
            "year": 2009,
            "quarter": 1,
            "eps": 0.2,
            "eps_growth_year": -16.67,
            "eps_4q": 1.5,
            "eps_4q_growth_year": -11.47,
            "roe": 1.56,
            "roe_4q": 11.87,
            "gross_profit": 1837879,
            "gross_margin": 36.47,
            "gross_margin_4q_avg": 39.96,
            "net_income": 587298,
            "net_income_4q": null,
            "revenue": 5038990,
            "revenue_4q": null,
            "common_shares": 31351348,
            "book_valuer_per_share": 12.06,
            "book_valuer_per_share_4q_avg": 11.61,
            "equity": 37975016,
            "current_ratio": 672.56,
            "debt_ratio": 12.17,
            "inventory_turnover_ratio": 0.65,
            "account_receivable_turnover_ratio": 2.03,
            "reinvestment_rate": -184.83,
            "research_to_sale_ratio": null,
            "price_fair": 51.67,
            "eps_avg_yearly": 1.48,
            "eps_latest_yearly": 0.8,
            "eps_growth_yearly": 187.11
        },
        "20092": {
            "year_quarter": 20092,
            "year": 2009,
            "quarter": 2,
            "eps": 0.31,
            "eps_growth_year": 10.71,
            "eps_4q": 1.48,
            "eps_4q_growth_year": -12.86,
            "roe": 2.55,
            "roe_4q": 12.16,
            "gross_profit": 2364796,
            "gross_margin": 40.12,
            "gross_margin_4q_avg": 40.26,
            "net_income": 953606,
            "net_income_4q": null,
            "revenue": 5893872,
            "revenue_4q": null,
            "common_shares": 31475389,
            "book_valuer_per_share": 11.66,
            "book_valuer_per_share_4q_avg": 11.76,
            "equity": 36850978,
            "current_ratio": 438.16,
            "debt_ratio": 17.77,
            "inventory_turnover_ratio": 0.8,
            "account_receivable_turnover_ratio": 1.83,
            "reinvestment_rate": -111.55,
            "research_to_sale_ratio": null,
            "price_fair": 50.98,
            "eps_avg_yearly": 1.46,
            "eps_latest_yearly": 1.24,
            "eps_growth_yearly": 189.85
        },
        "20093": {
            "year_quarter": 20093,
            "year": 2009,
            "quarter": 3,
            "eps": 0.7,
            "eps_growth_year": 2.94,
            "eps_4q": 1.47,
            "eps_4q_growth_year": -8.78,
            "roe": 5.88,
            "roe_4q": 12.11,
            "gross_profit": 3914256,
            "gross_margin": 46.29,
            "gross_margin_4q_avg": 41.31,
            "net_income": 2244724,
            "net_income_4q": null,
            "revenue": 8455975,
            "revenue_4q": null,
            "common_shares": 32897725,
            "book_valuer_per_share": 11.97,
            "book_valuer_per_share_4q_avg": 11.88,
            "equity": 39524804,
            "current_ratio": 628.64,
            "debt_ratio": 13,
            "inventory_turnover_ratio": 1.19,
            "account_receivable_turnover_ratio": 1.89,
            "reinvestment_rate": -87.06,
            "research_to_sale_ratio": null,
            "price_fair": 54.6,
            "eps_avg_yearly": 1.56,
            "eps_latest_yearly": 2.8,
            "eps_growth_yearly": 213.96
        },
        "20094": {
            "year_quarter": 20094,
            "year": 2009,
            "quarter": 4,
            "eps": 0.56,
            "eps_growth_year": 115.38,
            "eps_4q": 1.72,
            "eps_4q_growth_year": 13.9,
            "roe": 4.44,
            "roe_4q": 14.430000000000001,
            "gross_profit": 3391260,
            "gross_margin": 45.52,
            "gross_margin_4q_avg": 42.1,
            "net_income": 1800220,
            "net_income_4q": null,
            "revenue": 7449582,
            "revenue_4q": null,
            "common_shares": 33030279,
            "book_valuer_per_share": 12.55,
            "book_valuer_per_share_4q_avg": 12.06,
            "equity": 41528035,
            "current_ratio": 644.18,
            "debt_ratio": 12.88,
            "inventory_turnover_ratio": 1.29,
            "account_receivable_turnover_ratio": 3.69,
            "reinvestment_rate": -23.87,
            "research_to_sale_ratio": null,
            "price_fair": 56.3,
            "eps_avg_yearly": 1.61,
            "eps_latest_yearly": 2.24,
            "eps_growth_yearly": 192.96
        },
        "20101": {
            "year_quarter": 20101,
            "year": 2010,
            "quarter": 1,
            "eps": 0.49,
            "eps_growth_year": 145,
            "eps_4q": 2.01,
            "eps_4q_growth_year": 33.73,
            "roe": 3.77,
            "roe_4q": 16.64,
            "gross_profit": 3167074,
            "gross_margin": 47.32,
            "gross_margin_4q_avg": 44.81,
            "net_income": 1608411,
            "net_income_4q": null,
            "revenue": 6693205,
            "revenue_4q": null,
            "common_shares": 33303199,
            "book_valuer_per_share": 13.1,
            "book_valuer_per_share_4q_avg": 12.32,
            "equity": 43691377,
            "current_ratio": 693.33,
            "debt_ratio": 12.1,
            "inventory_turnover_ratio": 1.28,
            "account_receivable_turnover_ratio": 1.66,
            "reinvestment_rate": -13.44,
            "research_to_sale_ratio": 11.09,
            "price_fair": 57.12,
            "eps_avg_yearly": 1.63,
            "eps_latest_yearly": 1.96,
            "eps_growth_yearly": 176.77
        },
        "20102": {
            "year_quarter": 20102,
            "year": 2010,
            "quarter": 2,
            "eps": 0.68,
            "eps_growth_year": 119.25,
            "eps_4q": 2.39,
            "eps_4q_growth_year": 61.52,
            "roe": 5.3,
            "roe_4q": 19.39,
            "gross_profit": 3799910,
            "gross_margin": 51.13,
            "gross_margin_4q_avg": 47.57,
            "net_income": 2255072,
            "net_income_4q": null,
            "revenue": 7431767,
            "revenue_4q": null,
            "common_shares": 33503890,
            "book_valuer_per_share": 12.3,
            "book_valuer_per_share_4q_avg": 12.48,
            "equity": 41407804,
            "current_ratio": 321.93,
            "debt_ratio": 22.02,
            "inventory_turnover_ratio": 1.37,
            "account_receivable_turnover_ratio": 1.7,
            "reinvestment_rate": 9.31,
            "research_to_sale_ratio": 10.12,
            "price_fair": 59.5,
            "eps_avg_yearly": 1.7,
            "eps_latest_yearly": 2.72,
            "eps_growth_yearly": 175.41
        },
        "20103": {
            "year_quarter": 20103,
            "year": 2010,
            "quarter": 3,
            "eps": 0.82,
            "eps_growth_year": 17.64,
            "eps_4q": 2.53,
            "eps_4q_growth_year": 72.84,
            "roe": 6.38,
            "roe_4q": 19.89,
            "gross_profit": 4831917,
            "gross_margin": 57.94,
            "gross_margin_4q_avg": 50.48,
            "net_income": 2726631,
            "net_income_4q": null,
            "revenue": 8339390,
            "revenue_4q": null,
            "common_shares": 33554179,
            "book_valuer_per_share": 13.08,
            "book_valuer_per_share_4q_avg": 12.76,
            "equity": 44101667,
            "current_ratio": 396.19,
            "debt_ratio": 16.58,
            "inventory_turnover_ratio": 1.21,
            "account_receivable_turnover_ratio": 1.68,
            "reinvestment_rate": 25.1,
            "research_to_sale_ratio": 10.78,
            "price_fair": 63.44,
            "eps_avg_yearly": 1.81,
            "eps_latest_yearly": 3.28,
            "eps_growth_yearly": 89.93
        },
        "20104": {
            "year_quarter": 20104,
            "year": 2010,
            "quarter": 4,
            "eps": 0.33,
            "eps_growth_year": -40.45,
            "eps_4q": 2.32,
            "eps_4q_growth_year": 34.38,
            "roe": 2.42,
            "roe_4q": 17.87,
            "gross_profit": 3030275,
            "gross_margin": 54.39,
            "gross_margin_4q_avg": 52.7,
            "net_income": 1081491,
            "net_income_4q": null,
            "revenue": 5571673,
            "revenue_4q": null,
            "common_shares": 33623017,
            "book_valuer_per_share": 13.44,
            "book_valuer_per_share_4q_avg": 12.98,
            "equity": 45354810,
            "current_ratio": 258.04,
            "debt_ratio": 25.41,
            "inventory_turnover_ratio": 0.72,
            "account_receivable_turnover_ratio": 1.35,
            "reinvestment_rate": 63.46,
            "research_to_sale_ratio": 15.22,
            "price_fair": 62.3,
            "eps_avg_yearly": 1.78,
            "eps_latest_yearly": 1.32,
            "eps_growth_yearly": 68.91
        },
        "20111": {
            "year_quarter": 20111,
            "year": 2011,
            "quarter": 1,
            "eps": 0.32,
            "eps_growth_year": -34.69,
            "eps_4q": 2.14,
            "eps_4q_growth_year": 6.29,
            "roe": 2.22,
            "roe_4q": 16.32,
            "gross_profit": 2781885,
            "gross_margin": 41.63,
            "gross_margin_4q_avg": 51.27,
            "net_income": 1018671,
            "net_income_4q": null,
            "revenue": 6682285,
            "revenue_4q": null,
            "common_shares": 33781743,
            "book_valuer_per_share": 13.68,
            "book_valuer_per_share_4q_avg": 13.13,
            "equity": 46371201,
            "current_ratio": 210.13,
            "debt_ratio": 28.95,
            "inventory_turnover_ratio": 0.86,
            "account_receivable_turnover_ratio": 2.1,
            "reinvestment_rate": 76.37,
            "research_to_sale_ratio": 14.79,
            "price_fair": 63.44,
            "eps_avg_yearly": 1.81,
            "eps_latest_yearly": 1.28,
            "eps_growth_yearly": 82.83
        },
        "20112": {
            "year_quarter": 20112,
            "year": 2011,
            "quarter": 2,
            "eps": 0.15,
            "eps_growth_year": -77.56,
            "eps_4q": 1.62,
            "eps_4q_growth_year": -32.37,
            "roe": 1.11,
            "roe_4q": 12.129999999999999,
            "gross_profit": 2233177,
            "gross_margin": 34.91,
            "gross_margin_4q_avg": 47.22,
            "net_income": 483363,
            "net_income_4q": null,
            "revenue": 6396906,
            "revenue_4q": null,
            "common_shares": 33815453,
            "book_valuer_per_share": 12.1,
            "book_valuer_per_share_4q_avg": 13.08,
            "equity": 41041175,
            "current_ratio": 182.37,
            "debt_ratio": 38.34,
            "inventory_turnover_ratio": 0.78,
            "account_receivable_turnover_ratio": 1.78,
            "reinvestment_rate": 99.57,
            "research_to_sale_ratio": 17.35,
            "price_fair": 62.3,
            "eps_avg_yearly": 1.78,
            "eps_latest_yearly": 0.6,
            "eps_growth_yearly": 57.71
        },
        "20113": {
            "year_quarter": 20113,
            "year": 2011,
            "quarter": 3,
            "eps": 0.11,
            "eps_growth_year": -87.1,
            "eps_4q": 0.9,
            "eps_4q_growth_year": -64.28,
            "roe": 0.79,
            "roe_4q": 6.54,
            "gross_profit": 2096516,
            "gross_margin": 31.38,
            "gross_margin_4q_avg": 40.58,
            "net_income": 326058,
            "net_income_4q": null,
            "revenue": 6681671,
            "revenue_4q": null,
            "common_shares": 33824564,
            "book_valuer_per_share": 12.12,
            "book_valuer_per_share_4q_avg": 12.84,
            "equity": 41093046,
            "current_ratio": 242.01,
            "debt_ratio": 38.74,
            "inventory_turnover_ratio": 0.78,
            "account_receivable_turnover_ratio": 1.59,
            "reinvestment_rate": 122.17,
            "research_to_sale_ratio": 16.61,
            "price_fair": 39.95,
            "eps_avg_yearly": 1.64,
            "eps_latest_yearly": 0.44,
            "eps_growth_yearly": 14.43
        },
        "20114": {
            "year_quarter": 20114,
            "year": 2011,
            "quarter": 4,
            "eps": 0.29,
            "eps_growth_year": -13.01,
            "eps_4q": 0.86,
            "eps_4q_growth_year": -62.77,
            "roe": 2.3,
            "roe_4q": 6.42,
            "gross_profit": 3152719,
            "gross_margin": 37.19,
            "gross_margin_4q_avg": 36.28,
            "net_income": 957298,
            "net_income_4q": null,
            "revenue": 8477809,
            "revenue_4q": null,
            "common_shares": 33847486,
            "book_valuer_per_share": 12.41,
            "book_valuer_per_share_4q_avg": 12.58,
            "equity": 42085756,
            "current_ratio": 320.52,
            "debt_ratio": 38.22,
            "inventory_turnover_ratio": 0.84,
            "account_receivable_turnover_ratio": 2.04,
            "reinvestment_rate": 122.7,
            "research_to_sale_ratio": 12.41,
            "price_fair": 56.18,
            "eps_avg_yearly": 1.61,
            "eps_latest_yearly": 1.16,
            "eps_growth_yearly": 65.49
        },
        "20121": {
            "year_quarter": 20121,
            "year": 2012,
            "quarter": 1,
            "eps": -0.32,
            "eps_growth_year": -200,
            "eps_4q": 0.23,
            "eps_4q_growth_year": -89.46,
            "roe": -2.67,
            "roe_4q": 1.53,
            "gross_profit": 746582,
            "gross_margin": 14.52,
            "gross_margin_4q_avg": 29.5,
            "net_income": -1113879,
            "net_income_4q": null,
            "revenue": 5143476,
            "revenue_4q": null,
            "common_shares": 33921967,
            "book_valuer_per_share": 12.13,
            "book_valuer_per_share_4q_avg": 12.19,
            "equity": 41208134,
            "current_ratio": 415.38,
            "debt_ratio": 38.2,
            "inventory_turnover_ratio": 0.64,
            "account_receivable_turnover_ratio": 1.48,
            "reinvestment_rate": 127.9,
            "research_to_sale_ratio": 20.51,
            "price_fair": 57.68,
            "eps_avg_yearly": 1.65,
            "eps_latest_yearly": 1.16,
            "eps_growth_yearly": 80.91
        },
        "20122": {
            "year_quarter": 20122,
            "year": 2012,
            "quarter": 2,
            "eps": -0.39,
            "eps_growth_year": -358.93,
            "eps_4q": -0.32,
            "eps_4q_growth_year": -120.07,
            "roe": -3.54,
            "roe_4q": -3.12,
            "gross_profit": 674295,
            "gross_margin": 11.46,
            "gross_margin_4q_avg": 23.64,
            "net_income": -1407640,
            "net_income_4q": null,
            "revenue": 5882908,
            "revenue_4q": null,
            "common_shares": 33923020,
            "book_valuer_per_share": 11.3,
            "book_valuer_per_share_4q_avg": 11.99,
            "equity": 38375593,
            "current_ratio": 293.04,
            "debt_ratio": 41.27,
            "inventory_turnover_ratio": 0.69,
            "account_receivable_turnover_ratio": 1.64,
            "reinvestment_rate": 138.57,
            "research_to_sale_ratio": 22.77,
            "price_fair": 59,
            "eps_avg_yearly": 1.69,
            "eps_latest_yearly": 1.16,
            "eps_growth_yearly": 81.93
        },
        "20123": {
            "year_quarter": 20123,
            "year": 2012,
            "quarter": 3,
            "eps": -0.34,
            "eps_growth_year": -416.34,
            "eps_4q": -0.76,
            "eps_4q_growth_year": -184.26,
            "roe": -3.18,
            "roe_4q": -7.090000000000001,
            "gross_profit": 891293,
            "gross_margin": 12.11,
            "gross_margin_4q_avg": 18.82,
            "net_income": -1200164,
            "net_income_4q": null,
            "revenue": 7362914,
            "revenue_4q": null,
            "common_shares": 35213693,
            "book_valuer_per_share": 10.54,
            "book_valuer_per_share_4q_avg": 11.6,
            "equity": 37150049,
            "current_ratio": 282.8,
            "debt_ratio": 43.17,
            "inventory_turnover_ratio": 0.88,
            "account_receivable_turnover_ratio": 1.71,
            "reinvestment_rate": 163.24,
            "research_to_sale_ratio": 17.84,
            "price_fair": 56.22,
            "eps_avg_yearly": 1.61,
            "eps_latest_yearly": 1.16,
            "eps_growth_yearly": 44.27
        },
        "20124": {
            "year_quarter": 20124,
            "year": 2012,
            "quarter": 4,
            "eps": -0.51,
            "eps_growth_year": -274.1,
            "eps_4q": -1.55,
            "eps_4q_growth_year": -279.2,
            "roe": -4.96,
            "roe_4q": -14.35,
            "gross_profit": 231787,
            "gross_margin": 3.97,
            "gross_margin_4q_avg": 10.52,
            "net_income": -1796240,
            "net_income_4q": null,
            "revenue": 5839440,
            "revenue_4q": null,
            "common_shares": 35214623,
            "book_valuer_per_share": 10.02,
            "book_valuer_per_share_4q_avg": 11,
            "equity": 35296617,
            "current_ratio": 280.29,
            "debt_ratio": 43.36,
            "inventory_turnover_ratio": 0.81,
            "account_receivable_turnover_ratio": 1.48,
            "reinvestment_rate": 186.82,
            "research_to_sale_ratio": 21.66,
            "price_fair": 57.87,
            "eps_avg_yearly": 1.65,
            "eps_latest_yearly": 1.16,
            "eps_growth_yearly": 68.55
        },
        "20131": {
            "year_quarter": 20131,
            "year": 2013,
            "quarter": 1,
            "eps": -0.59,
            "eps_growth_year": null,
            "eps_4q": -1.82,
            "eps_4q_growth_year": -909.41,
            "roe": -6.11,
            "roe_4q": -17.79,
            "gross_profit": -185461,
            "gross_margin": -4.21,
            "gross_margin_4q_avg": 5.83,
            "net_income": -2085417,
            "net_income_4q": null,
            "revenue": 4404789,
            "revenue_4q": null,
            "common_shares": 35214623,
            "book_valuer_per_share": 9.36,
            "book_valuer_per_share_4q_avg": 10.31,
            "equity": 32961106,
            "current_ratio": 269.14,
            "debt_ratio": 44.61,
            "inventory_turnover_ratio": 0.64,
            "account_receivable_turnover_ratio": 1.37,
            "reinvestment_rate": 210.99,
            "research_to_sale_ratio": 28.5,
            "price_fair": 60.58,
            "eps_avg_yearly": 1.73,
            "eps_latest_yearly": 1.16,
            "eps_growth_yearly": 83.17
        },
        "20132": {
            "year_quarter": 20132,
            "year": 2013,
            "quarter": 2,
            "eps": -0.52,
            "eps_growth_year": null,
            "eps_4q": -1.95,
            "eps_4q_growth_year": null,
            "roe": -5.79,
            "roe_4q": -20.04,
            "gross_profit": 225597,
            "gross_margin": 4.31,
            "gross_margin_4q_avg": 4.05,
            "net_income": -1853822,
            "net_income_4q": null,
            "revenue": 5231009,
            "revenue_4q": null,
            "common_shares": 35214623,
            "book_valuer_per_share": 8.8,
            "book_valuer_per_share_4q_avg": 9.68,
            "equity": 31035354,
            "current_ratio": 234.97,
            "debt_ratio": 44.93,
            "inventory_turnover_ratio": 0.64,
            "account_receivable_turnover_ratio": 1.52,
            "reinvestment_rate": 309.92,
            "research_to_sale_ratio": 26.03,
            "price_fair": 62.3,
            "eps_avg_yearly": 1.78,
            "eps_latest_yearly": 1.16,
            "eps_growth_yearly": 69.49
        },
        "20133": {
            "year_quarter": 20133,
            "year": 2013,
            "quarter": 3,
            "eps": -0.26,
            "eps_growth_year": null,
            "eps_4q": -1.87,
            "eps_4q_growth_year": null,
            "roe": -2.97,
            "roe_4q": -19.830000000000002,
            "gross_profit": 1231160,
            "gross_margin": 18.35,
            "gross_margin_4q_avg": 5.61,
            "net_income": -907286,
            "net_income_4q": null,
            "revenue": 6708259,
            "revenue_4q": null,
            "common_shares": 35214623,
            "book_valuer_per_share": 8.54,
            "book_valuer_per_share_4q_avg": 9.18,
            "equity": 30096810,
            "current_ratio": 209.34,
            "debt_ratio": 46.92,
            "inventory_turnover_ratio": 0.65,
            "account_receivable_turnover_ratio": 1.63,
            "reinvestment_rate": 762.51,
            "research_to_sale_ratio": 21.61,
            "price_fair": 52.16,
            "eps_avg_yearly": 1.67,
            "eps_latest_yearly": 1.16,
            "eps_growth_yearly": 21.3
        },
        "20134": {
            "year_quarter": 20134,
            "year": 2013,
            "quarter": 4,
            "eps": -0.43,
            "eps_growth_year": null,
            "eps_4q": -1.79,
            "eps_4q_growth_year": null,
            "roe": -5.14,
            "roe_4q": -20.009999999999998,
            "gross_profit": 679514,
            "gross_margin": 11.6,
            "gross_margin_4q_avg": 7.51,
            "net_income": -1511714,
            "net_income_4q": null,
            "revenue": 5860363,
            "revenue_4q": null,
            "common_shares": 35214730,
            "book_valuer_per_share": 8.15,
            "book_valuer_per_share_4q_avg": 8.71,
            "equity": 28725798,
            "current_ratio": 182.59,
            "debt_ratio": 46.85,
            "inventory_turnover_ratio": 0.59,
            "account_receivable_turnover_ratio": 1.52,
            "reinvestment_rate": null,
            "research_to_sale_ratio": 23.65,
            "price_fair": 55.83,
            "eps_avg_yearly": 1.6,
            "eps_latest_yearly": 1.16,
            "eps_growth_yearly": 33.96
        },
        "20141": {
            "year_quarter": 20141,
            "year": 2014,
            "quarter": 1,
            "eps": -0.36,
            "eps_growth_year": null,
            "eps_4q": -1.57,
            "eps_4q_growth_year": null,
            "roe": -4.56,
            "roe_4q": -18.46,
            "gross_profit": 859756,
            "gross_margin": 17.95,
            "gross_margin_4q_avg": 13.05,
            "net_income": -1285385,
            "net_income_4q": null,
            "revenue": 4790063,
            "revenue_4q": null,
            "common_shares": 35214730,
            "book_valuer_per_share": 7.87,
            "book_valuer_per_share_4q_avg": 8.34,
            "equity": 27705416,
            "current_ratio": 194.03,
            "debt_ratio": 46.17,
            "inventory_turnover_ratio": 0.43,
            "account_receivable_turnover_ratio": 1.45,
            "reinvestment_rate": null,
            "research_to_sale_ratio": 30.91,
            "price_fair": 54,
            "eps_avg_yearly": 1.54,
            "eps_latest_yearly": 1.16,
            "eps_growth_yearly": 45.96
        },
        "20142": {
            "year_quarter": 20142,
            "year": 2014,
            "quarter": 2,
            "eps": -0.51,
            "eps_growth_year": null,
            "eps_4q": -1.56,
            "eps_4q_growth_year": null,
            "roe": -6.73,
            "roe_4q": -19.4,
            "gross_profit": 277779,
            "gross_margin": 5.59,
            "gross_margin_4q_avg": 13.37,
            "net_income": -1802093,
            "net_income_4q": null,
            "revenue": 4972711,
            "revenue_4q": null,
            "common_shares": 35214730,
            "book_valuer_per_share": 7.35,
            "book_valuer_per_share_4q_avg": 7.98,
            "equity": 25868431,
            "current_ratio": 209.51,
            "debt_ratio": 46.02,
            "inventory_turnover_ratio": 0.49,
            "account_receivable_turnover_ratio": 1.45,
            "reinvestment_rate": null,
            "research_to_sale_ratio": 28.16,
            "price_fair": 47.13,
            "eps_avg_yearly": 1.35,
            "eps_latest_yearly": 1.16,
            "eps_growth_yearly": 27.76
        },
        "20143": {
            "year_quarter": 20143,
            "year": 2014,
            "quarter": 3,
            "eps": -0.31,
            "eps_growth_year": null,
            "eps_4q": -1.61,
            "eps_4q_growth_year": null,
            "roe": -4.35,
            "roe_4q": -20.78,
            "gross_profit": 1140181,
            "gross_margin": 17.04,
            "gross_margin_4q_avg": 13.05,
            "net_income": -1101191,
            "net_income_4q": null,
            "revenue": 6691327,
            "revenue_4q": null,
            "common_shares": 35214730,
            "book_valuer_per_share": 7.05,
            "book_valuer_per_share_4q_avg": 7.61,
            "equity": 24807293,
            "current_ratio": 189.54,
            "debt_ratio": 47.88,
            "inventory_turnover_ratio": 0.58,
            "account_receivable_turnover_ratio": 1.6,
            "reinvestment_rate": null,
            "research_to_sale_ratio": 22.8,
            "price_fair": 25.77,
            "eps_avg_yearly": 0.96,
            "eps_latest_yearly": 1.16,
            "eps_growth_yearly": 16.85
        },
        "20144": {
            "year_quarter": 20144,
            "year": 2014,
            "quarter": 4,
            "eps": -0.64,
            "eps_growth_year": null,
            "eps_4q": -1.82,
            "eps_4q_growth_year": null,
            "roe": -9.64,
            "roe_4q": -25.279999999999998,
            "gross_profit": 481836,
            "gross_margin": 8.08,
            "gross_margin_4q_avg": 12.17,
            "net_income": -2294255,
            "net_income_4q": null,
            "revenue": 5960112,
            "revenue_4q": null,
            "common_shares": 35587740,
            "book_valuer_per_share": 6.4,
            "book_valuer_per_share_4q_avg": 7.17,
            "equity": 22778228,
            "current_ratio": 109.62,
            "debt_ratio": 49.2,
            "inventory_turnover_ratio": 0.58,
            "account_receivable_turnover_ratio": 1.49,
            "reinvestment_rate": null,
            "research_to_sale_ratio": 31.87,
            "price_fair": 30.45,
            "eps_avg_yearly": 0.87,
            "eps_latest_yearly": 1.16,
            "eps_growth_yearly": 80.81
        },
        "20151": {
            "year_quarter": 20151,
            "year": 2015,
            "quarter": 1,
            "eps": -0.1,
            "eps_growth_year": null,
            "eps_4q": -1.56,
            "eps_4q_growth_year": null,
            "roe": -1.57,
            "roe_4q": -22.29,
            "gross_profit": 620462,
            "gross_margin": 13.18,
            "gross_margin_4q_avg": 10.97,
            "net_income": -356476,
            "net_income_4q": null,
            "revenue": 4706274,
            "revenue_4q": null,
            "common_shares": 35587740,
            "book_valuer_per_share": 6.33,
            "book_valuer_per_share_4q_avg": 6.78,
            "equity": 22509468,
            "current_ratio": 112.9,
            "debt_ratio": 47.63,
            "inventory_turnover_ratio": 0.43,
            "account_receivable_turnover_ratio": 1.52,
            "reinvestment_rate": null,
            "research_to_sale_ratio": 26.66,
            "price_fair": 25.67,
            "eps_avg_yearly": 0.73,
            "eps_latest_yearly": 1.16,
            "eps_growth_yearly": 111.79
        },
        "20152": {
            "year_quarter": 20152,
            "year": 2015,
            "quarter": 2,
            "eps": -0.35,
            "eps_growth_year": null,
            "eps_4q": -1.4,
            "eps_4q_growth_year": null,
            "roe": -5.6,
            "roe_4q": -21.160000000000004,
            "gross_profit": 608310,
            "gross_margin": 12.23,
            "gross_margin_4q_avg": 12.63,
            "net_income": -1222467,
            "net_income_4q": null,
            "revenue": 4975229,
            "revenue_4q": null,
            "common_shares": 35587740,
            "book_valuer_per_share": 5.96,
            "book_valuer_per_share_4q_avg": 6.44,
            "equity": 21188563,
            "current_ratio": 195.15,
            "debt_ratio": 46.99,
            "inventory_turnover_ratio": 0.43,
            "account_receivable_turnover_ratio": 1.58,
            "reinvestment_rate": null,
            "research_to_sale_ratio": 23.2,
            "price_fair": 28,
            "eps_avg_yearly": 0.8,
            "eps_latest_yearly": 1.16,
            "eps_growth_yearly": 273.94
        },
        "20153": {
            "year_quarter": 20153,
            "year": 2015,
            "quarter": 3,
            "eps": -0.27,
            "eps_growth_year": null,
            "eps_4q": -1.33,
            "eps_4q_growth_year": null,
            "roe": -4.59,
            "roe_4q": -21.4,
            "gross_profit": 786434,
            "gross_margin": 13.93,
            "gross_margin_4q_avg": 11.86,
            "net_income": -950867,
            "net_income_4q": null,
            "revenue": 5647200,
            "revenue_4q": null,
            "common_shares": 36185987,
            "book_valuer_per_share": 5.59,
            "book_valuer_per_share_4q_avg": 6.07,
            "equity": 20217819,
            "current_ratio": 240.95,
            "debt_ratio": 47.9,
            "inventory_turnover_ratio": 0.47,
            "account_receivable_turnover_ratio": 1.62,
            "reinvestment_rate": null,
            "research_to_sale_ratio": 21.42,
            "price_fair": 40.6,
            "eps_avg_yearly": 1.16,
            "eps_latest_yearly": 1.16,
            "eps_growth_yearly": 654.55
        },
        "20154": {
            "year_quarter": 20154,
            "year": 2015,
            "quarter": 4,
            "eps": -0.46,
            "eps_growth_year": null,
            "eps_4q": -1.16,
            "eps_4q_growth_year": null,
            "roe": -8.62,
            "roe_4q": -20.38,
            "gross_profit": 466589,
            "gross_margin": 8.33,
            "gross_margin_4q_avg": 11.92,
            "net_income": -1666131,
            "net_income_4q": null,
            "revenue": 5599067,
            "revenue_4q": null,
            "common_shares": 36178489,
            "book_valuer_per_share": 5.1,
            "book_valuer_per_share_4q_avg": 5.75,
            "equity": 18428840,
            "current_ratio": 186.89,
            "debt_ratio": 51.02,
            "inventory_turnover_ratio": 0.52,
            "account_receivable_turnover_ratio": 1.61,
            "reinvestment_rate": null,
            "research_to_sale_ratio": 23.54,
            "price_fair": 0,
            "eps_avg_yearly": 0,
            "eps_latest_yearly": 0,
            "eps_growth_yearly": 0
        },
        "20161": {
            "year_quarter": 20161,
            "year": 2016,
            "quarter": 1,
            "eps": -0.25,
            "eps_growth_year": null,
            "eps_4q": -1.31,
            "eps_4q_growth_year": null,
            "roe": -4.96,
            "roe_4q": -23.769999999999996,
            "gross_profit": 790620,
            "gross_margin": 15.54,
            "gross_margin_4q_avg": 12.51,
            "net_income": -890787,
            "net_income_4q": null,
            "revenue": 5086289,
            "revenue_4q": null,
            "common_shares": 36171591,
            "book_valuer_per_share": 4.84,
            "book_valuer_per_share_4q_avg": 5.37,
            "equity": 17505926,
            "current_ratio": 197.37,
            "debt_ratio": 50.87,
            "inventory_turnover_ratio": 0.49,
            "account_receivable_turnover_ratio": 1.6,
            "reinvestment_rate": null,
            "research_to_sale_ratio": null,
            "price_fair": 0,
            "eps_avg_yearly": 0,
            "eps_latest_yearly": 0,
            "eps_growth_yearly": 0
        },
        "20162": {
            "year_quarter": 20162,
            "year": 2016,
            "quarter": 2,
            "eps": -0.19,
            "eps_growth_year": null,
            "eps_4q": -1.16,
            "eps_4q_growth_year": null,
            "roe": -4.04,
            "roe_4q": -22.209999999999997,
            "gross_profit": 706877,
            "gross_margin": 13.64,
            "gross_margin_4q_avg": 12.86,
            "net_income": -690704,
            "net_income_4q": null,
            "revenue": 5181168,
            "revenue_4q": null,
            "common_shares": 36164719,
            "book_valuer_per_share": 4.63,
            "book_valuer_per_share_4q_avg": 5.04,
            "equity": 16721508,
            "current_ratio": 168.53,
            "debt_ratio": 52.04,
            "inventory_turnover_ratio": 0.58,
            "account_receivable_turnover_ratio": 1.64,
            "reinvestment_rate": null,
            "research_to_sale_ratio": 18.77,
            "price_fair": 0,
            "eps_avg_yearly": 0,
            "eps_latest_yearly": 0,
            "eps_growth_yearly": 0
        },
        "20163": {
            "year_quarter": 20163,
            "year": 2016,
            "quarter": 3,
            "eps": 0.18,
            "eps_growth_year": null,
            "eps_4q": -0.72,
            "eps_4q_growth_year": null,
            "roe": 3.69,
            "roe_4q": -13.93,
            "gross_profit": 2175508,
            "gross_margin": 30.68,
            "gross_margin_4q_avg": 17.05,
            "net_income": 632732,
            "net_income_4q": null,
            "revenue": 7091669,
            "revenue_4q": null,
            "common_shares": 36157168,
            "book_valuer_per_share": 4.87,
            "book_valuer_per_share_4q_avg": 4.86,
            "equity": 17576566,
            "current_ratio": 175.91,
            "debt_ratio": 50.31,
            "inventory_turnover_ratio": 0.7,
            "account_receivable_turnover_ratio": 1.81,
            "reinvestment_rate": null,
            "research_to_sale_ratio": 13.04,
            "price_fair": 0,
            "eps_avg_yearly": 0,
            "eps_latest_yearly": 0,
            "eps_growth_yearly": 0
        },
        "20164": {
            "year_quarter": 20164,
            "year": 2016,
            "quarter": 4,
            "eps": 0.19,
            "eps_growth_year": null,
            "eps_4q": -0.07,
            "eps_4q_growth_year": null,
            "roe": 3.91,
            "roe_4q": -1.4000000000000004,
            "gross_profit": 2163115,
            "gross_margin": 31.97,
            "gross_margin_4q_avg": 22.96,
            "net_income": 701964,
            "net_income_4q": null,
            "revenue": 6765847,
            "revenue_4q": null,
            "common_shares": 36153535,
            "book_valuer_per_share": 5.07,
            "book_valuer_per_share_4q_avg": 4.85,
            "equity": 18319400,
            "current_ratio": 173.75,
            "debt_ratio": 48.46,
            "inventory_turnover_ratio": 0.66,
            "account_receivable_turnover_ratio": 1.64,
            "reinvestment_rate": null,
            "research_to_sale_ratio": 14.11,
            "price_fair": 24.49,
            "eps_avg_yearly": 0.76,
            "eps_latest_yearly": 0.76,
            "eps_growth_yearly": 22.22
        },
        "20171": {
            "year_quarter": 20171,
            "year": 2017,
            "quarter": 1,
            "eps": 0.06,
            "eps_growth_year": null,
            "eps_4q": 0.23,
            "eps_4q_growth_year": null,
            "roe": 1.1,
            "roe_4q": 4.659999999999999,
            "gross_profit": 1814877,
            "gross_margin": 27.46,
            "gross_margin_4q_avg": 25.94,
            "net_income": 202564,
            "net_income_4q": null,
            "revenue": 6609984,
            "revenue_4q": null,
            "common_shares": 36720637,
            "book_valuer_per_share": 5.07,
            "book_valuer_per_share_4q_avg": 4.91,
            "equity": 18608006,
            "current_ratio": 181.94,
            "debt_ratio": 48.1,
            "inventory_turnover_ratio": 0.66,
            "account_receivable_turnover_ratio": 1.82,
            "reinvestment_rate": null,
            "research_to_sale_ratio": 12.84,
            "price_fair": 1.5,
            "eps_avg_yearly": 0.5,
            "eps_latest_yearly": 0.24,
            "eps_growth_yearly": -125.73
        },
        "20172": {
            "year_quarter": 20172,
            "year": 2017,
            "quarter": 2,
            "eps": 0.35,
            "eps_growth_year": null,
            "eps_4q": 1.2,
            "eps_4q_growth_year": null,
            "roe": 3.24,
            "roe_4q": 11.94,
            "gross_profit": 2216197,
            "gross_margin": 33.77,
            "gross_margin_4q_avg": 30.97,
            "net_income": 616174,
            "net_income_4q": null,
            "revenue": 6562978,
            "revenue_4q": null,
            "common_shares": 18058953,
            "book_valuer_per_share": 10.75,
            "book_valuer_per_share_4q_avg": 6.44,
            "equity": 19388993,
            "current_ratio": 127.5,
            "debt_ratio": 47.57,
            "inventory_turnover_ratio": 0.53,
            "account_receivable_turnover_ratio": 1.72,
            "reinvestment_rate": null,
            "research_to_sale_ratio": 15.32,
            "price_fair": 28,
            "eps_avg_yearly": 0.8,
            "eps_latest_yearly": 1.4,
            "eps_growth_yearly": 560.62
        },
        "20173": {
            "year_quarter": 20173,
            "year": 2017,
            "quarter": 3,
            "eps": 1.2,
            "eps_growth_year": 566.67,
            "eps_4q": 2.02,
            "eps_4q_growth_year": null,
            "roe": 10.33,
            "roe_4q": 18.58,
            "gross_profit": 4021562,
            "gross_margin": 38.42,
            "gross_margin_4q_avg": 32.91,
            "net_income": 2123039,
            "net_income_4q": null,
            "revenue": 10467282,
            "revenue_4q": null,
            "common_shares": 18050281,
            "book_valuer_per_share": 12.04,
            "book_valuer_per_share_4q_avg": 8.23,
            "equity": 21704456,
            "current_ratio": 133.45,
            "debt_ratio": 47.52,
            "inventory_turnover_ratio": 0.7,
            "account_receivable_turnover_ratio": 2.03,
            "reinvestment_rate": null,
            "research_to_sale_ratio": 11.31,
            "price_fair": 63,
            "eps_avg_yearly": 1.8,
            "eps_latest_yearly": 4.8,
            "eps_growth_yearly": 663.32
        },
        "20174": {
            "year_quarter": 20174,
            "year": 2017,
            "quarter": 4,
            "eps": 1.43,
            "eps_growth_year": 634.03,
            "eps_4q": 3.06,
            "eps_4q_growth_year": null,
            "roe": 11.11,
            "roe_4q": 25.78,
            "gross_profit": 4582075,
            "gross_margin": 43.4,
            "gross_margin_4q_avg": 35.76,
            "net_income": 2575532,
            "net_income_4q": null,
            "revenue": 10556672,
            "revenue_4q": null,
            "common_shares": 18049385,
            "book_valuer_per_share": 13.68,
            "book_valuer_per_share_4q_avg": 10.39,
            "equity": 24656347,
            "current_ratio": 187.85,
            "debt_ratio": 44.21,
            "inventory_turnover_ratio": 0.62,
            "account_receivable_turnover_ratio": 1.76,
            "reinvestment_rate": null,
            "research_to_sale_ratio": 10.85,
            "price_fair": 90.44,
            "eps_avg_yearly": 2.58,
            "eps_latest_yearly": 5.72,
            "eps_growth_yearly": 545.99
        },
        "20181": {
            "year_quarter": 20181,
            "year": 2018,
            "quarter": 1,
            "eps": 1.06,
            "eps_growth_year": 1666.67,
            "eps_4q": 3.99,
            "eps_4q_growth_year": 1624.08,
            "roe": 7.31,
            "roe_4q": 31.990000000000002,
            "gross_profit": 3814474,
            "gross_margin": 42.1,
            "gross_margin_4q_avg": 39.42,
            "net_income": 1881896,
            "net_income_4q": null,
            "revenue": 9061135,
            "revenue_4q": null,
            "common_shares": 18047758,
            "book_valuer_per_share": 14.87,
            "book_valuer_per_share_4q_avg": 12.84,
            "equity": 26802438,
            "current_ratio": 197.63,
            "debt_ratio": 44.51,
            "inventory_turnover_ratio": 0.5,
            "account_receivable_turnover_ratio": 1.62,
            "reinvestment_rate": null,
            "research_to_sale_ratio": 12.14,
            "price_fair": 100.1,
            "eps_avg_yearly": 2.86,
            "eps_latest_yearly": 4.24,
            "eps_growth_yearly": 437.75
        },
        "20182": {
            "year_quarter": 20182,
            "year": 2018,
            "quarter": 2,
            "eps": 1.3,
            "eps_growth_year": 271.43,
            "eps_4q": 4.85,
            "eps_4q_growth_year": 305.42,
            "roe": 8.64,
            "roe_4q": 37.39,
            "gross_profit": 4030898,
            "gross_margin": 45.39,
            "gross_margin_4q_avg": 42.33,
            "net_income": 2327388,
            "net_income_4q": null,
            "revenue": 8880322,
            "revenue_4q": null,
            "common_shares": 18044785,
            "book_valuer_per_share": 15.03,
            "book_valuer_per_share_4q_avg": 13.91,
            "equity": 27087333,
            "current_ratio": 165.31,
            "debt_ratio": 49.13,
            "inventory_turnover_ratio": 0.38,
            "account_receivable_turnover_ratio": 1.61,
            "reinvestment_rate": -368.47,
            "research_to_sale_ratio": 12.84,
            "price_fair": 111.8,
            "eps_avg_yearly": 3.19,
            "eps_latest_yearly": 5.2,
            "eps_growth_yearly": 388.15
        },
        "20183": {
            "year_quarter": 20183,
            "year": 2018,
            "quarter": 3,
            "eps": 1.05,
            "eps_growth_year": -12.5,
            "eps_4q": 4.73,
            "eps_4q_growth_year": 134.13,
            "roe": 6.82,
            "roe_4q": 33.879999999999995,
            "gross_profit": 3545745,
            "gross_margin": 35.35,
            "gross_margin_4q_avg": 41.56,
            "net_income": 1916162,
            "net_income_4q": null,
            "revenue": 10030250,
            "revenue_4q": null,
            "common_shares": 18405740,
            "book_valuer_per_share": 15.82,
            "book_valuer_per_share_4q_avg": 14.85,
            "equity": 29081378,
            "current_ratio": 186.32,
            "debt_ratio": 48.9,
            "inventory_turnover_ratio": 0.41,
            "account_receivable_turnover_ratio": 1.65,
            "reinvestment_rate": -109.51,
            "research_to_sale_ratio": 10.63,
            "price_fair": 116.2,
            "eps_avg_yearly": 3.32,
            "eps_latest_yearly": 4.2,
            "eps_growth_yearly": 330.01
        },
        "20184": {
            "year_quarter": 20184,
            "year": 2018,
            "quarter": 4,
            "eps": 1.56,
            "eps_growth_year": 9.19,
            "eps_4q": 4.89,
            "eps_4q_growth_year": 59.85,
            "roe": 9.49,
            "roe_4q": 32.260000000000005,
            "gross_profit": 2535202,
            "gross_margin": 28.23,
            "gross_margin_4q_avg": 37.77,
            "net_income": 2867403,
            "net_income_4q": null,
            "revenue": 8981325,
            "revenue_4q": null,
            "common_shares": 18402919,
            "book_valuer_per_share": 17.06,
            "book_valuer_per_share_4q_avg": 15.7,
            "equity": 31360357,
            "current_ratio": 182,
            "debt_ratio": 46.89,
            "inventory_turnover_ratio": 0.37,
            "account_receivable_turnover_ratio": 1.62,
            "reinvestment_rate": -31.89,
            "research_to_sale_ratio": 10.61,
            "price_fair": 127.56,
            "eps_avg_yearly": 3.64,
            "eps_latest_yearly": 6.24,
            "eps_growth_yearly": 314.93
        },
        "20191": {
            "year_quarter": 20191,
            "year": 2019,
            "quarter": 1,
            "eps": 0.08,
            "eps_growth_year": -92.45,
            "eps_4q": 3.95,
            "eps_4q_growth_year": -1.18,
            "roe": 0.45,
            "roe_4q": 25.4,
            "gross_profit": 1531315,
            "gross_margin": 25.4,
            "gross_margin_4q_avg": 33.59,
            "net_income": 141880,
            "net_income_4q": null,
            "revenue": 6028899,
            "revenue_4q": null,
            "common_shares": 18401670,
            "book_valuer_per_share": 17.24,
            "book_valuer_per_share_4q_avg": 16.29,
            "equity": 31694788,
            "current_ratio": 165.13,
            "debt_ratio": 47.29,
            "inventory_turnover_ratio": 0.25,
            "account_receivable_turnover_ratio": 1.46,
            "reinvestment_rate": 3.9,
            "research_to_sale_ratio": 13.32,
            "price_fair": 115.92,
            "eps_avg_yearly": 3.31,
            "eps_latest_yearly": 0.32,
            "eps_growth_yearly": 245.49
        },
        "20192": {
            "year_quarter": 20192,
            "year": 2019,
            "quarter": 2,
            "eps": 0.14,
            "eps_growth_year": -89.23,
            "eps_4q": 2.82,
            "eps_4q_growth_year": -41.73,
            "roe": 0.86,
            "roe_4q": 17.62,
            "gross_profit": 2002611,
            "gross_margin": 26.78,
            "gross_margin_4q_avg": 28.94,
            "net_income": 264231,
            "net_income_4q": null,
            "revenue": 7479377,
            "revenue_4q": null,
            "common_shares": 18401448,
            "book_valuer_per_share": 16.2,
            "book_valuer_per_share_4q_avg": 16.58,
            "equity": 29778622,
            "current_ratio": 150.19,
            "debt_ratio": 54.52,
            "inventory_turnover_ratio": 0.29,
            "account_receivable_turnover_ratio": 1.72,
            "reinvestment_rate": 36.2,
            "research_to_sale_ratio": 11.3,
            "price_fair": 107.16,
            "eps_avg_yearly": 3.06,
            "eps_latest_yearly": 0.56,
            "eps_growth_yearly": 250.45
        },
        "20193": {
            "year_quarter": 20193,
            "year": 2019,
            "quarter": 3,
            "eps": 1.01,
            "eps_growth_year": -3.81,
            "eps_4q": 2.79,
            "eps_4q_growth_year": -41.08,
            "roe": 6.04,
            "roe_4q": 16.84,
            "gross_profit": 3575769,
            "gross_margin": 30.03,
            "gross_margin_4q_avg": 27.61,
            "net_income": 1852900,
            "net_income_4q": null,
            "revenue": 11906490,
            "revenue_4q": null,
            "common_shares": 18400134,
            "book_valuer_per_share": 17.2,
            "book_valuer_per_share_4q_avg": 16.93,
            "equity": 31622622,
            "current_ratio": 154.57,
            "debt_ratio": 50.33,
            "inventory_turnover_ratio": 0.49,
            "account_receivable_turnover_ratio": 1.95,
            "reinvestment_rate": 62.26,
            "research_to_sale_ratio": 7.97,
            "price_fair": 110.02,
            "eps_avg_yearly": 3.14,
            "eps_latest_yearly": 4.04,
            "eps_growth_yearly": 436.72
        },
        "20194": {
            "year_quarter": 20194,
            "year": 2019,
            "quarter": 4,
            "eps": 0.41,
            "eps_growth_year": -73.71,
            "eps_4q": 1.64,
            "eps_4q_growth_year": -66.5,
            "roe": 2.35,
            "roe_4q": 9.7,
            "gross_profit": 2505799,
            "gross_margin": 26.15,
            "gross_margin_4q_avg": 27.09,
            "net_income": 753890,
            "net_income_4q": null,
            "revenue": 9580645,
            "revenue_4q": null,
            "common_shares": 18399271,
            "book_valuer_per_share": 17.68,
            "book_valuer_per_share_4q_avg": 17.08,
            "equity": 32492668,
            "current_ratio": 170.23,
            "debt_ratio": 46.43,
            "inventory_turnover_ratio": 0.51,
            "account_receivable_turnover_ratio": 1.57,
            "reinvestment_rate": 66.34,
            "research_to_sale_ratio": 10,
            "price_fair": 105.97,
            "eps_avg_yearly": 3.03,
            "eps_latest_yearly": 1.64,
            "eps_growth_yearly": 384.85
        },
        "20201": {
            "year_quarter": 20201,
            "year": 2020,
            "quarter": 1,
            "eps": 0.67,
            "eps_growth_year": 737.5,
            "eps_4q": 2.23,
            "eps_4q_growth_year": -43.57,
            "roe": 3.72,
            "roe_4q": 12.969999999999999,
            "gross_profit": 2945330,
            "gross_margin": 31.28,
            "gross_margin_4q_avg": 28.56,
            "net_income": 1222170,
            "net_income_4q": null,
            "revenue": 9415158,
            "revenue_4q": null,
            "common_shares": 18399089,
            "book_valuer_per_share": 18.07,
            "book_valuer_per_share_4q_avg": 17.29,
            "equity": 33209764,
            "current_ratio": 208.34,
            "debt_ratio": 43.37,
            "inventory_turnover_ratio": 0.55,
            "account_receivable_turnover_ratio": 1.79,
            "reinvestment_rate": 59.48,
            "research_to_sale_ratio": 10.29,
            "price_fair": 105.1,
            "eps_avg_yearly": 3,
            "eps_latest_yearly": 2.68,
            "eps_growth_yearly": 375.48
        },
        "20202": {
            "year_quarter": 20202,
            "year": 2020,
            "quarter": 2,
            "eps": 0.72,
            "eps_growth_year": 414.29,
            "eps_4q": 2.78,
            "eps_4q_growth_year": -1.46,
            "roe": 4.02,
            "roe_4q": 16.13,
            "gross_profit": 3243040,
            "gross_margin": 34.98,
            "gross_margin_4q_avg": 30.61,
            "net_income": 1329880,
            "net_income_4q": null,
            "revenue": 9271289,
            "revenue_4q": null,
            "common_shares": 18563091,
            "book_valuer_per_share": 17.78,
            "book_valuer_per_share_4q_avg": 17.68,
            "equity": 32975388,
            "current_ratio": 170.56,
            "debt_ratio": 45.85,
            "inventory_turnover_ratio": 0.54,
            "account_receivable_turnover_ratio": 1.73,
            "reinvestment_rate": 57.73,
            "research_to_sale_ratio": 11.19,
            "price_fair": 104.81,
            "eps_avg_yearly": 2.99,
            "eps_latest_yearly": 2.88,
            "eps_growth_yearly": 352.43
        },
        "20203": {
            "year_quarter": 20203,
            "year": 2020,
            "quarter": 3,
            "eps": 0.88,
            "eps_growth_year": -12.87,
            "eps_4q": 2.66,
            "eps_4q_growth_year": -4.78,
            "roe": 4.78,
            "roe_4q": 14.870000000000001,
            "gross_profit": 3933715,
            "gross_margin": 35.9,
            "gross_margin_4q_avg": 32.08,
            "net_income": 1617920,
            "net_income_4q": null,
            "revenue": 10956966,
            "revenue_4q": null,
            "common_shares": 18563017,
            "book_valuer_per_share": 18.71,
            "book_valuer_per_share_4q_avg": 18.06,
            "equity": 34690718,
            "current_ratio": 181.18,
            "debt_ratio": 44.52,
            "inventory_turnover_ratio": 0.59,
            "account_receivable_turnover_ratio": 1.82,
            "reinvestment_rate": 61.13,
            "research_to_sale_ratio": 9.94,
            "price_fair": 105.96,
            "eps_avg_yearly": 3.03,
            "eps_latest_yearly": 3.52,
            "eps_growth_yearly": 335.96
        },
        "20204": {
            "year_quarter": 20204,
            "year": 2020,
            "quarter": 4,
            "eps": 0.62,
            "eps_growth_year": 52,
            "eps_4q": 2.87,
            "eps_4q_growth_year": 75.28,
            "roe": 3.26,
            "roe_4q": 15.78,
            "gross_profit": 3287270,
            "gross_margin": 32.36,
            "gross_margin_4q_avg": 33.63,
            "net_income": 1155642,
            "net_income_4q": null,
            "revenue": 10157534,
            "revenue_4q": null,
            "common_shares": 18563017,
            "book_valuer_per_share": 19.52,
            "book_valuer_per_share_4q_avg": 18.52,
            "equity": 36194392,
            "current_ratio": 182.04,
            "debt_ratio": 45.07,
            "inventory_turnover_ratio": 0.54,
            "account_receivable_turnover_ratio": 1.7,
            "reinvestment_rate": 63.83,
            "research_to_sale_ratio": 10.04,
            "price_fair": 109.73,
            "eps_avg_yearly": 3.14,
            "eps_latest_yearly": 2.48,
            "eps_growth_yearly": 327.19
        },
        "20211": {
            "year_quarter": 20211,
            "year": 2021,
            "quarter": 1,
            "eps": 0.5,
            "eps_growth_year": -25.37,
            "eps_4q": 2.71,
            "eps_4q_growth_year": 21.6,
            "roe": 2.49,
            "roe_4q": 14.55,
            "gross_profit": 3300721,
            "gross_margin": 34.29,
            "gross_margin_4q_avg": 34.38,
            "net_income": 916187,
            "net_income_4q": null,
            "revenue": 9627145,
            "revenue_4q": null,
            "common_shares": 18561864,
            "book_valuer_per_share": 20.18,
            "book_valuer_per_share_4q_avg": 19.05,
            "equity": 37422154,
            "current_ratio": 172.74,
            "debt_ratio": 42.1,
            "inventory_turnover_ratio": 0.48,
            "account_receivable_turnover_ratio": 1.86,
            "reinvestment_rate": 58.55,
            "research_to_sale_ratio": 13.54,
            "price_fair": 113.58,
            "eps_avg_yearly": 3.25,
            "eps_latest_yearly": 2,
            "eps_growth_yearly": 339.45
        },
        "20212": {
            "year_quarter": 20212,
            "year": 2021,
            "quarter": 2,
            "eps": 1.04,
            "eps_growth_year": 44.44,
            "eps_4q": 3.03,
            "eps_4q_growth_year": 8.87,
            "roe": 5.02,
            "roe_4q": 15.55,
            "gross_profit": 4465572,
            "gross_margin": 39.08,
            "gross_margin_4q_avg": 35.41,
            "net_income": 1925481,
            "net_income_4q": null,
            "revenue": 11426446,
            "revenue_4q": null,
            "common_shares": 18561270,
            "book_valuer_per_share": 21.2,
            "book_valuer_per_share_4q_avg": 19.9,
            "equity": 39311233,
            "current_ratio": 184.66,
            "debt_ratio": 41.22,
            "inventory_turnover_ratio": 0.51,
            "account_receivable_turnover_ratio": 2.08,
            "reinvestment_rate": 55.17,
            "research_to_sale_ratio": 10.54,
            "price_fair": 119.61,
            "eps_avg_yearly": 3.42,
            "eps_latest_yearly": 4.16,
            "eps_growth_yearly": 245.62
        },
        "20213": {
            "year_quarter": 20213,
            "year": 2021,
            "quarter": 3,
            "eps": 2.94,
            "eps_growth_year": 234.09,
            "eps_4q": 5.08,
            "eps_4q_growth_year": 91.48,
            "roe": 13.19,
            "roe_4q": 23.96,
            "gross_profit": 6420587,
            "gross_margin": 42.88,
            "gross_margin_4q_avg": 37.15,
            "net_income": 5429646,
            "net_income_4q": null,
            "revenue": 14974374,
            "revenue_4q": null,
            "common_shares": 18560460,
            "book_valuer_per_share": 23.21,
            "book_valuer_per_share_4q_avg": 21.03,
            "equity": 43032246,
            "current_ratio": 173.37,
            "debt_ratio": 41.61,
            "inventory_turnover_ratio": 0.63,
            "account_receivable_turnover_ratio": 2.1,
            "reinvestment_rate": 50.36,
            "research_to_sale_ratio": 10.19,
            "price_fair": 134.84,
            "eps_avg_yearly": 3.85,
            "eps_latest_yearly": 11.76,
            "eps_growth_yearly": 230.58
        },
        "20214": {
            "year_quarter": 20214,
            "year": 2021,
            "quarter": 4,
            "eps": 1.99,
            "eps_growth_year": 219.45,
            "eps_4q": 6.45,
            "eps_4q_growth_year": 124.64,
            "roe": 8.23,
            "roe_4q": 28.93,
            "gross_profit": 6863099,
            "gross_margin": 47.19,
            "gross_margin_4q_avg": 40.86,
            "net_income": 3691525,
            "net_income_4q": null,
            "revenue": 14545026,
            "revenue_4q": null,
            "common_shares": 18560178,
            "book_valuer_per_share": 25.2,
            "book_valuer_per_share_4q_avg": 22.45,
            "equity": 46725477,
            "current_ratio": 217.98,
            "debt_ratio": 39.09,
            "inventory_turnover_ratio": 0.58,
            "account_receivable_turnover_ratio": 1.92,
            "reinvestment_rate": 47.6,
            "research_to_sale_ratio": 10.87,
            "price_fair": 139.74,
            "eps_avg_yearly": 3.99,
            "eps_latest_yearly": 7.96,
            "eps_growth_yearly": 217.71
        },
        "20221": {
            "year_quarter": 20221,
            "year": 2022,
            "quarter": 1,
            "eps": 1.58,
            "eps_growth_year": 216,
            "eps_4q": 7.54,
            "eps_4q_growth_year": 178.42,
            "roe": 6.07,
            "roe_4q": 32.510000000000005,
            "gross_profit": 5604210,
            "gross_margin": 48.32,
            "gross_margin_4q_avg": 44.37,
            "net_income": 2928971,
            "net_income_4q": null,
            "revenue": 11597955,
            "revenue_4q": null,
            "common_shares": 18559768,
            "book_valuer_per_share": 26.86,
            "book_valuer_per_share_4q_avg": 24.12,
            "equity": 49793220,
            "current_ratio": 223.05,
            "debt_ratio": 37.11,
            "inventory_turnover_ratio": 0.45,
            "account_receivable_turnover_ratio": 1.76,
            "reinvestment_rate": 53.57,
            "research_to_sale_ratio": 12.1,
            "price_fair": 144.29,
            "eps_avg_yearly": 4.12,
            "eps_latest_yearly": 6.32,
            "eps_growth_yearly": 219.03
        },
        "20222": {
            "year_quarter": 20222,
            "year": 2022,
            "quarter": 2,
            "eps": 1.59,
            "eps_growth_year": 52.88,
            "eps_4q": 8.08,
            "eps_4q_growth_year": 166.89,
            "roe": 5.95,
            "roe_4q": 33.44,
            "gross_profit": 5464617,
            "gross_margin": 48.19,
            "gross_margin_4q_avg": 46.65,
            "net_income": 2935427,
            "net_income_4q": null,
            "revenue": 11340048,
            "revenue_4q": null,
            "common_shares": 18559258,
            "book_valuer_per_share": 26.36,
            "book_valuer_per_share_4q_avg": 25.41,
            "equity": 48876813,
            "current_ratio": 182.79,
            "debt_ratio": 41.62,
            "inventory_turnover_ratio": 0.41,
            "account_receivable_turnover_ratio": 1.75,
            "reinvestment_rate": 56.57,
            "research_to_sale_ratio": 13.13,
            "price_fair": 146.83,
            "eps_avg_yearly": 4.2,
            "eps_latest_yearly": 6.36,
            "eps_growth_yearly": 213.53
        },
        "20223": {
            "year_quarter": 20223,
            "year": 2022,
            "quarter": 3,
            "eps": 1.35,
            "eps_growth_year": -54.08,
            "eps_4q": 6.5,
            "eps_4q_growth_year": 27.9,
            "roe": 4.97,
            "roe_4q": 25.220000000000002,
            "gross_profit": 5071907,
            "gross_margin": 44.21,
            "gross_margin_4q_avg": 46.98,
            "net_income": 2500106,
            "net_income_4q": null,
            "revenue": 11471525,
            "revenue_4q": null,
            "common_shares": 18558843,
            "book_valuer_per_share": 27.89,
            "book_valuer_per_share_4q_avg": 26.58,
            "equity": 51712645,
            "current_ratio": 231.8,
            "debt_ratio": 39.21,
            "inventory_turnover_ratio": 0.42,
            "account_receivable_turnover_ratio": 1.69,
            "reinvestment_rate": 57.76,
            "research_to_sale_ratio": 13.27,
            "price_fair": 149.45,
            "eps_avg_yearly": 4.27,
            "eps_latest_yearly": 5.4,
            "eps_growth_yearly": 214.56
        },
        "20224": {
            "year_quarter": 20224,
            "year": 2022,
            "quarter": 4,
            "eps": 0.33,
            "eps_growth_year": -83.61,
            "eps_4q": 4.84,
            "eps_4q_growth_year": -25.01,
            "roe": 1.16,
            "roe_4q": 18.15,
            "gross_profit": 3097085,
            "gross_margin": 34.12,
            "gross_margin_4q_avg": 43.71,
            "net_income": 605271,
            "net_income_4q": null,
            "revenue": 9077926,
            "revenue_4q": null,
            "common_shares": 18558543,
            "book_valuer_per_share": 28.38,
            "book_valuer_per_share_4q_avg": 27.37,
            "equity": 52610359,
            "current_ratio": 238.45,
            "debt_ratio": 37.29,
            "inventory_turnover_ratio": 0.4,
            "account_receivable_turnover_ratio": 1.52,
            "reinvestment_rate": 64.39,
            "research_to_sale_ratio": 16.5,
            "price_fair": 138.69,
            "eps_avg_yearly": 3.96,
            "eps_latest_yearly": 1.32,
            "eps_growth_yearly": 183.53
        },
        "20231": {
            "year_quarter": 20231,
            "year": 2023,
            "quarter": 1,
            "eps": -0.19,
            "eps_growth_year": -112.03,
            "eps_4q": 3.07,
            "eps_4q_growth_year": -59.32,
            "roe": -0.68,
            "roe_4q": 11.399999999999999,
            "gross_profit": 1785875,
            "gross_margin": 25.14,
            "gross_margin_4q_avg": 37.92,
            "net_income": -355375,
            "net_income_4q": null,
            "revenue": 7103843,
            "revenue_4q": null,
            "common_shares": 18558279,
            "book_valuer_per_share": 28.38,
            "book_valuer_per_share_4q_avg": 27.75,
            "equity": 52607511,
            "current_ratio": 197.94,
            "debt_ratio": 35.64,
            "inventory_turnover_ratio": 0.36,
            "account_receivable_turnover_ratio": 1.57,
            "reinvestment_rate": 63.1,
            "research_to_sale_ratio": 19.9,
            "price_fair": 147.19,
            "eps_avg_yearly": 4.21,
            "eps_latest_yearly": 1.32,
            "eps_growth_yearly": 221.06
        },
        "20232": {
            "year_quarter": 20232,
            "year": 2023,
            "quarter": 2,
            "eps": 0.04,
            "eps_growth_year": -97.48,
            "eps_4q": 1.52,
            "eps_4q_growth_year": -81.17,
            "roe": 0.14,
            "roe_4q": 5.59,
            "gross_profit": 2102506,
            "gross_margin": 28.3,
            "gross_margin_4q_avg": 32.94,
            "net_income": 71003,
            "net_income_4q": null,
            "revenue": 7428887,
            "revenue_4q": null,
            "common_shares": 18558264,
            "book_valuer_per_share": 26.7,
            "book_valuer_per_share_4q_avg": 27.84,
            "equity": 49493218,
            "current_ratio": 194.76,
            "debt_ratio": 39.48,
            "inventory_turnover_ratio": 0.37,
            "account_receivable_turnover_ratio": 1.89,
            "reinvestment_rate": 54.7,
            "research_to_sale_ratio": 19.61,
            "price_fair": 156.3,
            "eps_avg_yearly": 4.47,
            "eps_latest_yearly": 1.32,
            "eps_growth_yearly": 215.42
        },
        "20233": {
            "year_quarter": 20233,
            "year": 2023,
            "quarter": 3,
            "eps": -0.22,
            "eps_growth_year": -116.3,
            "eps_4q": -0.05,
            "eps_4q_growth_year": -100.72,
            "roe": -0.83,
            "roe_4q": -0.2100000000000002,
            "gross_profit": 1761254,
            "gross_margin": 24.18,
            "gross_margin_4q_avg": 27.94,
            "net_income": -407797,
            "net_income_4q": null,
            "revenue": 7283103,
            "revenue_4q": null,
            "common_shares": 18558264,
            "book_valuer_per_share": 26.43,
            "book_valuer_per_share_4q_avg": 27.47,
            "equity": 48999300,
            "current_ratio": 309.82,
            "debt_ratio": 38.57,
            "inventory_turnover_ratio": 0.4,
            "account_receivable_turnover_ratio": 1.9,
            "reinvestment_rate": 49.5,
            "research_to_sale_ratio": 20.14,
            "price_fair": 157.45,
            "eps_avg_yearly": 4.5,
            "eps_latest_yearly": 1.32,
            "eps_growth_yearly": 40.79
        },
        "20234": {
            "year_quarter": 20234,
            "year": 2023,
            "quarter": 4,
            "eps": -0.54,
            "eps_growth_year": -266.47,
            "eps_4q": -0.92,
            "eps_4q_growth_year": -118.95,
            "roe": -2.07,
            "roe_4q": -3.44,
            "gross_profit": 1111025,
            "gross_margin": 19.13,
            "gross_margin_4q_avg": 24.19,
            "net_income": -1006978,
            "net_income_4q": null,
            "revenue": 5807775,
            "revenue_4q": null,
            "common_shares": 18558264,
            "book_valuer_per_share": 26.07,
            "book_valuer_per_share_4q_avg": 26.9,
            "equity": 48325955,
            "current_ratio": 310.05,
            "debt_ratio": 37.89,
            "inventory_turnover_ratio": 0.35,
            "account_receivable_turnover_ratio": 1.63,
            "reinvestment_rate": 50.47,
            "research_to_sale_ratio": 24.94,
            "price_fair": 165.78,
            "eps_avg_yearly": 4.74,
            "eps_latest_yearly": 1.32,
            "eps_growth_yearly": 63.99
        }
    },
    "months": {
        "2001-06": {
            "month": "2001-06",
            "price": "37.12",
            "revenue": 1567581
        },
        "2001-07": {
            "month": "2001-07",
            "price": "29.80",
            "revenue": 1600302
        },
        "2001-08": {
            "month": "2001-08",
            "price": "27.52",
            "revenue": 1700653
        },
        "2001-09": {
            "month": "2001-09",
            "price": "20.82",
            "revenue": 1804702
        },
        "2001-10": {
            "month": "2001-10",
            "price": "19.60",
            "revenue": 1908073
        },
        "2001-11": {
            "month": "2001-11",
            "price": "23.17",
            "revenue": 1603492
        },
        "2001-12": {
            "month": "2001-12",
            "price": "26.00",
            "revenue": 812880
        },
        "2002-01": {
            "month": "2002-01",
            "price": "27.17",
            "revenue": 903142
        },
        "2002-02": {
            "month": "2002-02",
            "price": "25.92",
            "revenue": 927789
        },
        "2002-03": {
            "month": "2002-03",
            "price": "30.01",
            "revenue": 1001529
        },
        "2002-04": {
            "month": "2002-04",
            "price": "30.60",
            "revenue": 1205931
        },
        "2002-05": {
            "month": "2002-05",
            "price": "24.25",
            "revenue": 1301595
        },
        "2002-06": {
            "month": "2002-06",
            "price": "21.91",
            "revenue": 1407668
        },
        "2002-07": {
            "month": "2002-07",
            "price": "15.03",
            "revenue": 1350206
        },
        "2002-08": {
            "month": "2002-08",
            "price": "13.76",
            "revenue": 1601857
        },
        "2002-09": {
            "month": "2002-09",
            "price": "11.24",
            "revenue": 1753491
        },
        "2002-10": {
            "month": "2002-10",
            "price": "11.00",
            "revenue": 1970945
        },
        "2002-11": {
            "month": "2002-11",
            "price": "12.55",
            "revenue": 1509948
        },
        "2002-12": {
            "month": "2002-12",
            "price": "12.01",
            "revenue": 1206340
        },
        "2003-01": {
            "month": "2003-01",
            "price": "11.78",
            "revenue": 1034693
        },
        "2003-02": {
            "month": "2003-02",
            "price": "10.49",
            "revenue": 1035546
        },
        "2003-03": {
            "month": "2003-03",
            "price": "9.44",
            "revenue": 1003034
        },
        "2003-04": {
            "month": "2003-04",
            "price": "8.59",
            "revenue": 1101177
        },
        "2003-05": {
            "month": "2003-05",
            "price": "5.30",
            "revenue": 1416794
        },
        "2003-06": {
            "month": "2003-06",
            "price": "7.70",
            "revenue": 1509232
        },
        "2003-07": {
            "month": "2003-07",
            "price": "9.08",
            "revenue": 1520415
        },
        "2003-08": {
            "month": "2003-08",
            "price": "8.08",
            "revenue": 1563011
        },
        "2003-09": {
            "month": "2003-09",
            "price": "8.24",
            "revenue": 1820546
        },
        "2003-10": {
            "month": "2003-10",
            "price": "9.44",
            "revenue": 2024672
        },
        "2003-11": {
            "month": "2003-11",
            "price": "8.74",
            "revenue": 1797793
        },
        "2003-12": {
            "month": "2003-12",
            "price": "7.92",
            "revenue": 1647899
        },
        "2004-01": {
            "month": "2004-01",
            "price": "8.55",
            "revenue": 1394192
        },
        "2004-02": {
            "month": "2004-02",
            "price": "9.46",
            "revenue": 1629627
        },
        "2004-03": {
            "month": "2004-03",
            "price": "12.06",
            "revenue": 1782533
        },
        "2004-04": {
            "month": "2004-04",
            "price": "14.20",
            "revenue": 2099948
        },
        "2004-05": {
            "month": "2004-05",
            "price": "11.51",
            "revenue": 2255025
        },
        "2004-06": {
            "month": "2004-06",
            "price": "11.03",
            "revenue": 2349813
        },
        "2004-07": {
            "month": "2004-07",
            "price": "10.41",
            "revenue": 2370145
        },
        "2004-08": {
            "month": "2004-08",
            "price": "8.95",
            "revenue": 2048686
        },
        "2004-09": {
            "month": "2004-09",
            "price": "7.92",
            "revenue": 2066613
        },
        "2004-10": {
            "month": "2004-10",
            "price": "7.28",
            "revenue": 1922869
        },
        "2004-11": {
            "month": "2004-11",
            "price": "7.13",
            "revenue": 1717545
        },
        "2004-12": {
            "month": "2004-12",
            "price": "7.24",
            "revenue": 1302828
        },
        "2005-01": {
            "month": "2005-01",
            "price": "6.35",
            "revenue": 1245801
        },
        "2005-02": {
            "month": "2005-02",
            "price": "6.13",
            "revenue": 1174993
        },
        "2005-03": {
            "month": "2005-03",
            "price": "5.00",
            "revenue": 1204542
        },
        "2005-04": {
            "month": "2005-04",
            "price": "4.51",
            "revenue": 1316322
        },
        "2005-05": {
            "month": "2005-05",
            "price": "4.75",
            "revenue": 1286645
        },
        "2005-06": {
            "month": "2005-06",
            "price": "5.46",
            "revenue": 1272606
        },
        "2005-07": {
            "month": "2005-07",
            "price": "5.96",
            "revenue": 1509192
        },
        "2005-08": {
            "month": "2005-08",
            "price": "4.81",
            "revenue": 1704665
        },
        "2005-09": {
            "month": "2005-09",
            "price": "3.60",
            "revenue": 2055640
        },
        "2005-10": {
            "month": "2005-10",
            "price": "3.50",
            "revenue": 2195751
        },
        "2005-11": {
            "month": "2005-11",
            "price": "3.92",
            "revenue": 2107355
        },
        "2005-12": {
            "month": "2005-12",
            "price": "4.49",
            "revenue": 1504572
        },
        "2006-01": {
            "month": "2006-01",
            "price": "5.26",
            "revenue": 1399644
        },
        "2006-02": {
            "month": "2006-02",
            "price": "4.72",
            "revenue": 1363602
        },
        "2006-03": {
            "month": "2006-03",
            "price": "4.10",
            "revenue": 1652371
        },
        "2006-04": {
            "month": "2006-04",
            "price": "4.26",
            "revenue": 1843486
        },
        "2006-05": {
            "month": "2006-05",
            "price": "9.14",
            "revenue": 1690586
        },
        "2006-06": {
            "month": "2006-06",
            "price": "8.03",
            "revenue": 1702040
        },
        "2006-07": {
            "month": "2006-07",
            "price": "8.82",
            "revenue": 1818853
        },
        "2006-08": {
            "month": "2006-08",
            "price": "9.80",
            "revenue": 2177406
        },
        "2006-09": {
            "month": "2006-09",
            "price": "9.76",
            "revenue": 2711504
        },
        "2006-10": {
            "month": "2006-10",
            "price": "10.94",
            "revenue": 2660435
        },
        "2006-11": {
            "month": "2006-11",
            "price": "12.85",
            "revenue": 2169604
        },
        "2006-12": {
            "month": "2006-12",
            "price": "13.79",
            "revenue": 1601340
        },
        "2007-01": {
            "month": "2007-01",
            "price": "13.22",
            "revenue": 1595554
        },
        "2007-02": {
            "month": "2007-02",
            "price": "13.28",
            "revenue": 1673664
        },
        "2007-03": {
            "month": "2007-03",
            "price": "13.27",
            "revenue": 1885687
        },
        "2007-04": {
            "month": "2007-04",
            "price": "13.66",
            "revenue": 1930434
        },
        "2007-05": {
            "month": "2007-05",
            "price": "13.77",
            "revenue": 1915496
        },
        "2007-06": {
            "month": "2007-06",
            "price": "14.33",
            "revenue": 2018260
        },
        "2007-07": {
            "month": "2007-07",
            "price": "17.65",
            "revenue": 2014927
        },
        "2007-08": {
            "month": "2007-08",
            "price": "20.32",
            "revenue": 2415104
        },
        "2007-09": {
            "month": "2007-09",
            "price": "20.20",
            "revenue": 2811516
        },
        "2007-10": {
            "month": "2007-10",
            "price": "21.06",
            "revenue": 2470132
        },
        "2007-11": {
            "month": "2007-11",
            "price": "17.25",
            "revenue": 1824490
        },
        "2007-12": {
            "month": "2007-12",
            "price": "14.74",
            "revenue": 1748411
        },
        "2008-01": {
            "month": "2008-01",
            "price": "13.32",
            "revenue": 1598024
        },
        "2008-02": {
            "month": "2008-02",
            "price": "13.09",
            "revenue": 1557331
        },
        "2008-03": {
            "month": "2008-03",
            "price": "13.51",
            "revenue": 1754572
        },
        "2008-04": {
            "month": "2008-04",
            "price": "15.07",
            "revenue": 1706964
        },
        "2008-05": {
            "month": "2008-05",
            "price": "16.13",
            "revenue": 1758681
        },
        "2008-06": {
            "month": "2008-06",
            "price": "14.38",
            "revenue": 1725261
        },
        "2008-07": {
            "month": "2008-07",
            "price": "13.48",
            "revenue": 2008679
        },
        "2008-08": {
            "month": "2008-08",
            "price": "13.39",
            "revenue": 2491192
        },
        "2008-09": {
            "month": "2008-09",
            "price": "10.29",
            "revenue": 3064606
        },
        "2008-10": {
            "month": "2008-10",
            "price": "9.66",
            "revenue": 2778044
        },
        "2008-11": {
            "month": "2008-11",
            "price": "8.36",
            "revenue": 1690352
        },
        "2008-12": {
            "month": "2008-12",
            "price": "8.65",
            "revenue": 1124033
        },
        "2009-01": {
            "month": "2009-01",
            "price": "8.89",
            "revenue": 1251219
        },
        "2009-02": {
            "month": "2009-02",
            "price": "10.13",
            "revenue": 1859591
        },
        "2009-03": {
            "month": "2009-03",
            "price": "12.48",
            "revenue": 1804092
        },
        "2009-04": {
            "month": "2009-04",
            "price": "13.67",
            "revenue": 1901500
        },
        "2009-05": {
            "month": "2009-05",
            "price": "14.67",
            "revenue": 1822124
        },
        "2009-06": {
            "month": "2009-06",
            "price": "14.53",
            "revenue": 2048060
        },
        "2009-07": {
            "month": "2009-07",
            "price": "16.70",
            "revenue": 2089316
        },
        "2009-08": {
            "month": "2009-08",
            "price": "15.99",
            "revenue": 2838864
        },
        "2009-09": {
            "month": "2009-09",
            "price": "17.43",
            "revenue": 3351126
        },
        "2009-10": {
            "month": "2009-10",
            "price": "17.49",
            "revenue": 2704303
        },
        "2009-11": {
            "month": "2009-11",
            "price": "16.38",
            "revenue": 2466428
        },
        "2009-12": {
            "month": "2009-12",
            "price": "16.53",
            "revenue": 2230814
        },
        "2010-01": {
            "month": "2010-01",
            "price": "17.74",
            "revenue": 2228845
        },
        "2010-02": {
            "month": "2010-02",
            "price": "17.10",
            "revenue": 2091805
        },
        "2010-03": {
            "month": "2010-03",
            "price": "18.64",
            "revenue": 2247331
        },
        "2010-04": {
            "month": "2010-04",
            "price": "21.92",
            "revenue": 2294731
        },
        "2010-05": {
            "month": "2010-05",
            "price": "21.22",
            "revenue": 2444621
        },
        "2010-06": {
            "month": "2010-06",
            "price": "21.39",
            "revenue": 2587249
        },
        "2010-07": {
            "month": "2010-07",
            "price": "21.40",
            "revenue": 2450114
        },
        "2010-08": {
            "month": "2010-08",
            "price": "19.27",
            "revenue": 2702319
        },
        "2010-09": {
            "month": "2010-09",
            "price": "18.64",
            "revenue": 3005390
        },
        "2010-10": {
            "month": "2010-10",
            "price": "19.16",
            "revenue": 2075693
        },
        "2010-11": {
            "month": "2010-11",
            "price": "18.15",
            "revenue": 1693100
        },
        "2010-12": {
            "month": "2010-12",
            "price": "19.60",
            "revenue": 1736919
        },
        "2011-01": {
            "month": "2011-01",
            "price": "22.03",
            "revenue": 2147894
        },
        "2011-02": {
            "month": "2011-02",
            "price": "21.44",
            "revenue": 2403074
        },
        "2011-03": {
            "month": "2011-03",
            "price": "19.84",
            "revenue": 2021769
        },
        "2011-04": {
            "month": "2011-04",
            "price": "18.99",
            "revenue": 2147686
        },
        "2011-05": {
            "month": "2011-05",
            "price": "18.15",
            "revenue": 2115019
        },
        "2011-06": {
            "month": "2011-06",
            "price": "17.63",
            "revenue": 2049822
        },
        "2011-07": {
            "month": "2011-07",
            "price": "17.59",
            "revenue": 2006584
        },
        "2011-08": {
            "month": "2011-08",
            "price": "11.68",
            "revenue": 2206974
        },
        "2011-09": {
            "month": "2011-09",
            "price": "11.49",
            "revenue": 2331094
        },
        "2011-10": {
            "month": "2011-10",
            "price": "11.31",
            "revenue": 3313685
        },
        "2011-11": {
            "month": "2011-11",
            "price": "12.29",
            "revenue": 3011341
        },
        "2011-12": {
            "month": "2011-12",
            "price": "12.05",
            "revenue": 2088731
        },
        "2012-01": {
            "month": "2012-01",
            "price": "12.12",
            "revenue": 1666448
        },
        "2012-02": {
            "month": "2012-02",
            "price": "12.78",
            "revenue": 1815087
        },
        "2012-03": {
            "month": "2012-03",
            "price": "11.74",
            "revenue": 1601769
        },
        "2012-04": {
            "month": "2012-04",
            "price": "10.45",
            "revenue": 1804179
        },
        "2012-05": {
            "month": "2012-05",
            "price": "9.08",
            "revenue": 2047817
        },
        "2012-06": {
            "month": "2012-06",
            "price": "9.02",
            "revenue": 1948736
        },
        "2012-07": {
            "month": "2012-07",
            "price": "8.41",
            "revenue": 2316612
        },
        "2012-08": {
            "month": "2012-08",
            "price": "7.82",
            "revenue": 2412062
        },
        "2012-09": {
            "month": "2012-09",
            "price": "9.01",
            "revenue": 2532795
        },
        "2012-10": {
            "month": "2012-10",
            "price": "8.85",
            "revenue": 2337783
        },
        "2012-11": {
            "month": "2012-11",
            "price": "7.67",
            "revenue": 1961403
        },
        "2012-12": {
            "month": "2012-12",
            "price": "8.54",
            "revenue": 1444156
        },
        "2013-01": {
            "month": "2013-01",
            "price": "8.84",
            "revenue": 1634437
        },
        "2013-02": {
            "month": "2013-02",
            "price": "8.51",
            "revenue": 1315314
        },
        "2013-03": {
            "month": "2013-03",
            "price": "8.69",
            "revenue": 1455039
        },
        "2013-04": {
            "month": "2013-04",
            "price": "8.04",
            "revenue": 1811814
        },
        "2013-05": {
            "month": "2013-05",
            "price": "7.93",
            "revenue": 1639042
        },
        "2013-06": {
            "month": "2013-06",
            "price": "7.03",
            "revenue": 1779787
        },
        "2013-07": {
            "month": "2013-07",
            "price": "7.28",
            "revenue": 1805327
        },
        "2013-08": {
            "month": "2013-08",
            "price": "7.02",
            "revenue": 2525116
        },
        "2013-09": {
            "month": "2013-09",
            "price": "7.17",
            "revenue": 2377816
        },
        "2013-10": {
            "month": "2013-10",
            "price": "7.05",
            "revenue": 2286434
        },
        "2013-11": {
            "month": "2013-11",
            "price": "6.64",
            "revenue": 1900842
        },
        "2013-12": {
            "month": "2013-12",
            "price": "6.60",
            "revenue": 1673088
        },
        "2014-01": {
            "month": "2014-01",
            "price": "6.92",
            "revenue": 1645048
        },
        "2014-02": {
            "month": "2014-02",
            "price": "6.55",
            "revenue": 1435940
        },
        "2014-03": {
            "month": "2014-03",
            "price": "6.46",
            "revenue": 1709075
        },
        "2014-04": {
            "month": "2014-04",
            "price": "6.77",
            "revenue": 1629945
        },
        "2014-05": {
            "month": "2014-05",
            "price": "6.94",
            "revenue": 1567359
        },
        "2014-06": {
            "month": "2014-06",
            "price": "7.33",
            "revenue": 1775408
        },
        "2014-07": {
            "month": "2014-07",
            "price": "8.10",
            "revenue": 1826755
        },
        "2014-08": {
            "month": "2014-08",
            "price": "7.64",
            "revenue": 1967469
        },
        "2014-09": {
            "month": "2014-09",
            "price": "7.38",
            "revenue": 2897104
        },
        "2014-10": {
            "month": "2014-10",
            "price": "6.88",
            "revenue": 2386009
        },
        "2014-11": {
            "month": "2014-11",
            "price": "6.61",
            "revenue": 1898283
        },
        "2014-12": {
            "month": "2014-12",
            "price": "6.51",
            "revenue": 1675819
        },
        "2015-01": {
            "month": "2015-01",
            "price": "6.87",
            "revenue": 1568212
        },
        "2015-02": {
            "month": "2015-02",
            "price": "6.80",
            "revenue": 1418228
        },
        "2015-03": {
            "month": "2015-03",
            "price": "7.06",
            "revenue": 1719833
        },
        "2015-04": {
            "month": "2015-04",
            "price": "7.38",
            "revenue": 1563440
        },
        "2015-05": {
            "month": "2015-05",
            "price": "7.07",
            "revenue": 1589942
        },
        "2015-06": {
            "month": "2015-06",
            "price": "6.19",
            "revenue": 1821847
        },
        "2015-07": {
            "month": "2015-07",
            "price": "5.35",
            "revenue": 1851276
        },
        "2015-08": {
            "month": "2015-08",
            "price": "4.50",
            "revenue": 1898076
        },
        "2015-09": {
            "month": "2015-09",
            "price": "4.61",
            "revenue": 1897848
        },
        "2015-10": {
            "month": "2015-10",
            "price": "4.63",
            "revenue": 1923228
        },
        "2015-11": {
            "month": "2015-11",
            "price": "4.69",
            "revenue": 1956105
        },
        "2015-12": {
            "month": "2015-12",
            "price": "4.71",
            "revenue": 1719735
        },
        "2016-01": {
            "month": "2016-01",
            "price": "4.32",
            "revenue": 1683148
        },
        "2016-02": {
            "month": "2016-02",
            "price": "3.74",
            "revenue": 1628651
        },
        "2016-03": {
            "month": "2016-03",
            "price": "4.22",
            "revenue": 1774491
        },
        "2016-04": {
            "month": "2016-04",
            "price": "4.03",
            "revenue": 1742658
        },
        "2016-05": {
            "month": "2016-05",
            "price": "3.08",
            "revenue": 1739330
        },
        "2016-06": {
            "month": "2016-06",
            "price": "2.56",
            "revenue": 1699180
        },
        "2016-07": {
            "month": "2016-07",
            "price": "3.51",
            "revenue": 2146665
        },
        "2016-08": {
            "month": "2016-08",
            "price": "4.23",
            "revenue": 2112486
        },
        "2016-09": {
            "month": "2016-09",
            "price": "4.05",
            "revenue": 2832518
        },
        "2016-10": {
            "month": "2016-10",
            "price": "4.42",
            "revenue": 2471024
        },
        "2016-11": {
            "month": "2016-11",
            "price": "4.08",
            "revenue": 2197912
        },
        "2016-12": {
            "month": "2016-12",
            "price": "4.32",
            "revenue": 2096911
        },
        "2017-01": {
            "month": "2017-01",
            "price": "5.75",
            "revenue": 2184674
        },
        "2017-02": {
            "month": "2017-02",
            "price": "8.35",
            "revenue": 2014093
        },
        "2017-03": {
            "month": "2017-03",
            "price": "9.97",
            "revenue": 2411217
        },
        "2017-04": {
            "month": "2017-04",
            "price": "13.31",
            "revenue": 2048329
        },
        "2017-05": {
            "month": "2017-05",
            "price": "13.20",
            "revenue": 2090686
        },
        "2017-06": {
            "month": "2017-06",
            "price": "16.65",
            "revenue": 2423964
        },
        "2017-07": {
            "month": "2017-07",
            "price": "16.12",
            "revenue": 2878360
        },
        "2017-08": {
            "month": "2017-08",
            "price": "23.63",
            "revenue": 3438803
        },
        "2017-09": {
            "month": "2017-09",
            "price": "47.42",
            "revenue": 4150118
        },
        "2017-10": {
            "month": "2017-10",
            "price": "55.39",
            "revenue": 4143352
        },
        "2017-11": {
            "month": "2017-11",
            "price": "50.79",
            "revenue": 3287986
        },
        "2017-12": {
            "month": "2017-12",
            "price": "42.67",
            "revenue": 3125334
        },
        "2018-01": {
            "month": "2018-01",
            "price": "42.95",
            "revenue": 3091355
        },
        "2018-02": {
            "month": "2018-02",
            "price": "41.85",
            "revenue": 2716789
        },
        "2018-03": {
            "month": "2018-03",
            "price": "46.95",
            "revenue": 3252991
        },
        "2018-04": {
            "month": "2018-04",
            "price": "48.04",
            "revenue": 2901824
        },
        "2018-05": {
            "month": "2018-05",
            "price": "44.83",
            "revenue": 3185734
        },
        "2018-06": {
            "month": "2018-06",
            "price": "46.52",
            "revenue": 2792765
        },
        "2018-07": {
            "month": "2018-07",
            "price": "42.14",
            "revenue": 3045671
        },
        "2018-08": {
            "month": "2018-08",
            "price": "36.10",
            "revenue": 3235550
        },
        "2018-09": {
            "month": "2018-09",
            "price": "28.08",
            "revenue": 3749029
        },
        "2018-10": {
            "month": "2018-10",
            "price": "20.12",
            "revenue": 3894126
        },
        "2018-11": {
            "month": "2018-11",
            "price": "19.17",
            "revenue": 3043801
        },
        "2018-12": {
            "month": "2018-12",
            "price": "19.20",
            "revenue": 2043397
        },
        "2019-01": {
            "month": "2019-01",
            "price": "18.71",
            "revenue": 2259997
        },
        "2019-02": {
            "month": "2019-02",
            "price": "20.91",
            "revenue": 1804688
        },
        "2019-03": {
            "month": "2019-03",
            "price": "21.54",
            "revenue": 1964214
        },
        "2019-04": {
            "month": "2019-04",
            "price": "22.48",
            "revenue": 2085374
        },
        "2019-05": {
            "month": "2019-05",
            "price": "21.88",
            "revenue": 2723392
        },
        "2019-06": {
            "month": "2019-06",
            "price": "21.96",
            "revenue": 2670611
        },
        "2019-07": {
            "month": "2019-07",
            "price": "27.79",
            "revenue": 3035047
        },
        "2019-08": {
            "month": "2019-08",
            "price": "27.79",
            "revenue": 3791065
        },
        "2019-09": {
            "month": "2019-09",
            "price": "31.00",
            "revenue": 5080377
        },
        "2019-10": {
            "month": "2019-10",
            "price": "32.14",
            "revenue": 3665950
        },
        "2019-11": {
            "month": "2019-11",
            "price": "31.48",
            "revenue": 3252064
        },
        "2019-12": {
            "month": "2019-12",
            "price": "36.59",
            "revenue": 2662631
        },
        "2020-01": {
            "month": "2020-01",
            "price": "38.51",
            "revenue": 2755885
        },
        "2020-02": {
            "month": "2020-02",
            "price": "37.56",
            "revenue": 2777033
        },
        "2020-03": {
            "month": "2020-03",
            "price": "28.61",
            "revenue": 3882239
        },
        "2020-04": {
            "month": "2020-04",
            "price": "31.77",
            "revenue": 3428450
        },
        "2020-05": {
            "month": "2020-05",
            "price": "34.07",
            "revenue": 2835520
        },
        "2020-06": {
            "month": "2020-06",
            "price": "31.89",
            "revenue": 3007319
        },
        "2020-07": {
            "month": "2020-07",
            "price": "31.70",
            "revenue": 3139283
        },
        "2020-08": {
            "month": "2020-08",
            "price": "30.10",
            "revenue": 3154192
        },
        "2020-09": {
            "month": "2020-09",
            "price": "31.45",
            "revenue": 4663492
        },
        "2020-10": {
            "month": "2020-10",
            "price": "32.06",
            "revenue": 3841479
        },
        "2020-11": {
            "month": "2020-11",
            "price": "33.68",
            "revenue": 3009565
        },
        "2020-12": {
            "month": "2020-12",
            "price": "41.46",
            "revenue": 3306490
        },
        "2021-01": {
            "month": "2021-01",
            "price": "39.97",
            "revenue": 3006304
        },
        "2021-02": {
            "month": "2021-02",
            "price": "43.90",
            "revenue": 3012648
        },
        "2021-03": {
            "month": "2021-03",
            "price": "43.44",
            "revenue": 3608192
        },
        "2021-04": {
            "month": "2021-04",
            "price": "46.33",
            "revenue": 3810816
        },
        "2021-05": {
            "month": "2021-05",
            "price": "40.27",
            "revenue": 4006487
        },
        "2021-06": {
            "month": "2021-06",
            "price": "43.88",
            "revenue": 3609143
        },
        "2021-07": {
            "month": "2021-07",
            "price": "43.03",
            "revenue": 4283151
        },
        "2021-08": {
            "month": "2021-08",
            "price": "40.63",
            "revenue": 5011832
        },
        "2021-09": {
            "month": "2021-09",
            "price": "38.72",
            "revenue": 5679392
        },
        "2021-10": {
            "month": "2021-10",
            "price": "36.33",
            "revenue": 5715019
        },
        "2021-11": {
            "month": "2021-11",
            "price": "41.88",
            "revenue": 4737579
        },
        "2021-12": {
            "month": "2021-12",
            "price": "41.48",
            "revenue": 4092428
        },
        "2022-01": {
            "month": "2022-01",
            "price": "40.30",
            "revenue": 3717861
        },
        "2022-02": {
            "month": "2022-02",
            "price": "43.34",
            "revenue": 3623441
        },
        "2022-03": {
            "month": "2022-03",
            "price": "42.05",
            "revenue": 4256653
        },
        "2022-04": {
            "month": "2022-04",
            "price": "39.08",
            "revenue": 3879228
        },
        "2022-05": {
            "month": "2022-05",
            "price": "38.66",
            "revenue": 3548418
        },
        "2022-06": {
            "month": "2022-06",
            "price": "37.91",
            "revenue": 3912403
        },
        "2022-07": {
            "month": "2022-07",
            "price": "31.26",
            "revenue": 3604068
        },
        "2022-08": {
            "month": "2022-08",
            "price": "32.78",
            "revenue": 3727862
        },
        "2022-09": {
            "month": "2022-09",
            "price": "31.24",
            "revenue": 4139594
        },
        "2022-10": {
            "month": "2022-10",
            "price": "31.42",
            "revenue": 3730395
        },
        "2022-11": {
            "month": "2022-11",
            "price": "33.26",
            "revenue": 2765340
        },
        "2022-12": {
            "month": "2022-12",
            "price": "34.59",
            "revenue": 2582192
        },
        "2023-01": {
            "month": "2023-01",
            "price": "34.82",
            "revenue": 2211806
        },
        "2023-02": {
            "month": "2023-02",
            "price": "35.71",
            "revenue": 2068622
        },
        "2023-03": {
            "month": "2023-03",
            "price": "34.38",
            "revenue": 2823415
        },
        "2023-04": {
            "month": "2023-04",
            "price": "34.04",
            "revenue": 3008267
        },
        "2023-05": {
            "month": "2023-05",
            "price": "32.62",
            "revenue": 2280975
        },
        "2023-06": {
            "month": "2023-06",
            "price": "33.12",
            "revenue": 2139645
        },
        "2023-07": {
            "month": "2023-07",
            "price": "31.68",
            "revenue": 2181288
        },
        "2023-08": {
            "month": "2023-08",
            "price": "31.19",
            "revenue": 2600799
        },
        "2023-09": {
            "month": "2023-09",
            "price": "33.74",
            "revenue": 2501015
        },
        "2023-10": {
            "month": "2023-10",
            "price": "31.40",
            "revenue": 2166105
        },
        "2023-11": {
            "month": "2023-11",
            "price": "28.20",
            "revenue": 1808910
        },
        "2023-12": {
            "month": "2023-12",
            "price": "29.70",
            "revenue": 1832760
        },
        "2024-01": {
            "month": "2024-01",
            "price": "30.15",
            "revenue": 1914156
        },
        "2024-02": {
            "month": "2024-02",
            "price": "28.68",
            "revenue": 1733064
        }
    }
}
