{
    "summary": {
        "stock_name": "光罩",
        "stock_id": "2338",
        "category": "半導體",
        "main_business": "光罩之研究.發展.製造及銷售.<br>提供有關前述產品之技術協助.諮詢.檢驗.維修與修理服務.",
        "website_url": "http://www.tmcnet.com.tw",
        "ceo": "陳立惇",
        "pe_ratio": 16,
        "report_year_from": 2001,
        "report_year_to": 2023,
        "age": 23,
        "eps_negative_percentage": 13,
        "eps_growth_avg": {
            "last_all": 0.28,
            "last_2y": -11.1,
            "last_4y": 23.02,
            "last_8y": 2.52,
            "last_12y": -3.78,
            "last_16y": -1.26,
            "last_20y": 0.71,
            "at_2006_last_3y": 7.6,
            "at_2007_last_3y": 13.81,
            "at_2008_last_3y": -15.3,
            "at_2009_last_3y": -20.82,
            "at_2010_last_3y": 5.06,
            "at_2011_last_3y": -5.8,
            "at_2012_last_3y": 12.53,
            "at_2013_last_3y": 1.47,
            "at_2014_last_3y": -13.24,
            "at_2015_last_3y": -33.76,
            "at_2016_last_3y": -41.38,
            "at_2017_last_3y": -29.41,
            "at_2018_last_3y": -100,
            "at_2019_last_3y": 100,
            "at_2020_last_3y": 74.2,
            "at_2021_last_3y": 73.67,
            "at_2022_last_3y": 45.99,
            "at_2023_last_3y": 3.78,
            "at_2024_last_3y": 3.78,
            "at_2006_last_all": 4.58,
            "at_2007_last_all": 8.07,
            "at_2008_last_all": -5.12,
            "at_2009_last_all": -7.11,
            "at_2010_last_all": 4.79,
            "at_2011_last_all": 2.52,
            "at_2012_last_all": 1.3,
            "at_2013_last_all": -4.25,
            "at_2014_last_all": -0.76,
            "at_2015_last_all": -7.84,
            "at_2016_last_all": -7.84,
            "at_2017_last_all": -7.84,
            "at_2018_last_all": -7.84,
            "at_2019_last_all": -0.66,
            "at_2020_last_all": 2.41,
            "at_2021_last_all": 6.54,
            "at_2022_last_all": 4.12,
            "at_2023_last_all": 0.28,
            "at_2024_last_all": 0.28
        },
        "latest_eps": 4.24,
        "latest_price": 69.1,
        "latest_roe": 16.06,
        "latest_gross_margin": 25.55,
        "latest_equity": 4669467,
        "latest_revenue": 1955017,
        "latest_gross_profit": 499543,
        "latest_net_income": -109734,
        "latest_debt_ratio": 77.49,
        "latest_current_ratio": 68.57,
        "latest_account_receivable_turnover_ratio": 1.53,
        "latest_inventory_turnover_ratio": 2.38,
        "latest_reinvestment_rate": 317.31,
        "latest_research_to_sale_ratio": 4.55
    },
    "eps_dividends": {
        "1993": {
            "cash": 1.1,
            "stock": 0,
            "eps": 0
        },
        "1994": {
            "cash": 1.6,
            "stock": 0,
            "eps": 0
        },
        "1995": {
            "cash": 0,
            "stock": 2.5,
            "eps": 0
        },
        "1996": {
            "cash": 0,
            "stock": 3.5,
            "eps": 0
        },
        "1997": {
            "cash": 0,
            "stock": 4.5,
            "eps": 0
        },
        "1999": {
            "cash": 0,
            "stock": 1.2,
            "eps": 0
        },
        "2001": {
            "cash": 0,
            "stock": 0,
            "eps": 1.6
        },
        "2002": {
            "cash": 0,
            "stock": 1.3,
            "eps": 1.48
        },
        "2003": {
            "cash": 1.02,
            "stock": 0,
            "eps": 1.49
        },
        "2004": {
            "cash": 1.25,
            "stock": 0,
            "eps": 1.97
        },
        "2005": {
            "cash": 1.15,
            "stock": 0,
            "eps": 1.99
        },
        "2006": {
            "cash": 1.57,
            "stock": 0,
            "eps": 1.92
        },
        "2007": {
            "cash": 1.38,
            "stock": 0,
            "eps": 2.41
        },
        "2008": {
            "cash": 1.5,
            "stock": 0,
            "eps": 0.38
        },
        "2009": {
            "cash": 0.65,
            "stock": 0,
            "eps": 0.3
        },
        "2010": {
            "cash": 0.28,
            "stock": 0,
            "eps": 0.67
        },
        "2011": {
            "cash": 1.72,
            "stock": 0,
            "eps": 0.55
        },
        "2012": {
            "cash": 0,
            "stock": 0,
            "eps": 0.49
        },
        "2013": {
            "cash": 0.37,
            "stock": 0,
            "eps": 0.17
        },
        "2014": {
            "cash": 0.6,
            "stock": 0,
            "eps": 0.24
        },
        "2015": {
            "cash": 0.5,
            "stock": 0,
            "eps": -0.16
        },
        "2016": {
            "cash": 0.3,
            "stock": 0,
            "eps": -0.76
        },
        "2017": {
            "cash": 0,
            "stock": 0,
            "eps": -0.34
        },
        "2018": {
            "cash": 0,
            "stock": 0,
            "eps": 1.02
        },
        "2019": {
            "cash": 0.83,
            "stock": 0,
            "eps": 2.19
        },
        "2020": {
            "cash": 1,
            "stock": 0,
            "eps": 3.25
        },
        "2021": {
            "cash": 1.5,
            "stock": 0,
            "eps": 5.61
        },
        "2022": {
            "cash": 2,
            "stock": 0,
            "eps": 3.53
        },
        "2023": {
            "cash": 2.5,
            "stock": 0,
            "eps": 1.1
        }
    },
    "dividends": {
        "1993-05-28": {
            "cash": 1.1,
            "stock": 0
        },
        "1994-04-26": {
            "cash": 1.6,
            "stock": 0
        },
        "1995-06-06": {
            "cash": 0,
            "stock": 2.5
        },
        "1996-06-01": {
            "cash": 0,
            "stock": 3.5
        },
        "1997-05-21": {
            "cash": 0,
            "stock": 4.5
        },
        "1999-05-05": {
            "cash": 0,
            "stock": 1.2
        },
        "2002-05-28": {
            "cash": 0,
            "stock": 1.3
        },
        "2003-04-23": {
            "cash": 1.02,
            "stock": 0
        },
        "2004-05-13": {
            "cash": 1.25,
            "stock": 0
        },
        "2005-03-11": {
            "cash": 1.15,
            "stock": 0
        },
        "2006-03-27": {
            "cash": 1.57,
            "stock": 0
        },
        "2007-03-26": {
            "cash": 1.38,
            "stock": 0
        },
        "2008-03-24": {
            "cash": 1.5,
            "stock": 0
        },
        "2009-03-19": {
            "cash": 0.65,
            "stock": 0
        },
        "2010-03-22": {
            "cash": 0.28,
            "stock": 0
        },
        "2011-01-01": {
            "cash": 0.99,
            "stock": 0
        },
        "2011-03-31": {
            "cash": 0.73,
            "stock": 0
        },
        "2013-03-21": {
            "cash": 0.37,
            "stock": 0
        },
        "2014-06-06": {
            "cash": 0.6,
            "stock": 0
        },
        "2015-08-06": {
            "cash": 0.5,
            "stock": 0
        },
        "2016-08-04": {
            "cash": 0.3,
            "stock": 0
        },
        "2019-09-20": {
            "cash": 0.83,
            "stock": 0
        },
        "2020-08-07": {
            "cash": 1,
            "stock": 0
        },
        "2021-08-24": {
            "cash": 1.5,
            "stock": 0
        },
        "2022-09-23": {
            "cash": 2,
            "stock": 0
        },
        "2023-08-18": {
            "cash": 2.5,
            "stock": 0
        }
    },
    "prices": {
        "200101": "15.21",
        "200102": "25.53",
        "200103": "26.27",
        "200104": "28.60",
        "200105": "24.15",
        "200106": "22.44",
        "200107": "17.36",
        "200108": "18.36",
        "200109": "15.49",
        "200110": "14.34",
        "200111": "16.95",
        "200112": "23.60",
        "200201": "28.87",
        "200202": "27.58",
        "200203": "30.45",
        "200204": "30.78",
        "200205": "25.95",
        "200206": "25.80",
        "200207": "22.53",
        "200208": "20.32",
        "200209": "19.02",
        "200210": "18.49",
        "200211": "19.26",
        "200212": "18.26",
        "200301": "18.34",
        "200302": "17.46",
        "200303": "16.79",
        "200304": "16.19",
        "200305": "15.94",
        "200306": "18.47",
        "200307": "19.70",
        "200308": "18.90",
        "200309": "17.97",
        "200310": "17.75",
        "200311": "18.26",
        "200312": "17.51",
        "200401": "18.04",
        "200402": "19.02",
        "200403": "18.56",
        "200404": "18.72",
        "200405": "17.61",
        "200406": "16.87",
        "200407": "15.62",
        "200408": "15.57",
        "200409": "15.43",
        "200410": "15.14",
        "200411": "15.27",
        "200412": "15.42",
        "200501": "15.75",
        "200502": "16.02",
        "200503": "15.82",
        "200504": "14.53",
        "200505": "13.95",
        "200506": "14.90",
        "200507": "14.56",
        "200508": "14.21",
        "200509": "14.26",
        "200510": "13.53",
        "200511": "13.99",
        "200512": "14.79",
        "200601": "15.80",
        "200602": "15.52",
        "200603": "15.23",
        "200604": "16.47",
        "200605": "21.24",
        "200606": "19.12",
        "200607": "18.25",
        "200608": "18.75",
        "200609": "17.40",
        "200610": "17.61",
        "200611": "18.46",
        "200612": "19.10",
        "200701": "19.30",
        "200702": "18.99",
        "200703": "19.59",
        "200704": "20.28",
        "200705": "20.03",
        "200706": "21.08",
        "200707": "21.15",
        "200708": "18.28",
        "200709": "18.54",
        "200710": "18.91",
        "200711": "18.34",
        "200712": "17.40",
        "200801": "16.95",
        "200802": "16.74",
        "200803": "17.21",
        "200804": "17.86",
        "200805": "17.88",
        "200806": "17.09",
        "200807": "14.66",
        "200808": "14.55",
        "200809": "12.77",
        "200810": "11.61",
        "200811": "8.16",
        "200812": "7.59",
        "200901": "8.01",
        "200902": "8.15",
        "200903": "9.44",
        "200904": "11.14",
        "200905": "11.82",
        "200906": "11.85",
        "200907": "11.27",
        "200908": "11.42",
        "200909": "11.52",
        "200910": "11.52",
        "200911": "11.75",
        "200912": "13.18",
        "201001": "13.22",
        "201002": "11.45",
        "201003": "12.50",
        "201004": "12.93",
        "201005": "11.54",
        "201006": "11.36",
        "201007": "11.53",
        "201008": "11.98",
        "201009": "12.16",
        "201010": "12.90",
        "201011": "12.42",
        "201012": "12.80",
        "201101": "12.92",
        "201102": "12.36",
        "201103": "12.13",
        "201104": "12.31",
        "201105": "12.14",
        "201106": "12.07",
        "201107": "11.35",
        "201108": "10.25",
        "201109": "10.39",
        "201110": "10.60",
        "201111": "10.44",
        "201112": "10.31",
        "201201": "10.59",
        "201202": "11.27",
        "201203": "11.20",
        "201204": "11.26",
        "201205": "11.07",
        "201206": "10.98",
        "201207": "10.98",
        "201208": "10.48",
        "201209": "10.18",
        "201210": "9.86",
        "201211": "9.72",
        "201212": "10.08",
        "201301": "10.35",
        "201302": "10.30",
        "201303": "10.30",
        "201304": "10.18",
        "201305": "10.32",
        "201306": "10.08",
        "201307": "9.95",
        "201308": "9.68",
        "201309": "9.56",
        "201310": "9.60",
        "201311": "9.33",
        "201312": "9.42",
        "201401": "9.94",
        "201402": "9.97",
        "201403": "10.13",
        "201404": "10.63",
        "201405": "10.61",
        "201406": "11.01",
        "201407": "10.50",
        "201408": "10.07",
        "201409": "9.94",
        "201410": "9.42",
        "201411": "9.33",
        "201412": "9.82",
        "201501": "10.02",
        "201502": "9.94",
        "201503": "10.00",
        "201504": "10.00",
        "201505": "9.75",
        "201506": "9.12",
        "201507": "8.52",
        "201508": "7.16",
        "201509": "7.87",
        "201510": "8.22",
        "201511": "7.77",
        "201512": "8.00",
        "201601": "9.08",
        "201602": "9.49",
        "201603": "9.55",
        "201604": "9.30",
        "201605": "8.51",
        "201606": "8.43",
        "201607": "8.66",
        "201608": "8.43",
        "201609": "8.16",
        "201610": "8.32",
        "201611": "8.14",
        "201612": "8.59",
        "201701": "8.91",
        "201702": "10.38",
        "201703": "13.66",
        "201704": "15.07",
        "201705": "16.72",
        "201706": "17.23",
        "201707": "16.40",
        "201708": "18.27",
        "201709": "17.15",
        "201710": "19.13",
        "201711": "18.80",
        "201712": "17.90",
        "201801": "20.06",
        "201802": "17.73",
        "201803": "18.76",
        "201804": "17.28",
        "201805": "22.55",
        "201806": "30.84",
        "201807": "31.12",
        "201808": "32.75",
        "201809": "28.12",
        "201810": "22.53",
        "201811": "20.51",
        "201812": "19.48",
        "201901": "19.25",
        "201902": "23.28",
        "201903": "25.94",
        "201904": "27.03",
        "201905": "23.91",
        "201906": "22.81",
        "201907": "24.65",
        "201908": "26.06",
        "201909": "31.17",
        "201910": "32.10",
        "201911": "30.91",
        "201912": "34.12",
        "202001": "32.90",
        "202002": "30.45",
        "202003": "25.48",
        "202004": "27.46",
        "202005": "28.65",
        "202006": "26.86",
        "202007": "28.45",
        "202008": "29.34",
        "202009": "29.06",
        "202010": "29.07",
        "202011": "32.01",
        "202012": "40.53",
        "202101": "40.97",
        "202102": "45.55",
        "202103": "56.08",
        "202104": "83.77",
        "202105": "74.98",
        "202106": "84.87",
        "202107": "93.93",
        "202108": "84.69",
        "202109": "82.98",
        "202110": "77.47",
        "202111": "97.13",
        "202112": "102.64",
        "202201": "100.46",
        "202202": "101.13",
        "202203": "93.40",
        "202204": "84.63",
        "202205": "82.21",
        "202206": "86.99",
        "202207": "70.85",
        "202208": "75.20",
        "202209": "70.07",
        "202210": "56.14",
        "202211": "70.72",
        "202212": "89.68",
        "202301": "89.04",
        "202302": "86.63",
        "202303": "88.98",
        "202304": "86.01",
        "202305": "79.73",
        "202306": "80.71",
        "202307": "79.09",
        "202308": "69.77",
        "202309": "68.46",
        "202310": "69.78",
        "202311": "69.07",
        "202312": "71.24"
    },
    "quarters": {
        "20011": {
            "year_quarter": 20011,
            "year": 2001,
            "quarter": 1,
            "eps": 0.38,
            "eps_growth_year": 137.5,
            "eps_4q": 1.85,
            "eps_4q_growth_year": 340.62,
            "roe": 2.68,
            "roe_4q": 2.68,
            "gross_profit": 162958,
            "gross_margin": 25.13,
            "gross_margin_4q_avg": 25.13,
            "net_income": 121941,
            "net_income_4q": null,
            "revenue": 648527,
            "revenue_4q": null,
            "common_shares": 3311899,
            "book_valuer_per_share": 13.96,
            "book_valuer_per_share_4q_avg": 13.96,
            "equity": 4622102,
            "current_ratio": 220.17,
            "debt_ratio": 34.79,
            "inventory_turnover_ratio": 2.94,
            "account_receivable_turnover_ratio": null,
            "reinvestment_rate": null,
            "research_to_sale_ratio": null,
            "price_fair": 0,
            "eps_avg_yearly": 0,
            "eps_latest_yearly": 0,
            "eps_growth_yearly": 0
        },
        "20012": {
            "year_quarter": 20012,
            "year": 2001,
            "quarter": 2,
            "eps": 0.51,
            "eps_growth_year": -7.27,
            "eps_4q": 1.69,
            "eps_4q_growth_year": 110.41,
            "roe": 3.98,
            "roe_4q": 6.66,
            "gross_profit": 222455,
            "gross_margin": 32.21,
            "gross_margin_4q_avg": 28.67,
            "net_income": 187776,
            "net_income_4q": null,
            "revenue": 690647,
            "revenue_4q": null,
            "common_shares": 3747846,
            "book_valuer_per_share": 12.82,
            "book_valuer_per_share_4q_avg": 13.39,
            "equity": 4803545,
            "current_ratio": 244.25,
            "debt_ratio": 31.42,
            "inventory_turnover_ratio": 2.85,
            "account_receivable_turnover_ratio": null,
            "reinvestment_rate": null,
            "research_to_sale_ratio": null,
            "price_fair": 0,
            "eps_avg_yearly": 0,
            "eps_latest_yearly": 0,
            "eps_growth_yearly": 0
        },
        "20013": {
            "year_quarter": 20013,
            "year": 2001,
            "quarter": 3,
            "eps": 0.31,
            "eps_growth_year": -11.43,
            "eps_4q": 1.71,
            "eps_4q_growth_year": 58.29,
            "roe": 2.36,
            "roe_4q": 9.02,
            "gross_profit": 176165,
            "gross_margin": 27.13,
            "gross_margin_4q_avg": 28.16,
            "net_income": 114782,
            "net_income_4q": null,
            "revenue": 649237,
            "revenue_4q": null,
            "common_shares": 3747846,
            "book_valuer_per_share": 13.14,
            "book_valuer_per_share_4q_avg": 13.31,
            "equity": 4924522,
            "current_ratio": 203.23,
            "debt_ratio": 24.79,
            "inventory_turnover_ratio": 2.86,
            "account_receivable_turnover_ratio": null,
            "reinvestment_rate": null,
            "research_to_sale_ratio": null,
            "price_fair": 0,
            "eps_avg_yearly": 0,
            "eps_latest_yearly": 0,
            "eps_growth_yearly": 0
        },
        "20014": {
            "year_quarter": 20014,
            "year": 2001,
            "quarter": 4,
            "eps": 0.4,
            "eps_growth_year": -42.86,
            "eps_4q": 1.56,
            "eps_4q_growth_year": -10.07,
            "roe": 2.9,
            "roe_4q": 11.92,
            "gross_profit": 186272,
            "gross_margin": 27.77,
            "gross_margin_4q_avg": 28.06,
            "net_income": 145975,
            "net_income_4q": null,
            "revenue": 670714,
            "revenue_4q": null,
            "common_shares": 3747846,
            "book_valuer_per_share": 13.7,
            "book_valuer_per_share_4q_avg": 13.41,
            "equity": 5133234,
            "current_ratio": 345.99,
            "debt_ratio": 31.01,
            "inventory_turnover_ratio": 3.42,
            "account_receivable_turnover_ratio": null,
            "reinvestment_rate": null,
            "research_to_sale_ratio": null,
            "price_fair": 0,
            "eps_avg_yearly": 0,
            "eps_latest_yearly": 0,
            "eps_growth_yearly": 0
        },
        "20021": {
            "year_quarter": 20021,
            "year": 2002,
            "quarter": 1,
            "eps": 0.33,
            "eps_growth_year": -13.16,
            "eps_4q": 1.52,
            "eps_4q_growth_year": -17.94,
            "roe": 2.38,
            "roe_4q": 11.62,
            "gross_profit": 184827,
            "gross_margin": 27.49,
            "gross_margin_4q_avg": 28.65,
            "net_income": 124202,
            "net_income_4q": null,
            "revenue": 672340,
            "revenue_4q": null,
            "common_shares": 3747846,
            "book_valuer_per_share": 14.16,
            "book_valuer_per_share_4q_avg": 13.46,
            "equity": 5308266,
            "current_ratio": 391.71,
            "debt_ratio": 29.3,
            "inventory_turnover_ratio": 3.58,
            "account_receivable_turnover_ratio": null,
            "reinvestment_rate": null,
            "research_to_sale_ratio": null,
            "price_fair": 3.96,
            "eps_avg_yearly": 1.32,
            "eps_latest_yearly": 1.32,
            "eps_growth_yearly": -70
        },
        "20022": {
            "year_quarter": 20022,
            "year": 2002,
            "quarter": 2,
            "eps": 0.43,
            "eps_growth_year": -15.69,
            "eps_4q": 1.35,
            "eps_4q_growth_year": -20.11,
            "roe": 3.36,
            "roe_4q": 11,
            "gross_profit": 266425,
            "gross_margin": 34.3,
            "gross_margin_4q_avg": 29.17,
            "net_income": 180127,
            "net_income_4q": null,
            "revenue": 776797,
            "revenue_4q": null,
            "common_shares": 3747846,
            "book_valuer_per_share": 14.46,
            "book_valuer_per_share_4q_avg": 13.87,
            "equity": 5418082,
            "current_ratio": 384.69,
            "debt_ratio": 29.5,
            "inventory_turnover_ratio": 3.62,
            "account_receivable_turnover_ratio": null,
            "reinvestment_rate": null,
            "research_to_sale_ratio": null,
            "price_fair": 53.2,
            "eps_avg_yearly": 1.52,
            "eps_latest_yearly": 1.72,
            "eps_growth_yearly": 25.61
        },
        "20023": {
            "year_quarter": 20023,
            "year": 2002,
            "quarter": 3,
            "eps": 0.36,
            "eps_growth_year": 16.13,
            "eps_4q": 1.42,
            "eps_4q_growth_year": -16.83,
            "roe": 2.79,
            "roe_4q": 11.430000000000001,
            "gross_profit": 248854,
            "gross_margin": 33.01,
            "gross_margin_4q_avg": 30.64,
            "net_income": 152848,
            "net_income_4q": null,
            "revenue": 753885,
            "revenue_4q": null,
            "common_shares": 4249180,
            "book_valuer_per_share": 13.01,
            "book_valuer_per_share_4q_avg": 13.83,
            "equity": 5530253,
            "current_ratio": 367.88,
            "debt_ratio": 29.42,
            "inventory_turnover_ratio": 3.41,
            "account_receivable_turnover_ratio": null,
            "reinvestment_rate": null,
            "research_to_sale_ratio": null,
            "price_fair": 4.48,
            "eps_avg_yearly": 1.49,
            "eps_latest_yearly": 1.44,
            "eps_growth_yearly": -4.63
        },
        "20024": {
            "year_quarter": 20024,
            "year": 2002,
            "quarter": 4,
            "eps": 0.36,
            "eps_growth_year": -10,
            "eps_4q": 1.43,
            "eps_4q_growth_year": -8.5,
            "roe": 2.8,
            "roe_4q": 11.329999999999998,
            "gross_profit": 190289,
            "gross_margin": 28.52,
            "gross_margin_4q_avg": 30.83,
            "net_income": 153764,
            "net_income_4q": null,
            "revenue": 667265,
            "revenue_4q": null,
            "common_shares": 4249180,
            "book_valuer_per_share": 12.84,
            "book_valuer_per_share_4q_avg": 13.62,
            "equity": 5457577,
            "current_ratio": 405.6,
            "debt_ratio": 28.29,
            "inventory_turnover_ratio": 3.13,
            "account_receivable_turnover_ratio": null,
            "reinvestment_rate": 73.12,
            "research_to_sale_ratio": null,
            "price_fair": 4.44,
            "eps_avg_yearly": 1.48,
            "eps_latest_yearly": 1.44,
            "eps_growth_yearly": -3.48
        },
        "20031": {
            "year_quarter": 20031,
            "year": 2003,
            "quarter": 1,
            "eps": 0.26,
            "eps_growth_year": -21.21,
            "eps_4q": 1.46,
            "eps_4q_growth_year": -4.15,
            "roe": 1.93,
            "roe_4q": 10.879999999999999,
            "gross_profit": 177007,
            "gross_margin": 27.09,
            "gross_margin_4q_avg": 30.73,
            "net_income": 105579,
            "net_income_4q": null,
            "revenue": 653363,
            "revenue_4q": null,
            "common_shares": 4249180,
            "book_valuer_per_share": 12.86,
            "book_valuer_per_share_4q_avg": 13.29,
            "equity": 5463603,
            "current_ratio": 490.18,
            "debt_ratio": 27.3,
            "inventory_turnover_ratio": 3.19,
            "account_receivable_turnover_ratio": null,
            "reinvestment_rate": 51.01,
            "research_to_sale_ratio": null,
            "price_fair": 4.18,
            "eps_avg_yearly": 1.39,
            "eps_latest_yearly": 1.04,
            "eps_growth_yearly": -25
        },
        "20032": {
            "year_quarter": 20032,
            "year": 2003,
            "quarter": 2,
            "eps": 0.41,
            "eps_growth_year": -4.65,
            "eps_4q": 1.42,
            "eps_4q_growth_year": 5.41,
            "roe": 3.17,
            "roe_4q": 10.69,
            "gross_profit": 275804,
            "gross_margin": 35.94,
            "gross_margin_4q_avg": 31.14,
            "net_income": 167011,
            "net_income_4q": null,
            "revenue": 767337,
            "revenue_4q": null,
            "common_shares": 3980940,
            "book_valuer_per_share": 12.77,
            "book_valuer_per_share_4q_avg": 12.87,
            "equity": 5083978,
            "current_ratio": 309.81,
            "debt_ratio": 32.1,
            "inventory_turnover_ratio": 3.35,
            "account_receivable_turnover_ratio": null,
            "reinvestment_rate": 40.23,
            "research_to_sale_ratio": null,
            "price_fair": 39.6,
            "eps_avg_yearly": 1.43,
            "eps_latest_yearly": 1.64,
            "eps_growth_yearly": 17.63
        },
        "20033": {
            "year_quarter": 20033,
            "year": 2003,
            "quarter": 3,
            "eps": 0.52,
            "eps_growth_year": 44.44,
            "eps_4q": 1.58,
            "eps_4q_growth_year": 11.52,
            "roe": 4.02,
            "roe_4q": 11.919999999999998,
            "gross_profit": 256722,
            "gross_margin": 35.14,
            "gross_margin_4q_avg": 31.67,
            "net_income": 208331,
            "net_income_4q": null,
            "revenue": 730641,
            "revenue_4q": null,
            "common_shares": 3995940,
            "book_valuer_per_share": 13.18,
            "book_valuer_per_share_4q_avg": 12.91,
            "equity": 5268484,
            "current_ratio": 563.1,
            "debt_ratio": 33.64,
            "inventory_turnover_ratio": 3.26,
            "account_receivable_turnover_ratio": null,
            "reinvestment_rate": 29.91,
            "research_to_sale_ratio": null,
            "price_fair": 53.4,
            "eps_avg_yearly": 1.53,
            "eps_latest_yearly": 2.08,
            "eps_growth_yearly": 30.44
        },
        "20034": {
            "year_quarter": 20034,
            "year": 2003,
            "quarter": 4,
            "eps": 0.3,
            "eps_growth_year": -16.67,
            "eps_4q": 1.5,
            "eps_4q_growth_year": 4.75,
            "roe": 2.29,
            "roe_4q": 11.41,
            "gross_profit": 222066,
            "gross_margin": 31.48,
            "gross_margin_4q_avg": 32.41,
            "net_income": 120402,
            "net_income_4q": null,
            "revenue": 705394,
            "revenue_4q": null,
            "common_shares": 3981820,
            "book_valuer_per_share": 13.18,
            "book_valuer_per_share_4q_avg": 13,
            "equity": 5248936,
            "current_ratio": 332.87,
            "debt_ratio": 33.8,
            "inventory_turnover_ratio": 3.15,
            "account_receivable_turnover_ratio": null,
            "reinvestment_rate": 24.46,
            "research_to_sale_ratio": null,
            "price_fair": 22.99,
            "eps_avg_yearly": 1.49,
            "eps_latest_yearly": 1.2,
            "eps_growth_yearly": 5.48
        },
        "20041": {
            "year_quarter": 20041,
            "year": 2004,
            "quarter": 1,
            "eps": 0.45,
            "eps_growth_year": 73.08,
            "eps_4q": 1.72,
            "eps_4q_growth_year": 17.84,
            "roe": 3.3,
            "roe_4q": 12.78,
            "gross_profit": 250593,
            "gross_margin": 32.93,
            "gross_margin_4q_avg": 33.87,
            "net_income": 175806,
            "net_income_4q": null,
            "revenue": 760890,
            "revenue_4q": null,
            "common_shares": 3981820,
            "book_valuer_per_share": 13.54,
            "book_valuer_per_share_4q_avg": 13.17,
            "equity": 5391160,
            "current_ratio": 324.48,
            "debt_ratio": 32.98,
            "inventory_turnover_ratio": 3.52,
            "account_receivable_turnover_ratio": null,
            "reinvestment_rate": 9.64,
            "research_to_sale_ratio": null,
            "price_fair": 53.2,
            "eps_avg_yearly": 1.52,
            "eps_latest_yearly": 1.8,
            "eps_growth_yearly": 27.09
        },
        "20042": {
            "year_quarter": 20042,
            "year": 2004,
            "quarter": 2,
            "eps": 0.7,
            "eps_growth_year": 70.73,
            "eps_4q": 2.03,
            "eps_4q_growth_year": 42.81,
            "roe": 5.27,
            "roe_4q": 14.879999999999999,
            "gross_profit": 329339,
            "gross_margin": 38.38,
            "gross_margin_4q_avg": 34.48,
            "net_income": 265437,
            "net_income_4q": null,
            "revenue": 858013,
            "revenue_4q": null,
            "common_shares": 3794440,
            "book_valuer_per_share": 12.35,
            "book_valuer_per_share_4q_avg": 13.06,
            "equity": 4686552,
            "current_ratio": 250.51,
            "debt_ratio": 46.42,
            "inventory_turnover_ratio": 3.68,
            "account_receivable_turnover_ratio": null,
            "reinvestment_rate": 8.35,
            "research_to_sale_ratio": null,
            "price_fair": 57.68,
            "eps_avg_yearly": 1.65,
            "eps_latest_yearly": 2.8,
            "eps_growth_yearly": 46.61
        },
        "20043": {
            "year_quarter": 20043,
            "year": 2004,
            "quarter": 3,
            "eps": 0.51,
            "eps_growth_year": -1.92,
            "eps_4q": 2.03,
            "eps_4q_growth_year": 27.87,
            "roe": 4.01,
            "roe_4q": 14.869999999999997,
            "gross_profit": 274473,
            "gross_margin": 35.02,
            "gross_margin_4q_avg": 34.45,
            "net_income": 188990,
            "net_income_4q": null,
            "revenue": 783777,
            "revenue_4q": null,
            "common_shares": 3709440,
            "book_valuer_per_share": 12.78,
            "book_valuer_per_share_4q_avg": 12.96,
            "equity": 4739563,
            "current_ratio": 311.1,
            "debt_ratio": 41.71,
            "inventory_turnover_ratio": 3.39,
            "account_receivable_turnover_ratio": null,
            "reinvestment_rate": 1.23,
            "research_to_sale_ratio": null,
            "price_fair": 58.93,
            "eps_avg_yearly": 1.68,
            "eps_latest_yearly": 2.04,
            "eps_growth_yearly": 32.5
        },
        "20044": {
            "year_quarter": 20044,
            "year": 2004,
            "quarter": 4,
            "eps": 0.31,
            "eps_growth_year": 3.33,
            "eps_4q": 2.04,
            "eps_4q_growth_year": 36.2,
            "roe": 2.39,
            "roe_4q": 14.969999999999999,
            "gross_profit": 195862,
            "gross_margin": 28.71,
            "gross_margin_4q_avg": 33.76,
            "net_income": 112893,
            "net_income_4q": null,
            "revenue": 682313,
            "revenue_4q": null,
            "common_shares": 3619640,
            "book_valuer_per_share": 12.98,
            "book_valuer_per_share_4q_avg": 12.91,
            "equity": 4699940,
            "current_ratio": 287.08,
            "debt_ratio": 39.63,
            "inventory_turnover_ratio": 3.42,
            "account_receivable_turnover_ratio": null,
            "reinvestment_rate": -33.81,
            "research_to_sale_ratio": null,
            "price_fair": 44,
            "eps_avg_yearly": 1.65,
            "eps_latest_yearly": 1.24,
            "eps_growth_yearly": 16.72
        },
        "20051": {
            "year_quarter": 20051,
            "year": 2005,
            "quarter": 1,
            "eps": 0.27,
            "eps_growth_year": -40,
            "eps_4q": 1.94,
            "eps_4q_growth_year": 13.09,
            "roe": 1.94,
            "roe_4q": 13.61,
            "gross_profit": 156243,
            "gross_margin": 23.79,
            "gross_margin_4q_avg": 31.48,
            "net_income": 91504,
            "net_income_4q": null,
            "revenue": 656804,
            "revenue_4q": null,
            "common_shares": 3619640,
            "book_valuer_per_share": 13.14,
            "book_valuer_per_share_4q_avg": 12.81,
            "equity": 4756297,
            "current_ratio": 233.75,
            "debt_ratio": 41.57,
            "inventory_turnover_ratio": 4.23,
            "account_receivable_turnover_ratio": null,
            "reinvestment_rate": -22.13,
            "research_to_sale_ratio": null,
            "price_fair": 34.41,
            "eps_avg_yearly": 1.6,
            "eps_latest_yearly": 1.08,
            "eps_growth_yearly": 11.46
        },
        "20052": {
            "year_quarter": 20052,
            "year": 2005,
            "quarter": 2,
            "eps": 0.64,
            "eps_growth_year": -8.57,
            "eps_4q": 1.79,
            "eps_4q_growth_year": -11.76,
            "roe": 4.72,
            "roe_4q": 13.06,
            "gross_profit": 266757,
            "gross_margin": 35.68,
            "gross_margin_4q_avg": 30.8,
            "net_income": 218575,
            "net_income_4q": null,
            "revenue": 747547,
            "revenue_4q": null,
            "common_shares": 3619640,
            "book_valuer_per_share": 12.45,
            "book_valuer_per_share_4q_avg": 12.84,
            "equity": 4506285,
            "current_ratio": 200.27,
            "debt_ratio": 44.3,
            "inventory_turnover_ratio": 4.55,
            "account_receivable_turnover_ratio": null,
            "reinvestment_rate": -26.33,
            "research_to_sale_ratio": null,
            "price_fair": 58.5,
            "eps_avg_yearly": 1.67,
            "eps_latest_yearly": 2.56,
            "eps_growth_yearly": 49.8
        },
        "20053": {
            "year_quarter": 20053,
            "year": 2005,
            "quarter": 3,
            "eps": 0.51,
            "eps_growth_year": 0,
            "eps_4q": 1.74,
            "eps_4q_growth_year": -14.17,
            "roe": 3.81,
            "roe_4q": 12.86,
            "gross_profit": 248013,
            "gross_margin": 31.69,
            "gross_margin_4q_avg": 29.97,
            "net_income": 175578,
            "net_income_4q": null,
            "revenue": 782692,
            "revenue_4q": null,
            "common_shares": 3594990,
            "book_valuer_per_share": 13.08,
            "book_valuer_per_share_4q_avg": 12.91,
            "equity": 4703469,
            "current_ratio": 189.69,
            "debt_ratio": 39.77,
            "inventory_turnover_ratio": 5.08,
            "account_receivable_turnover_ratio": null,
            "reinvestment_rate": -21.21,
            "research_to_sale_ratio": null,
            "price_fair": 59.36,
            "eps_avg_yearly": 1.7,
            "eps_latest_yearly": 2.04,
            "eps_growth_yearly": 41.06
        },
        "20054": {
            "year_quarter": 20054,
            "year": 2005,
            "quarter": 4,
            "eps": 0.57,
            "eps_growth_year": 83.87,
            "eps_4q": 2,
            "eps_4q_growth_year": -2.14,
            "roe": 3.98,
            "roe_4q": 14.45,
            "gross_profit": 280331,
            "gross_margin": 35.75,
            "gross_margin_4q_avg": 31.73,
            "net_income": 193999,
            "net_income_4q": null,
            "revenue": 784234,
            "revenue_4q": null,
            "common_shares": 3594990,
            "book_valuer_per_share": 13.4,
            "book_valuer_per_share_4q_avg": 13.02,
            "equity": 5037726,
            "current_ratio": 241.48,
            "debt_ratio": 35.93,
            "inventory_turnover_ratio": 2.64,
            "account_receivable_turnover_ratio": null,
            "reinvestment_rate": -17.41,
            "research_to_sale_ratio": null,
            "price_fair": 60.64,
            "eps_avg_yearly": 1.73,
            "eps_latest_yearly": 2.28,
            "eps_growth_yearly": 41.44
        },
        "20061": {
            "year_quarter": 20061,
            "year": 2006,
            "quarter": 1,
            "eps": 0.43,
            "eps_growth_year": 59.26,
            "eps_4q": 2.18,
            "eps_4q_growth_year": 11.88,
            "roe": 2.89,
            "roe_4q": 15.399999999999999,
            "gross_profit": 208320,
            "gross_margin": 28.21,
            "gross_margin_4q_avg": 32.83,
            "net_income": 144930,
            "net_income_4q": null,
            "revenue": 738560,
            "revenue_4q": null,
            "common_shares": 3539030,
            "book_valuer_per_share": 14.11,
            "book_valuer_per_share_4q_avg": 13.26,
            "equity": 4994752,
            "current_ratio": 181.45,
            "debt_ratio": 36.93,
            "inventory_turnover_ratio": 2.53,
            "account_receivable_turnover_ratio": null,
            "reinvestment_rate": -23.36,
            "research_to_sale_ratio": null,
            "price_fair": 61.51,
            "eps_avg_yearly": 1.76,
            "eps_latest_yearly": 1.72,
            "eps_growth_yearly": 39.67
        },
        "20062": {
            "year_quarter": 20062,
            "year": 2006,
            "quarter": 2,
            "eps": 0.65,
            "eps_growth_year": 1.56,
            "eps_4q": 2.17,
            "eps_4q_growth_year": 20.93,
            "roe": 4.53,
            "roe_4q": 15.21,
            "gross_profit": 295994,
            "gross_margin": 33.19,
            "gross_margin_4q_avg": 32.21,
            "net_income": 220476,
            "net_income_4q": null,
            "revenue": 891843,
            "revenue_4q": null,
            "common_shares": 3539030,
            "book_valuer_per_share": 13.4,
            "book_valuer_per_share_4q_avg": 13.5,
            "equity": 4743707,
            "current_ratio": 134.71,
            "debt_ratio": 42.79,
            "inventory_turnover_ratio": 4.75,
            "account_receivable_turnover_ratio": null,
            "reinvestment_rate": -12.2,
            "research_to_sale_ratio": null,
            "price_fair": 63.44,
            "eps_avg_yearly": 1.81,
            "eps_latest_yearly": 2.6,
            "eps_growth_yearly": 44.89
        },
        "20063": {
            "year_quarter": 20063,
            "year": 2006,
            "quarter": 3,
            "eps": 0.44,
            "eps_growth_year": -13.73,
            "eps_4q": 2.08,
            "eps_4q_growth_year": 19.63,
            "roe": 3.1,
            "roe_4q": 14.500000000000002,
            "gross_profit": 232251,
            "gross_margin": 29.67,
            "gross_margin_4q_avg": 31.71,
            "net_income": 150098,
            "net_income_4q": null,
            "revenue": 782687,
            "revenue_4q": null,
            "common_shares": 3539030,
            "book_valuer_per_share": 14,
            "book_valuer_per_share_4q_avg": 13.73,
            "equity": 4953222,
            "current_ratio": 155.53,
            "debt_ratio": 33.96,
            "inventory_turnover_ratio": 4.37,
            "account_receivable_turnover_ratio": null,
            "reinvestment_rate": -14.86,
            "research_to_sale_ratio": null,
            "price_fair": 64.14,
            "eps_avg_yearly": 1.83,
            "eps_latest_yearly": 1.76,
            "eps_growth_yearly": 40.88
        },
        "20064": {
            "year_quarter": 20064,
            "year": 2006,
            "quarter": 4,
            "eps": 0.4,
            "eps_growth_year": -29.82,
            "eps_4q": 1.93,
            "eps_4q_growth_year": -3.35,
            "roe": 2.59,
            "roe_4q": 13.11,
            "gross_profit": 212034,
            "gross_margin": 29.99,
            "gross_margin_4q_avg": 30.27,
            "net_income": 134771,
            "net_income_4q": null,
            "revenue": 707054,
            "revenue_4q": null,
            "common_shares": 3539030,
            "book_valuer_per_share": 14.59,
            "book_valuer_per_share_4q_avg": 14.03,
            "equity": 5452183,
            "current_ratio": 356.32,
            "debt_ratio": 37.2,
            "inventory_turnover_ratio": 2.16,
            "account_receivable_turnover_ratio": null,
            "reinvestment_rate": -5.03,
            "research_to_sale_ratio": null,
            "price_fair": 64.49,
            "eps_avg_yearly": 1.84,
            "eps_latest_yearly": 1.6,
            "eps_growth_yearly": 38.61
        },
        "20071": {
            "year_quarter": 20071,
            "year": 2007,
            "quarter": 1,
            "eps": 0.34,
            "eps_growth_year": -20.93,
            "eps_4q": 1.82,
            "eps_4q_growth_year": -16.21,
            "roe": 2.12,
            "roe_4q": 12.34,
            "gross_profit": 176000,
            "gross_margin": 25.27,
            "gross_margin_4q_avg": 29.53,
            "net_income": 115899,
            "net_income_4q": null,
            "revenue": 696485,
            "revenue_4q": null,
            "common_shares": 3539030,
            "book_valuer_per_share": 15.54,
            "book_valuer_per_share_4q_avg": 14.38,
            "equity": 5499455,
            "current_ratio": 291.37,
            "debt_ratio": 36.82,
            "inventory_turnover_ratio": 2.24,
            "account_receivable_turnover_ratio": null,
            "reinvestment_rate": -8.61,
            "research_to_sale_ratio": null,
            "price_fair": 65.19,
            "eps_avg_yearly": 1.86,
            "eps_latest_yearly": 1.36,
            "eps_growth_yearly": 41.8
        },
        "20072": {
            "year_quarter": 20072,
            "year": 2007,
            "quarter": 2,
            "eps": 0.49,
            "eps_growth_year": -24.62,
            "eps_4q": 1.67,
            "eps_4q_growth_year": -23.13,
            "roe": 3.21,
            "roe_4q": 11.02,
            "gross_profit": 164368,
            "gross_margin": 22.76,
            "gross_margin_4q_avg": 26.92,
            "net_income": 167030,
            "net_income_4q": null,
            "revenue": 722051,
            "revenue_4q": null,
            "common_shares": 3539030,
            "book_valuer_per_share": 13.88,
            "book_valuer_per_share_4q_avg": 14.5,
            "equity": 4911886,
            "current_ratio": 201.67,
            "debt_ratio": 40.43,
            "inventory_turnover_ratio": 4.24,
            "account_receivable_turnover_ratio": null,
            "reinvestment_rate": -7.54,
            "research_to_sale_ratio": null,
            "price_fair": 65.89,
            "eps_avg_yearly": 1.88,
            "eps_latest_yearly": 1.96,
            "eps_growth_yearly": 38.41
        },
        "20073": {
            "year_quarter": 20073,
            "year": 2007,
            "quarter": 3,
            "eps": 1.33,
            "eps_growth_year": 202.27,
            "eps_4q": 2.55,
            "eps_4q_growth_year": 22.39,
            "roe": 9.07,
            "roe_4q": 16.990000000000002,
            "gross_profit": 214290,
            "gross_margin": 27.86,
            "gross_margin_4q_avg": 26.47,
            "net_income": 457012,
            "net_income_4q": null,
            "revenue": 769163,
            "revenue_4q": null,
            "common_shares": 3539030,
            "book_valuer_per_share": 14.59,
            "book_valuer_per_share_4q_avg": 14.65,
            "equity": 5164528,
            "current_ratio": 275.6,
            "debt_ratio": 34.45,
            "inventory_turnover_ratio": 4.47,
            "account_receivable_turnover_ratio": null,
            "reinvestment_rate": -8.58,
            "research_to_sale_ratio": null,
            "price_fair": 72.98,
            "eps_avg_yearly": 2.09,
            "eps_latest_yearly": 5.32,
            "eps_growth_yearly": 74.56
        },
        "20074": {
            "year_quarter": 20074,
            "year": 2007,
            "quarter": 4,
            "eps": 0.25,
            "eps_growth_year": -37.5,
            "eps_4q": 2.4,
            "eps_4q_growth_year": 24.13,
            "roe": 1.57,
            "roe_4q": 15.970000000000002,
            "gross_profit": 192336,
            "gross_margin": 25.3,
            "gross_margin_4q_avg": 25.3,
            "net_income": 86212,
            "net_income_4q": null,
            "revenue": 760096,
            "revenue_4q": null,
            "common_shares": 3539030,
            "book_valuer_per_share": 14.92,
            "book_valuer_per_share_4q_avg": 14.73,
            "equity": 5842642,
            "current_ratio": 400.03,
            "debt_ratio": 31.1,
            "inventory_turnover_ratio": 2.19,
            "account_receivable_turnover_ratio": null,
            "reinvestment_rate": -5.16,
            "research_to_sale_ratio": null,
            "price_fair": 72.54,
            "eps_avg_yearly": 2.07,
            "eps_latest_yearly": 1,
            "eps_growth_yearly": 64.83
        },
        "20081": {
            "year_quarter": 20081,
            "year": 2008,
            "quarter": 1,
            "eps": 0.32,
            "eps_growth_year": -5.88,
            "eps_4q": 2.22,
            "eps_4q_growth_year": 21.9,
            "roe": 2.02,
            "roe_4q": 15.870000000000001,
            "gross_profit": 165147,
            "gross_margin": 22.03,
            "gross_margin_4q_avg": 24.49,
            "net_income": 118148,
            "net_income_4q": null,
            "revenue": 749600,
            "revenue_4q": null,
            "common_shares": 3539030,
            "book_valuer_per_share": 15.05,
            "book_valuer_per_share_4q_avg": 14.61,
            "equity": 5860320,
            "current_ratio": 415.03,
            "debt_ratio": 30.74,
            "inventory_turnover_ratio": 1.46,
            "account_receivable_turnover_ratio": null,
            "reinvestment_rate": -1.48,
            "research_to_sale_ratio": null,
            "price_fair": 71.4,
            "eps_avg_yearly": 2.04,
            "eps_latest_yearly": 1.28,
            "eps_growth_yearly": 59.33
        },
        "20082": {
            "year_quarter": 20082,
            "year": 2008,
            "quarter": 2,
            "eps": 0.16,
            "eps_growth_year": -67.35,
            "eps_4q": 2,
            "eps_4q_growth_year": 20.37,
            "roe": 1.01,
            "roe_4q": 13.670000000000002,
            "gross_profit": 193403,
            "gross_margin": 24.81,
            "gross_margin_4q_avg": 25,
            "net_income": 56463,
            "net_income_4q": null,
            "revenue": 779681,
            "revenue_4q": null,
            "common_shares": 3510730,
            "book_valuer_per_share": 13.66,
            "book_valuer_per_share_4q_avg": 14.56,
            "equity": 5328920,
            "current_ratio": 245.63,
            "debt_ratio": 34.54,
            "inventory_turnover_ratio": 1.46,
            "account_receivable_turnover_ratio": null,
            "reinvestment_rate": -5.07,
            "research_to_sale_ratio": null,
            "price_fair": 66.68,
            "eps_avg_yearly": 1.91,
            "eps_latest_yearly": 0.64,
            "eps_growth_yearly": 32.94
        },
        "20083": {
            "year_quarter": 20083,
            "year": 2008,
            "quarter": 3,
            "eps": 0.27,
            "eps_growth_year": -79.7,
            "eps_4q": 0.76,
            "eps_4q_growth_year": -70.2,
            "roe": 2.31,
            "roe_4q": 6.91,
            "gross_profit": 172231,
            "gross_margin": 22.98,
            "gross_margin_4q_avg": 23.78,
            "net_income": 121806,
            "net_income_4q": null,
            "revenue": 749484,
            "revenue_4q": null,
            "common_shares": 3450730,
            "book_valuer_per_share": 13.72,
            "book_valuer_per_share_4q_avg": 14.34,
            "equity": 5226552,
            "current_ratio": 295.95,
            "debt_ratio": 26.7,
            "inventory_turnover_ratio": 1.54,
            "account_receivable_turnover_ratio": null,
            "reinvestment_rate": 0.92,
            "research_to_sale_ratio": null,
            "price_fair": 64.58,
            "eps_avg_yearly": 1.85,
            "eps_latest_yearly": 1.08,
            "eps_growth_yearly": 56.92
        },
        "20084": {
            "year_quarter": 20084,
            "year": 2008,
            "quarter": 4,
            "eps": -0.37,
            "eps_growth_year": -248,
            "eps_4q": 0.28,
            "eps_4q_growth_year": -88.16,
            "roe": -2.25,
            "roe_4q": 3.09,
            "gross_profit": 73488,
            "gross_margin": 12.07,
            "gross_margin_4q_avg": 20.47,
            "net_income": -115408,
            "net_income_4q": null,
            "revenue": 608888,
            "revenue_4q": null,
            "common_shares": 3350730,
            "book_valuer_per_share": 13.74,
            "book_valuer_per_share_4q_avg": 14.04,
            "equity": 5052738,
            "current_ratio": 247.56,
            "debt_ratio": 14.83,
            "inventory_turnover_ratio": 1.45,
            "account_receivable_turnover_ratio": 1.86,
            "reinvestment_rate": -9.17,
            "research_to_sale_ratio": null,
            "price_fair": 65.99,
            "eps_avg_yearly": 1.89,
            "eps_latest_yearly": 1.08,
            "eps_growth_yearly": 71.17
        },
        "20091": {
            "year_quarter": 20091,
            "year": 2009,
            "quarter": 1,
            "eps": -0.24,
            "eps_growth_year": -175,
            "eps_4q": -0.17,
            "eps_4q_growth_year": -107.55,
            "roe": -1.59,
            "roe_4q": -0.5199999999999998,
            "gross_profit": 23363,
            "gross_margin": 4.12,
            "gross_margin_4q_avg": 16,
            "net_income": -79896,
            "net_income_4q": null,
            "revenue": 567264,
            "revenue_4q": null,
            "common_shares": 3350730,
            "book_valuer_per_share": 13.45,
            "book_valuer_per_share_4q_avg": 13.64,
            "equity": 4968172,
            "current_ratio": 297.66,
            "debt_ratio": 26.73,
            "inventory_turnover_ratio": 1.53,
            "account_receivable_turnover_ratio": 1.73,
            "reinvestment_rate": -26.1,
            "research_to_sale_ratio": null,
            "price_fair": 68,
            "eps_avg_yearly": 1.94,
            "eps_latest_yearly": 1.08,
            "eps_growth_yearly": 79.94
        },
        "20092": {
            "year_quarter": 20092,
            "year": 2009,
            "quarter": 2,
            "eps": 0.11,
            "eps_growth_year": -31.25,
            "eps_4q": -0.21,
            "eps_4q_growth_year": -110.55,
            "roe": 0.8,
            "roe_4q": -0.73,
            "gross_profit": 147842,
            "gross_margin": 22.18,
            "gross_margin_4q_avg": 15.34,
            "net_income": 39083,
            "net_income_4q": null,
            "revenue": 666404,
            "revenue_4q": null,
            "common_shares": 3350730,
            "book_valuer_per_share": 12.76,
            "book_valuer_per_share_4q_avg": 13.42,
            "equity": 4754403,
            "current_ratio": 307.96,
            "debt_ratio": 24.93,
            "inventory_turnover_ratio": 1.55,
            "account_receivable_turnover_ratio": 1.95,
            "reinvestment_rate": -29.38,
            "research_to_sale_ratio": null,
            "price_fair": 66.34,
            "eps_avg_yearly": 1.9,
            "eps_latest_yearly": 1.08,
            "eps_growth_yearly": 43.92
        },
        "20093": {
            "year_quarter": 20093,
            "year": 2009,
            "quarter": 3,
            "eps": 0.18,
            "eps_growth_year": -33.33,
            "eps_4q": -0.22,
            "eps_4q_growth_year": -129.12,
            "roe": 1.83,
            "roe_4q": -1.2100000000000002,
            "gross_profit": 161098,
            "gross_margin": 24.43,
            "gross_margin_4q_avg": 15.7,
            "net_income": 87806,
            "net_income_4q": null,
            "revenue": 659363,
            "revenue_4q": null,
            "common_shares": 3350730,
            "book_valuer_per_share": 12.97,
            "book_valuer_per_share_4q_avg": 13.23,
            "equity": 4857086,
            "current_ratio": 473.12,
            "debt_ratio": 19.76,
            "inventory_turnover_ratio": 1.45,
            "account_receivable_turnover_ratio": 0.98,
            "reinvestment_rate": -35.86,
            "research_to_sale_ratio": null,
            "price_fair": 62.78,
            "eps_avg_yearly": 1.79,
            "eps_latest_yearly": 0.72,
            "eps_growth_yearly": 69.75
        },
        "20094": {
            "year_quarter": 20094,
            "year": 2009,
            "quarter": 4,
            "eps": 0.25,
            "eps_growth_year": null,
            "eps_4q": 0.33,
            "eps_4q_growth_year": 16.56,
            "roe": 1.96,
            "roe_4q": 3,
            "gross_profit": 203472,
            "gross_margin": 28.71,
            "gross_margin_4q_avg": 19.86,
            "net_income": 97210,
            "net_income_4q": null,
            "revenue": 708665,
            "revenue_4q": null,
            "common_shares": 3389090,
            "book_valuer_per_share": 15.14,
            "book_valuer_per_share_4q_avg": 13.58,
            "equity": 5040069,
            "current_ratio": 493.85,
            "debt_ratio": 19.15,
            "inventory_turnover_ratio": 1.44,
            "account_receivable_turnover_ratio": 2.27,
            "reinvestment_rate": 24.09,
            "research_to_sale_ratio": null,
            "price_fair": 59.34,
            "eps_avg_yearly": 1.7,
            "eps_latest_yearly": 1,
            "eps_growth_yearly": 78.1
        },
        "20101": {
            "year_quarter": 20101,
            "year": 2010,
            "quarter": 1,
            "eps": null,
            "eps_growth_year": null,
            "eps_4q": null,
            "eps_4q_growth_year": null,
            "roe": null,
            "roe_4q": 4.59,
            "gross_profit": 156435,
            "gross_margin": null,
            "gross_margin_4q_avg": 18.83,
            "net_income": 63801,
            "net_income_4q": null,
            "revenue": 644087,
            "revenue_4q": null,
            "common_shares": 3389090,
            "book_valuer_per_share": 13.31,
            "book_valuer_per_share_4q_avg": 13.55,
            "equity": 5076184,
            "current_ratio": 525,
            "debt_ratio": 18.34,
            "inventory_turnover_ratio": null,
            "account_receivable_turnover_ratio": null,
            "reinvestment_rate": null,
            "research_to_sale_ratio": null,
            "price_fair": 59.27,
            "eps_avg_yearly": 1.69,
            "eps_latest_yearly": 1,
            "eps_growth_yearly": 92.79
        },
        "20102": {
            "year_quarter": 20102,
            "year": 2010,
            "quarter": 2,
            "eps": 0.29,
            "eps_growth_year": 163.15,
            "eps_4q": 0.76,
            "eps_4q_growth_year": null,
            "roe": 1.69,
            "roe_4q": 5.48,
            "gross_profit": 182021,
            "gross_margin": 26.62,
            "gross_margin_4q_avg": 19.94,
            "net_income": 85129,
            "net_income_4q": null,
            "revenue": 683757,
            "revenue_4q": null,
            "common_shares": 3389090,
            "book_valuer_per_share": 15.36,
            "book_valuer_per_share_4q_avg": 14.2,
            "equity": 5005253,
            "current_ratio": 479.7,
            "debt_ratio": 19.1,
            "inventory_turnover_ratio": 1.4,
            "account_receivable_turnover_ratio": 2.02,
            "reinvestment_rate": 7.62,
            "research_to_sale_ratio": null,
            "price_fair": 56.38,
            "eps_avg_yearly": 1.61,
            "eps_latest_yearly": 1,
            "eps_growth_yearly": 82.63
        },
        "20103": {
            "year_quarter": 20103,
            "year": 2010,
            "quarter": 3,
            "eps": 0.26,
            "eps_growth_year": 43.28,
            "eps_4q": 0.92,
            "eps_4q_growth_year": null,
            "roe": 1.49,
            "roe_4q": 5.14,
            "gross_profit": 168162,
            "gross_margin": 25.68,
            "gross_margin_4q_avg": 20.25,
            "net_income": 71794,
            "net_income_4q": null,
            "revenue": 654927,
            "revenue_4q": null,
            "common_shares": 2880726,
            "book_valuer_per_share": 16.4,
            "book_valuer_per_share_4q_avg": 15.05,
            "equity": 4632717,
            "current_ratio": 505.67,
            "debt_ratio": 18.09,
            "inventory_turnover_ratio": 1.4,
            "account_receivable_turnover_ratio": 0.98,
            "reinvestment_rate": -0.84,
            "research_to_sale_ratio": 4.03,
            "price_fair": 54.09,
            "eps_avg_yearly": 1.55,
            "eps_latest_yearly": 1.04,
            "eps_growth_yearly": 90.61
        },
        "20104": {
            "year_quarter": 20104,
            "year": 2010,
            "quarter": 4,
            "eps": 0.12,
            "eps_growth_year": -50.79,
            "eps_4q": 0.72,
            "eps_4q_growth_year": 119.12,
            "roe": 0.75,
            "roe_4q": 3.93,
            "gross_profit": 136230,
            "gross_margin": 23.14,
            "gross_margin_4q_avg": 18.86,
            "net_income": 34974,
            "net_income_4q": null,
            "revenue": 588751,
            "revenue_4q": null,
            "common_shares": 2880726,
            "book_valuer_per_share": 16.55,
            "book_valuer_per_share_4q_avg": 15.41,
            "equity": 4634213,
            "current_ratio": 526.26,
            "debt_ratio": 17.26,
            "inventory_turnover_ratio": 1.29,
            "account_receivable_turnover_ratio": 0.97,
            "reinvestment_rate": -22.78,
            "research_to_sale_ratio": 4.22,
            "price_fair": 50.53,
            "eps_avg_yearly": 1.44,
            "eps_latest_yearly": 0.48,
            "eps_growth_yearly": 74.34
        },
        "20111": {
            "year_quarter": 20111,
            "year": 2011,
            "quarter": 1,
            "eps": 0.08,
            "eps_growth_year": null,
            "eps_4q": 0.81,
            "eps_4q_growth_year": null,
            "roe": 0.63,
            "roe_4q": 4.5600000000000005,
            "gross_profit": 107824,
            "gross_margin": 19.6,
            "gross_margin_4q_avg": 23.76,
            "net_income": 29030,
            "net_income_4q": null,
            "revenue": 550171,
            "revenue_4q": null,
            "common_shares": 2880726,
            "book_valuer_per_share": 16.63,
            "book_valuer_per_share_4q_avg": 16.24,
            "equity": 4629517,
            "current_ratio": 583.96,
            "debt_ratio": 15.91,
            "inventory_turnover_ratio": 1.35,
            "account_receivable_turnover_ratio": 1,
            "reinvestment_rate": -16.11,
            "research_to_sale_ratio": 4.34,
            "price_fair": 47.22,
            "eps_avg_yearly": 1.35,
            "eps_latest_yearly": 0.32,
            "eps_growth_yearly": 67.67
        },
        "20112": {
            "year_quarter": 20112,
            "year": 2011,
            "quarter": 2,
            "eps": 0.28,
            "eps_growth_year": -3.05,
            "eps_4q": 0.75,
            "eps_4q_growth_year": -2.34,
            "roe": 1.78,
            "roe_4q": 4.65,
            "gross_profit": 173906,
            "gross_margin": 28.62,
            "gross_margin_4q_avg": 24.26,
            "net_income": 81232,
            "net_income_4q": null,
            "revenue": 607669,
            "revenue_4q": null,
            "common_shares": 2880726,
            "book_valuer_per_share": 16.04,
            "book_valuer_per_share_4q_avg": 16.41,
            "equity": 4480423,
            "current_ratio": 422.26,
            "debt_ratio": 19.01,
            "inventory_turnover_ratio": 1.5,
            "account_receivable_turnover_ratio": 1.11,
            "reinvestment_rate": -17.95,
            "research_to_sale_ratio": 4.31,
            "price_fair": 44.55,
            "eps_avg_yearly": 1.27,
            "eps_latest_yearly": 1.12,
            "eps_growth_yearly": 142.54
        },
        "20113": {
            "year_quarter": 20113,
            "year": 2011,
            "quarter": 3,
            "eps": 0.27,
            "eps_growth_year": 4.74,
            "eps_4q": 0.77,
            "eps_4q_growth_year": -16.16,
            "roe": 2.11,
            "roe_4q": 5.27,
            "gross_profit": 153301,
            "gross_margin": 27.62,
            "gross_margin_4q_avg": 24.75,
            "net_income": 94340,
            "net_income_4q": null,
            "revenue": 554978,
            "revenue_4q": null,
            "common_shares": 2880726,
            "book_valuer_per_share": 16.51,
            "book_valuer_per_share_4q_avg": 16.43,
            "equity": 4481462,
            "current_ratio": 518.73,
            "debt_ratio": 16.25,
            "inventory_turnover_ratio": 1.4,
            "account_receivable_turnover_ratio": 0.99,
            "reinvestment_rate": -28.16,
            "research_to_sale_ratio": 4.36,
            "price_fair": 31.05,
            "eps_avg_yearly": 0.89,
            "eps_latest_yearly": 1.08,
            "eps_growth_yearly": 78.9
        },
        "20114": {
            "year_quarter": 20114,
            "year": 2011,
            "quarter": 4,
            "eps": -0.08,
            "eps_growth_year": -168.41,
            "eps_4q": 0.59,
            "eps_4q_growth_year": -18.65,
            "roe": -0.39,
            "roe_4q": 4.13,
            "gross_profit": 97794,
            "gross_margin": 18.18,
            "gross_margin_4q_avg": 23.51,
            "net_income": -17394,
            "net_income_4q": null,
            "revenue": 537832,
            "revenue_4q": null,
            "common_shares": 2718716,
            "book_valuer_per_share": 16.67,
            "book_valuer_per_share_4q_avg": 16.46,
            "equity": 4354832,
            "current_ratio": 527.7,
            "debt_ratio": 15.57,
            "inventory_turnover_ratio": 1.44,
            "account_receivable_turnover_ratio": 0.98,
            "reinvestment_rate": -43.66,
            "research_to_sale_ratio": 4.3,
            "price_fair": 30.66,
            "eps_avg_yearly": 0.88,
            "eps_latest_yearly": 1.08,
            "eps_growth_yearly": 119.27
        },
        "20121": {
            "year_quarter": 20121,
            "year": 2012,
            "quarter": 1,
            "eps": 0.08,
            "eps_growth_year": 0,
            "eps_4q": 0.59,
            "eps_4q_growth_year": -27.28,
            "roe": 0.71,
            "roe_4q": 4.21,
            "gross_profit": 110084,
            "gross_margin": 21.01,
            "gross_margin_4q_avg": 23.86,
            "net_income": 31240,
            "net_income_4q": null,
            "revenue": 523859,
            "revenue_4q": null,
            "common_shares": 2718716,
            "book_valuer_per_share": 16.68,
            "book_valuer_per_share_4q_avg": 16.48,
            "equity": 4384373,
            "current_ratio": 559,
            "debt_ratio": 14.29,
            "inventory_turnover_ratio": 1.36,
            "account_receivable_turnover_ratio": 0.98,
            "reinvestment_rate": -68.97,
            "research_to_sale_ratio": 3.94,
            "price_fair": 29.09,
            "eps_avg_yearly": 0.83,
            "eps_latest_yearly": 1.08,
            "eps_growth_yearly": 120.08
        },
        "20122": {
            "year_quarter": 20122,
            "year": 2012,
            "quarter": 2,
            "eps": 0.23,
            "eps_growth_year": -18.77,
            "eps_4q": 0.52,
            "eps_4q_growth_year": -30.31,
            "roe": 1.48,
            "roe_4q": 3.9099999999999997,
            "gross_profit": 141117,
            "gross_margin": 25.9,
            "gross_margin_4q_avg": 23.18,
            "net_income": 62944,
            "net_income_4q": null,
            "revenue": 544762,
            "revenue_4q": null,
            "common_shares": 2700906,
            "book_valuer_per_share": 15.91,
            "book_valuer_per_share_4q_avg": 16.44,
            "equity": 4106914,
            "current_ratio": 346.32,
            "debt_ratio": 19.16,
            "inventory_turnover_ratio": 1.33,
            "account_receivable_turnover_ratio": 0.99,
            "reinvestment_rate": -40.01,
            "research_to_sale_ratio": 4.01,
            "price_fair": 30.18,
            "eps_avg_yearly": 0.86,
            "eps_latest_yearly": 0.92,
            "eps_growth_yearly": 225.64
        },
        "20123": {
            "year_quarter": 20123,
            "year": 2012,
            "quarter": 3,
            "eps": 0.16,
            "eps_growth_year": -42.22,
            "eps_4q": 0.4,
            "eps_4q_growth_year": -48.63,
            "roe": 1.66,
            "roe_4q": 3.4599999999999995,
            "gross_profit": 127445,
            "gross_margin": 23.22,
            "gross_margin_4q_avg": 22.08,
            "net_income": 68380,
            "net_income_4q": null,
            "revenue": 548965,
            "revenue_4q": null,
            "common_shares": 2700906,
            "book_valuer_per_share": 16.24,
            "book_valuer_per_share_4q_avg": 16.38,
            "equity": 4115101,
            "current_ratio": 465.69,
            "debt_ratio": 13.98,
            "inventory_turnover_ratio": 1.34,
            "account_receivable_turnover_ratio": 0.91,
            "reinvestment_rate": -77.31,
            "research_to_sale_ratio": 3.71,
            "price_fair": 28.47,
            "eps_avg_yearly": 0.81,
            "eps_latest_yearly": 0.64,
            "eps_growth_yearly": 181.55
        },
        "20124": {
            "year_quarter": 20124,
            "year": 2012,
            "quarter": 4,
            "eps": 0.02,
            "eps_growth_year": null,
            "eps_4q": 0.51,
            "eps_4q_growth_year": -12.91,
            "roe": 0.1,
            "roe_4q": 3.95,
            "gross_profit": 98624,
            "gross_margin": 19.27,
            "gross_margin_4q_avg": 22.35,
            "net_income": 3913,
            "net_income_4q": null,
            "revenue": 511809,
            "revenue_4q": null,
            "common_shares": 2627136,
            "book_valuer_per_share": 16.51,
            "book_valuer_per_share_4q_avg": 16.34,
            "equity": 4097503,
            "current_ratio": 447.85,
            "debt_ratio": 13.44,
            "inventory_turnover_ratio": 1.31,
            "account_receivable_turnover_ratio": 0.9,
            "reinvestment_rate": -18.94,
            "research_to_sale_ratio": 4.03,
            "price_fair": 25.9,
            "eps_avg_yearly": 0.74,
            "eps_latest_yearly": 0.08,
            "eps_growth_yearly": 128.4
        },
        "20131": {
            "year_quarter": 20131,
            "year": 2013,
            "quarter": 1,
            "eps": -0.04,
            "eps_growth_year": -150,
            "eps_4q": 0.37,
            "eps_4q_growth_year": -36.68,
            "roe": -0.05,
            "roe_4q": 3.19,
            "gross_profit": 53550,
            "gross_margin": 11.95,
            "gross_margin_4q_avg": 20.09,
            "net_income": -2119,
            "net_income_4q": null,
            "revenue": 448262,
            "revenue_4q": null,
            "common_shares": 2627136,
            "book_valuer_per_share": 16.4,
            "book_valuer_per_share_4q_avg": 16.27,
            "equity": 4064890,
            "current_ratio": 455.82,
            "debt_ratio": 12.26,
            "inventory_turnover_ratio": 1.28,
            "account_receivable_turnover_ratio": 0.92,
            "reinvestment_rate": -129.16,
            "research_to_sale_ratio": 4.14,
            "price_fair": 25.9,
            "eps_avg_yearly": 0.74,
            "eps_latest_yearly": 0.08,
            "eps_growth_yearly": 128.4
        },
        "20132": {
            "year_quarter": 20132,
            "year": 2013,
            "quarter": 2,
            "eps": 0.06,
            "eps_growth_year": -73.68,
            "eps_4q": 0.21,
            "eps_4q_growth_year": -60.13,
            "roe": 0.52,
            "roe_4q": 2.23,
            "gross_profit": 87416,
            "gross_margin": 19.2,
            "gross_margin_4q_avg": 18.41,
            "net_income": 20669,
            "net_income_4q": null,
            "revenue": 455381,
            "revenue_4q": null,
            "common_shares": 2627136,
            "book_valuer_per_share": 16.06,
            "book_valuer_per_share_4q_avg": 16.3,
            "equity": 3936498,
            "current_ratio": 394.78,
            "debt_ratio": 14.2,
            "inventory_turnover_ratio": 1.14,
            "account_receivable_turnover_ratio": 0.99,
            "reinvestment_rate": -114.66,
            "research_to_sale_ratio": 4.31,
            "price_fair": 25.9,
            "eps_avg_yearly": 0.74,
            "eps_latest_yearly": 0.08,
            "eps_growth_yearly": 128.4
        },
        "20133": {
            "year_quarter": 20133,
            "year": 2013,
            "quarter": 3,
            "eps": 0.01,
            "eps_growth_year": -93.59,
            "eps_4q": 0.06,
            "eps_4q_growth_year": -85.67,
            "roe": 0.41,
            "roe_4q": 0.9799999999999999,
            "gross_profit": 62672,
            "gross_margin": 15.33,
            "gross_margin_4q_avg": 16.44,
            "net_income": 16053,
            "net_income_4q": null,
            "revenue": 408774,
            "revenue_4q": null,
            "common_shares": 2627136,
            "book_valuer_per_share": 16.1,
            "book_valuer_per_share_4q_avg": 16.27,
            "equity": 3944530,
            "current_ratio": 527.76,
            "debt_ratio": 10.72,
            "inventory_turnover_ratio": 0.98,
            "account_receivable_turnover_ratio": 0.93,
            "reinvestment_rate": -111.16,
            "research_to_sale_ratio": 4.39,
            "price_fair": 23.52,
            "eps_avg_yearly": 0.67,
            "eps_latest_yearly": 0.04,
            "eps_growth_yearly": 69.61
        },
        "20134": {
            "year_quarter": 20134,
            "year": 2013,
            "quarter": 4,
            "eps": 0.14,
            "eps_growth_year": 621.39,
            "eps_4q": 0.17,
            "eps_4q_growth_year": -66.24,
            "roe": 0.78,
            "roe_4q": 1.66,
            "gross_profit": 82458,
            "gross_margin": 18.38,
            "gross_margin_4q_avg": 16.22,
            "net_income": 30836,
            "net_income_4q": null,
            "revenue": 448590,
            "revenue_4q": null,
            "common_shares": 2627136,
            "book_valuer_per_share": 14.42,
            "book_valuer_per_share_4q_avg": 15.75,
            "equity": 3989939,
            "current_ratio": 661.44,
            "debt_ratio": 8.74,
            "inventory_turnover_ratio": 0.96,
            "account_receivable_turnover_ratio": 1.07,
            "reinvestment_rate": -368.83,
            "research_to_sale_ratio": 4.94,
            "price_fair": 21.98,
            "eps_avg_yearly": 0.63,
            "eps_latest_yearly": 0.56,
            "eps_growth_yearly": 574.05
        },
        "20141": {
            "year_quarter": 20141,
            "year": 2014,
            "quarter": 1,
            "eps": 0.1,
            "eps_growth_year": null,
            "eps_4q": 0.31,
            "eps_4q_growth_year": -16.46,
            "roe": 0.66,
            "roe_4q": 2.37,
            "gross_profit": 83579,
            "gross_margin": 19.4,
            "gross_margin_4q_avg": 18.08,
            "net_income": 26360,
            "net_income_4q": null,
            "revenue": 430831,
            "revenue_4q": null,
            "common_shares": 2627136,
            "book_valuer_per_share": 14.57,
            "book_valuer_per_share_4q_avg": 15.29,
            "equity": 4015532,
            "current_ratio": 722.61,
            "debt_ratio": 8.33,
            "inventory_turnover_ratio": 0.85,
            "account_receivable_turnover_ratio": 1.03,
            "reinvestment_rate": -98.55,
            "research_to_sale_ratio": 3.9,
            "price_fair": 21.25,
            "eps_avg_yearly": 0.61,
            "eps_latest_yearly": 0.4,
            "eps_growth_yearly": 511.48
        },
        "20142": {
            "year_quarter": 20142,
            "year": 2014,
            "quarter": 2,
            "eps": 0.05,
            "eps_growth_year": -16.67,
            "eps_4q": 0.3,
            "eps_4q_growth_year": 44.26,
            "roe": 0.35,
            "roe_4q": 2.2,
            "gross_profit": 84829,
            "gross_margin": 19.3,
            "gross_margin_4q_avg": 18.1,
            "net_income": 13680,
            "net_income_4q": null,
            "revenue": 439530,
            "revenue_4q": null,
            "common_shares": 2627136,
            "book_valuer_per_share": 14.08,
            "book_valuer_per_share_4q_avg": 14.79,
            "equity": 3896822,
            "current_ratio": 490.57,
            "debt_ratio": 11.85,
            "inventory_turnover_ratio": 0.83,
            "account_receivable_turnover_ratio": 1.06,
            "reinvestment_rate": -363.4,
            "research_to_sale_ratio": 3.89,
            "price_fair": 20.07,
            "eps_avg_yearly": 0.57,
            "eps_latest_yearly": 0.2,
            "eps_growth_yearly": 452.19
        },
        "20143": {
            "year_quarter": 20143,
            "year": 2014,
            "quarter": 3,
            "eps": 0.02,
            "eps_growth_year": 100,
            "eps_4q": 0.31,
            "eps_4q_growth_year": 450.37,
            "roe": 0.15,
            "roe_4q": 1.9400000000000002,
            "gross_profit": 78522,
            "gross_margin": 18.24,
            "gross_margin_4q_avg": 18.83,
            "net_income": 5748,
            "net_income_4q": null,
            "revenue": 430420,
            "revenue_4q": null,
            "common_shares": 2627136,
            "book_valuer_per_share": 14.1,
            "book_valuer_per_share_4q_avg": 14.29,
            "equity": 3904372,
            "current_ratio": 802.44,
            "debt_ratio": 7.75,
            "inventory_turnover_ratio": 0.8,
            "account_receivable_turnover_ratio": 1.08,
            "reinvestment_rate": -421.02,
            "research_to_sale_ratio": 6.62,
            "price_fair": 17.27,
            "eps_avg_yearly": 0.49,
            "eps_latest_yearly": 0.08,
            "eps_growth_yearly": 435.64
        },
        "20144": {
            "year_quarter": 20144,
            "year": 2014,
            "quarter": 4,
            "eps": 0.07,
            "eps_growth_year": -47.26,
            "eps_4q": 0.25,
            "eps_4q_growth_year": 42.05,
            "roe": 0.28,
            "roe_4q": 1.44,
            "gross_profit": 84898,
            "gross_margin": 18.22,
            "gross_margin_4q_avg": 18.79,
            "net_income": 10940,
            "net_income_4q": null,
            "revenue": 465837,
            "revenue_4q": null,
            "common_shares": 2627136,
            "book_valuer_per_share": 14.09,
            "book_valuer_per_share_4q_avg": 14.21,
            "equity": 3883613,
            "current_ratio": 762.91,
            "debt_ratio": 8.04,
            "inventory_turnover_ratio": 0.88,
            "account_receivable_turnover_ratio": 1.17,
            "reinvestment_rate": -426.24,
            "research_to_sale_ratio": 5.98,
            "price_fair": 16.68,
            "eps_avg_yearly": 0.48,
            "eps_latest_yearly": 0.28,
            "eps_growth_yearly": 536.92
        },
        "20151": {
            "year_quarter": 20151,
            "year": 2015,
            "quarter": 1,
            "eps": 0.02,
            "eps_growth_year": -80,
            "eps_4q": 0.17,
            "eps_4q_growth_year": -44.96,
            "roe": 0.04,
            "roe_4q": 0.82,
            "gross_profit": 71955,
            "gross_margin": 17.06,
            "gross_margin_4q_avg": 18.21,
            "net_income": 1625,
            "net_income_4q": null,
            "revenue": 421806,
            "revenue_4q": null,
            "common_shares": 2627136,
            "book_valuer_per_share": 14.13,
            "book_valuer_per_share_4q_avg": 14.1,
            "equity": 3872578,
            "current_ratio": 878.95,
            "debt_ratio": 7.21,
            "inventory_turnover_ratio": 0.84,
            "account_receivable_turnover_ratio": 1.05,
            "reinvestment_rate": -415.79,
            "research_to_sale_ratio": 4.44,
            "price_fair": 15.98,
            "eps_avg_yearly": 0.46,
            "eps_latest_yearly": 0.08,
            "eps_growth_yearly": 524.22
        },
        "20152": {
            "year_quarter": 20152,
            "year": 2015,
            "quarter": 2,
            "eps": -0.32,
            "eps_growth_year": -740,
            "eps_4q": -0.2,
            "eps_4q_growth_year": -166.76,
            "roe": -4.2,
            "roe_4q": -3.73,
            "gross_profit": -8630,
            "gross_margin": -2.42,
            "gross_margin_4q_avg": 12.78,
            "net_income": -156434,
            "net_income_4q": null,
            "revenue": 356800,
            "revenue_4q": null,
            "common_shares": 2627136,
            "book_valuer_per_share": 13.27,
            "book_valuer_per_share_4q_avg": 13.9,
            "equity": 3584080,
            "current_ratio": 545.23,
            "debt_ratio": 11.3,
            "inventory_turnover_ratio": 0.93,
            "account_receivable_turnover_ratio": 0.85,
            "reinvestment_rate": -729.48,
            "research_to_sale_ratio": 8.38,
            "price_fair": 13.87,
            "eps_avg_yearly": 0.4,
            "eps_latest_yearly": 0.08,
            "eps_growth_yearly": 480.97
        },
        "20153": {
            "year_quarter": 20153,
            "year": 2015,
            "quarter": 3,
            "eps": 0.15,
            "eps_growth_year": 650,
            "eps_4q": -0.08,
            "eps_4q_growth_year": -126.65,
            "roe": 0.73,
            "roe_4q": -3.1500000000000004,
            "gross_profit": 75224,
            "gross_margin": 20.07,
            "gross_margin_4q_avg": 13.23,
            "net_income": 26341,
            "net_income_4q": null,
            "revenue": 374786,
            "revenue_4q": null,
            "common_shares": 2627136,
            "book_valuer_per_share": 15.23,
            "book_valuer_per_share_4q_avg": 14.18,
            "equity": 3603282,
            "current_ratio": 767.68,
            "debt_ratio": 8.28,
            "inventory_turnover_ratio": 0.79,
            "account_receivable_turnover_ratio": 0.89,
            "reinvestment_rate": -808.74,
            "research_to_sale_ratio": 8.25,
            "price_fair": 11.48,
            "eps_avg_yearly": 0.33,
            "eps_latest_yearly": 0.08,
            "eps_growth_yearly": 530.49
        },
        "20154": {
            "year_quarter": 20154,
            "year": 2015,
            "quarter": 4,
            "eps": -0.01,
            "eps_growth_year": -107.05,
            "eps_4q": -0.18,
            "eps_4q_growth_year": -174.2,
            "roe": -0.02,
            "roe_4q": -3.45,
            "gross_profit": 52860,
            "gross_margin": 15.93,
            "gross_margin_4q_avg": 12.66,
            "net_income": -644,
            "net_income_4q": null,
            "revenue": 331914,
            "revenue_4q": null,
            "common_shares": 2527136,
            "book_valuer_per_share": 15.93,
            "book_valuer_per_share_4q_avg": 14.64,
            "equity": 3617626,
            "current_ratio": 771.27,
            "debt_ratio": 8.52,
            "inventory_turnover_ratio": 0.73,
            "account_receivable_turnover_ratio": 0.89,
            "reinvestment_rate": -729.43,
            "research_to_sale_ratio": 8.26,
            "price_fair": 11.48,
            "eps_avg_yearly": 0.33,
            "eps_latest_yearly": 0.08,
            "eps_growth_yearly": 530.49
        },
        "20161": {
            "year_quarter": 20161,
            "year": 2016,
            "quarter": 1,
            "eps": -0.21,
            "eps_growth_year": -1150,
            "eps_4q": -0.45,
            "eps_4q_growth_year": -362.1,
            "roe": -1.62,
            "roe_4q": -5.11,
            "gross_profit": 19133,
            "gross_margin": 6.43,
            "gross_margin_4q_avg": 10,
            "net_income": -57340,
            "net_income_4q": null,
            "revenue": 297753,
            "revenue_4q": null,
            "common_shares": 2527136,
            "book_valuer_per_share": 15.67,
            "book_valuer_per_share_4q_avg": 15.03,
            "equity": 3473059,
            "current_ratio": 726.79,
            "debt_ratio": 8.53,
            "inventory_turnover_ratio": 0.72,
            "account_receivable_turnover_ratio": 0.91,
            "reinvestment_rate": -1099.8,
            "research_to_sale_ratio": 5.47,
            "price_fair": 11.48,
            "eps_avg_yearly": 0.33,
            "eps_latest_yearly": 0.08,
            "eps_growth_yearly": 530.49
        },
        "20162": {
            "year_quarter": 20162,
            "year": 2016,
            "quarter": 2,
            "eps": -0.07,
            "eps_growth_year": null,
            "eps_4q": -0.14,
            "eps_4q_growth_year": null,
            "roe": -0.68,
            "roe_4q": -1.5900000000000003,
            "gross_profit": 28258,
            "gross_margin": 8.86,
            "gross_margin_4q_avg": 12.82,
            "net_income": -23337,
            "net_income_4q": null,
            "revenue": 318973,
            "revenue_4q": null,
            "common_shares": 2527136,
            "book_valuer_per_share": 15.22,
            "book_valuer_per_share_4q_avg": 15.51,
            "equity": 3351556,
            "current_ratio": 574.6,
            "debt_ratio": 10.81,
            "inventory_turnover_ratio": 0.78,
            "account_receivable_turnover_ratio": 0.98,
            "reinvestment_rate": -3163.9,
            "research_to_sale_ratio": 4.44,
            "price_fair": 9.18,
            "eps_avg_yearly": 0.26,
            "eps_latest_yearly": 0.08,
            "eps_growth_yearly": 506.1
        },
        "20163": {
            "year_quarter": 20163,
            "year": 2016,
            "quarter": 3,
            "eps": -0.18,
            "eps_growth_year": -220,
            "eps_4q": -0.52,
            "eps_4q_growth_year": null,
            "roe": -1.88,
            "roe_4q": -4.199999999999999,
            "gross_profit": 3599,
            "gross_margin": 1.19,
            "gross_margin_4q_avg": 8.1,
            "net_income": -62299,
            "net_income_4q": null,
            "revenue": 302580,
            "revenue_4q": null,
            "common_shares": 2527136,
            "book_valuer_per_share": 15.01,
            "book_valuer_per_share_4q_avg": 15.46,
            "equity": 3286709,
            "current_ratio": 713.94,
            "debt_ratio": 8.93,
            "inventory_turnover_ratio": 0.86,
            "account_receivable_turnover_ratio": 0.93,
            "reinvestment_rate": null,
            "research_to_sale_ratio": 5.2,
            "price_fair": 7.53,
            "eps_avg_yearly": 0.22,
            "eps_latest_yearly": 0.08,
            "eps_growth_yearly": 584.58
        },
        "20164": {
            "year_quarter": 20164,
            "year": 2016,
            "quarter": 4,
            "eps": -0.3,
            "eps_growth_year": null,
            "eps_4q": -0.81,
            "eps_4q_growth_year": null,
            "roe": -2.94,
            "roe_4q": -7.12,
            "gross_profit": -2487,
            "gross_margin": -0.9,
            "gross_margin_4q_avg": 3.9,
            "net_income": -95726,
            "net_income_4q": null,
            "revenue": 277151,
            "revenue_4q": null,
            "common_shares": 2527136,
            "book_valuer_per_share": 14.75,
            "book_valuer_per_share_4q_avg": 15.16,
            "equity": 3217501,
            "current_ratio": 663.7,
            "debt_ratio": 9.57,
            "inventory_turnover_ratio": 0.91,
            "account_receivable_turnover_ratio": 0.89,
            "reinvestment_rate": null,
            "research_to_sale_ratio": 5.97,
            "price_fair": 8.2,
            "eps_avg_yearly": 0.23,
            "eps_latest_yearly": 0.08,
            "eps_growth_yearly": 718.1
        },
        "20171": {
            "year_quarter": 20171,
            "year": 2017,
            "quarter": 1,
            "eps": -0.11,
            "eps_growth_year": null,
            "eps_4q": -0.62,
            "eps_4q_growth_year": null,
            "roe": -0.83,
            "roe_4q": -6.33,
            "gross_profit": 41614,
            "gross_margin": 14.22,
            "gross_margin_4q_avg": 5.84,
            "net_income": -27799,
            "net_income_4q": null,
            "revenue": 292715,
            "revenue_4q": null,
            "common_shares": 2527136,
            "book_valuer_per_share": 13.31,
            "book_valuer_per_share_4q_avg": 14.57,
            "equity": 3470878,
            "current_ratio": 729.43,
            "debt_ratio": 8.18,
            "inventory_turnover_ratio": 0.9,
            "account_receivable_turnover_ratio": 1,
            "reinvestment_rate": null,
            "research_to_sale_ratio": 4.46,
            "price_fair": 8.2,
            "eps_avg_yearly": 0.23,
            "eps_latest_yearly": 0.08,
            "eps_growth_yearly": 718.1
        },
        "20172": {
            "year_quarter": 20172,
            "year": 2017,
            "quarter": 2,
            "eps": 0.06,
            "eps_growth_year": null,
            "eps_4q": -0.49,
            "eps_4q_growth_year": null,
            "roe": 0.24,
            "roe_4q": -5.41,
            "gross_profit": 79884,
            "gross_margin": 25.67,
            "gross_margin_4q_avg": 10.05,
            "net_income": 8579,
            "net_income_4q": null,
            "revenue": 311222,
            "revenue_4q": null,
            "common_shares": 2527136,
            "book_valuer_per_share": 13.58,
            "book_valuer_per_share_4q_avg": 14.16,
            "equity": 3569034,
            "current_ratio": 698.37,
            "debt_ratio": 8.11,
            "inventory_turnover_ratio": 0.84,
            "account_receivable_turnover_ratio": 1.05,
            "reinvestment_rate": null,
            "research_to_sale_ratio": 4.37,
            "price_fair": 8.2,
            "eps_avg_yearly": 0.23,
            "eps_latest_yearly": 0.08,
            "eps_growth_yearly": 718.1
        },
        "20173": {
            "year_quarter": 20173,
            "year": 2017,
            "quarter": 3,
            "eps": 0,
            "eps_growth_year": null,
            "eps_4q": -0.4,
            "eps_4q_growth_year": null,
            "roe": -0.38,
            "roe_4q": -3.91,
            "gross_profit": 72248,
            "gross_margin": 22.07,
            "gross_margin_4q_avg": 15.27,
            "net_income": -13173,
            "net_income_4q": null,
            "revenue": 327356,
            "revenue_4q": null,
            "common_shares": 2527136,
            "book_valuer_per_share": 15.48,
            "book_valuer_per_share_4q_avg": 14.28,
            "equity": 3299591,
            "current_ratio": 550.02,
            "debt_ratio": 9.24,
            "inventory_turnover_ratio": 0.92,
            "account_receivable_turnover_ratio": 0.99,
            "reinvestment_rate": null,
            "research_to_sale_ratio": 4.49,
            "price_fair": 9.33,
            "eps_avg_yearly": 0.27,
            "eps_latest_yearly": 0.08,
            "eps_growth_yearly": 893.33
        },
        "20174": {
            "year_quarter": 20174,
            "year": 2017,
            "quarter": 4,
            "eps": -0.29,
            "eps_growth_year": null,
            "eps_4q": -0.34,
            "eps_4q_growth_year": null,
            "roe": -1.94,
            "roe_4q": -2.91,
            "gross_profit": 49927,
            "gross_margin": 10.07,
            "gross_margin_4q_avg": 18.01,
            "net_income": -56160,
            "net_income_4q": null,
            "revenue": 495780,
            "revenue_4q": null,
            "common_shares": 2527136,
            "book_valuer_per_share": 11.16,
            "book_valuer_per_share_4q_avg": 13.38,
            "equity": 2479140,
            "current_ratio": 291.91,
            "debt_ratio": 20.29,
            "inventory_turnover_ratio": 1.43,
            "account_receivable_turnover_ratio": 1.2,
            "reinvestment_rate": null,
            "research_to_sale_ratio": 3.6,
            "price_fair": 7.28,
            "eps_avg_yearly": 0.21,
            "eps_latest_yearly": 0.08,
            "eps_growth_yearly": 32
        },
        "20181": {
            "year_quarter": 20181,
            "year": 2018,
            "quarter": 1,
            "eps": 0.42,
            "eps_growth_year": null,
            "eps_4q": 0.18,
            "eps_4q_growth_year": null,
            "roe": 3.17,
            "roe_4q": 1.0899999999999999,
            "gross_profit": 124560,
            "gross_margin": 19.72,
            "gross_margin_4q_avg": 19.38,
            "net_income": 79760,
            "net_income_4q": null,
            "revenue": 631624,
            "revenue_4q": null,
            "common_shares": 2527136,
            "book_valuer_per_share": 12.72,
            "book_valuer_per_share_4q_avg": 13.24,
            "equity": 2558293,
            "current_ratio": 244.92,
            "debt_ratio": 21.16,
            "inventory_turnover_ratio": 1.5,
            "account_receivable_turnover_ratio": 1.31,
            "reinvestment_rate": null,
            "research_to_sale_ratio": 2.08,
            "price_fair": 5.6,
            "eps_avg_yearly": 0.16,
            "eps_latest_yearly": 0.08,
            "eps_growth_yearly": 68.57
        },
        "20182": {
            "year_quarter": 20182,
            "year": 2018,
            "quarter": 2,
            "eps": 1.06,
            "eps_growth_year": 1666.67,
            "eps_4q": 1.16,
            "eps_4q_growth_year": null,
            "roe": 7.23,
            "roe_4q": 8.08,
            "gross_profit": 150438,
            "gross_margin": 20.26,
            "gross_margin_4q_avg": 18.03,
            "net_income": 191479,
            "net_income_4q": null,
            "revenue": 742674,
            "revenue_4q": null,
            "common_shares": 2527136,
            "book_valuer_per_share": 13.71,
            "book_valuer_per_share_4q_avg": 13.27,
            "equity": 2737158,
            "current_ratio": 197.55,
            "debt_ratio": 25.98,
            "inventory_turnover_ratio": 1.76,
            "account_receivable_turnover_ratio": 1.32,
            "reinvestment_rate": -346.28,
            "research_to_sale_ratio": 3.1,
            "price_fair": 40.95,
            "eps_avg_yearly": 1.17,
            "eps_latest_yearly": 4.24,
            "eps_growth_yearly": 270.95
        },
        "20183": {
            "year_quarter": 20183,
            "year": 2018,
            "quarter": 3,
            "eps": -0.35,
            "eps_growth_year": null,
            "eps_4q": 0.81,
            "eps_4q_growth_year": null,
            "roe": -2.99,
            "roe_4q": 5.470000000000001,
            "gross_profit": 187300,
            "gross_margin": 23.64,
            "gross_margin_4q_avg": 18.42,
            "net_income": -81470,
            "net_income_4q": null,
            "revenue": 792184,
            "revenue_4q": null,
            "common_shares": 2527136,
            "book_valuer_per_share": 13.34,
            "book_valuer_per_share_4q_avg": 12.73,
            "equity": 2714259,
            "current_ratio": 162.4,
            "debt_ratio": 29.89,
            "inventory_turnover_ratio": 1.61,
            "account_receivable_turnover_ratio": 1.21,
            "reinvestment_rate": null,
            "research_to_sale_ratio": 3.86,
            "price_fair": 53.67,
            "eps_avg_yearly": 1.53,
            "eps_latest_yearly": 4.24,
            "eps_growth_yearly": 441.27
        },
        "20184": {
            "year_quarter": 20184,
            "year": 2018,
            "quarter": 4,
            "eps": -0.11,
            "eps_growth_year": null,
            "eps_4q": 1.02,
            "eps_4q_growth_year": null,
            "roe": -1.66,
            "roe_4q": 5.75,
            "gross_profit": 166710,
            "gross_margin": 23.17,
            "gross_margin_4q_avg": 21.7,
            "net_income": -43949,
            "net_income_4q": null,
            "revenue": 719500,
            "revenue_4q": null,
            "common_shares": 2527136,
            "book_valuer_per_share": 13.08,
            "book_valuer_per_share_4q_avg": 13.21,
            "equity": 2573811,
            "current_ratio": 140.06,
            "debt_ratio": 33.4,
            "inventory_turnover_ratio": 1.34,
            "account_receivable_turnover_ratio": 1.12,
            "reinvestment_rate": null,
            "research_to_sale_ratio": 6.56,
            "price_fair": 75.6,
            "eps_avg_yearly": 2.16,
            "eps_latest_yearly": 4.24,
            "eps_growth_yearly": 161.9
        },
        "20191": {
            "year_quarter": 20191,
            "year": 2019,
            "quarter": 1,
            "eps": 0.31,
            "eps_growth_year": -26.19,
            "eps_4q": 0.91,
            "eps_4q_growth_year": 413.28,
            "roe": 1.92,
            "roe_4q": 4.5,
            "gross_profit": 154781,
            "gross_margin": 21.76,
            "gross_margin_4q_avg": 22.21,
            "net_income": 49842,
            "net_income_4q": null,
            "revenue": 711254,
            "revenue_4q": null,
            "common_shares": 2527136,
            "book_valuer_per_share": 13.42,
            "book_valuer_per_share_4q_avg": 13.39,
            "equity": 2630291,
            "current_ratio": 121.37,
            "debt_ratio": 40.28,
            "inventory_turnover_ratio": 1.33,
            "account_receivable_turnover_ratio": 1.23,
            "reinvestment_rate": null,
            "research_to_sale_ratio": 6.43,
            "price_fair": 148.4,
            "eps_avg_yearly": 4.24,
            "eps_latest_yearly": 4.24,
            "eps_growth_yearly": 609.52
        },
        "20192": {
            "year_quarter": 20192,
            "year": 2019,
            "quarter": 2,
            "eps": 0.6,
            "eps_growth_year": -43.4,
            "eps_4q": 0.45,
            "eps_4q_growth_year": -61.47,
            "roe": 4.28,
            "roe_4q": 1.5499999999999998,
            "gross_profit": 198158,
            "gross_margin": 27.26,
            "gross_margin_4q_avg": 23.96,
            "net_income": 112890,
            "net_income_4q": null,
            "revenue": 726964,
            "revenue_4q": null,
            "common_shares": 2527136,
            "book_valuer_per_share": 13.01,
            "book_valuer_per_share_4q_avg": 13.21,
            "equity": 2644812,
            "current_ratio": 103.27,
            "debt_ratio": 47.88,
            "inventory_turnover_ratio": 1.53,
            "account_receivable_turnover_ratio": 1.21,
            "reinvestment_rate": 246.89,
            "research_to_sale_ratio": 6.2,
            "price_fair": 116.2,
            "eps_avg_yearly": 3.32,
            "eps_latest_yearly": 2.4,
            "eps_growth_yearly": 491.86
        },
        "20193": {
            "year_quarter": 20193,
            "year": 2019,
            "quarter": 3,
            "eps": 0.66,
            "eps_growth_year": null,
            "eps_4q": 1.44,
            "eps_4q_growth_year": 77.14,
            "roe": 3.72,
            "roe_4q": 8.26,
            "gross_profit": 176254,
            "gross_margin": 17.49,
            "gross_margin_4q_avg": 22.42,
            "net_income": 102699,
            "net_income_4q": null,
            "revenue": 1007554,
            "revenue_4q": null,
            "common_shares": 2527136,
            "book_valuer_per_share": 13.84,
            "book_valuer_per_share_4q_avg": 13.34,
            "equity": 2873246,
            "current_ratio": 134.58,
            "debt_ratio": 45.97,
            "inventory_turnover_ratio": 3.27,
            "account_receivable_turnover_ratio": 1.42,
            "reinvestment_rate": 325.13,
            "research_to_sale_ratio": 5.74,
            "price_fair": 108.27,
            "eps_avg_yearly": 3.09,
            "eps_latest_yearly": 2.64,
            "eps_growth_yearly": 341.24
        },
        "20194": {
            "year_quarter": 20194,
            "year": 2019,
            "quarter": 4,
            "eps": 0.62,
            "eps_growth_year": null,
            "eps_4q": 2.17,
            "eps_4q_growth_year": 113.47,
            "roe": 1.55,
            "roe_4q": 11.47,
            "gross_profit": 83209,
            "gross_margin": 8.13,
            "gross_margin_4q_avg": 18.66,
            "net_income": 46509,
            "net_income_4q": null,
            "revenue": 1022910,
            "revenue_4q": null,
            "common_shares": 2527136,
            "book_valuer_per_share": 15.07,
            "book_valuer_per_share_4q_avg": 13.84,
            "equity": 3121458,
            "current_ratio": 131.46,
            "debt_ratio": 45.49,
            "inventory_turnover_ratio": 3.86,
            "account_receivable_turnover_ratio": 1.36,
            "reinvestment_rate": 295.23,
            "research_to_sale_ratio": 7.06,
            "price_fair": 102.9,
            "eps_avg_yearly": 2.94,
            "eps_latest_yearly": 2.48,
            "eps_growth_yearly": 249.87
        },
        "20201": {
            "year_quarter": 20201,
            "year": 2020,
            "quarter": 1,
            "eps": -1.09,
            "eps_growth_year": -451.61,
            "eps_4q": 0.78,
            "eps_4q_growth_year": -14.14,
            "roe": -8.75,
            "roe_4q": 0.8000000000000003,
            "gross_profit": 183606,
            "gross_margin": 16.6,
            "gross_margin_4q_avg": 17.37,
            "net_income": -262782,
            "net_income_4q": null,
            "revenue": 1105867,
            "revenue_4q": null,
            "common_shares": 2527136,
            "book_valuer_per_share": 14.11,
            "book_valuer_per_share_4q_avg": 14.01,
            "equity": 2883883,
            "current_ratio": 140.21,
            "debt_ratio": 51.63,
            "inventory_turnover_ratio": 3.67,
            "account_receivable_turnover_ratio": 1.44,
            "reinvestment_rate": 369.85,
            "research_to_sale_ratio": 5.11,
            "price_fair": 102.9,
            "eps_avg_yearly": 2.94,
            "eps_latest_yearly": 2.48,
            "eps_growth_yearly": 249.87
        },
        "20202": {
            "year_quarter": 20202,
            "year": 2020,
            "quarter": 2,
            "eps": 0.66,
            "eps_growth_year": 10,
            "eps_4q": 0.8,
            "eps_4q_growth_year": 79.47,
            "roe": 2.51,
            "roe_4q": -0.9700000000000002,
            "gross_profit": 167574,
            "gross_margin": 15.25,
            "gross_margin_4q_avg": 14.37,
            "net_income": 73783,
            "net_income_4q": null,
            "revenue": 1098675,
            "revenue_4q": null,
            "common_shares": 2527136,
            "book_valuer_per_share": 13.78,
            "book_valuer_per_share_4q_avg": 14.2,
            "equity": 2994317,
            "current_ratio": 104.77,
            "debt_ratio": 53.93,
            "inventory_turnover_ratio": 3.77,
            "account_receivable_turnover_ratio": 1.33,
            "reinvestment_rate": 548.48,
            "research_to_sale_ratio": 3.32,
            "price_fair": 102.9,
            "eps_avg_yearly": 2.94,
            "eps_latest_yearly": 2.48,
            "eps_growth_yearly": 249.87
        },
        "20203": {
            "year_quarter": 20203,
            "year": 2020,
            "quarter": 3,
            "eps": 1.27,
            "eps_growth_year": 92.42,
            "eps_4q": 1.51,
            "eps_4q_growth_year": 4.83,
            "roe": 7.37,
            "roe_4q": 2.679999999999999,
            "gross_profit": 253540,
            "gross_margin": 22.02,
            "gross_margin_4q_avg": 15.5,
            "net_income": 219167,
            "net_income_4q": null,
            "revenue": 1151449,
            "revenue_4q": null,
            "common_shares": 2527136,
            "book_valuer_per_share": 14.47,
            "book_valuer_per_share_4q_avg": 14.36,
            "equity": 2950440,
            "current_ratio": 74.23,
            "debt_ratio": 58.5,
            "inventory_turnover_ratio": 3.8,
            "account_receivable_turnover_ratio": 1.33,
            "reinvestment_rate": 438.19,
            "research_to_sale_ratio": 2.16,
            "price_fair": 117.88,
            "eps_avg_yearly": 3.37,
            "eps_latest_yearly": 5.08,
            "eps_growth_yearly": 273.83
        },
        "20204": {
            "year_quarter": 20204,
            "year": 2020,
            "quarter": 4,
            "eps": 2.41,
            "eps_growth_year": 288.02,
            "eps_4q": 3.33,
            "eps_4q_growth_year": 53.01,
            "roe": 14.33,
            "roe_4q": 15.46,
            "gross_profit": 338366,
            "gross_margin": 25.81,
            "gross_margin_4q_avg": 19.92,
            "net_income": 456139,
            "net_income_4q": null,
            "revenue": 1310765,
            "revenue_4q": null,
            "common_shares": 2527136,
            "book_valuer_per_share": 17.21,
            "book_valuer_per_share_4q_avg": 14.89,
            "equity": 3416690,
            "current_ratio": 66.33,
            "debt_ratio": 62.33,
            "inventory_turnover_ratio": 4.41,
            "account_receivable_turnover_ratio": 1.47,
            "reinvestment_rate": 339.68,
            "research_to_sale_ratio": 2.06,
            "price_fair": 154.47,
            "eps_avg_yearly": 4.41,
            "eps_latest_yearly": 9.64,
            "eps_growth_yearly": 288.04
        },
        "20211": {
            "year_quarter": 20211,
            "year": 2021,
            "quarter": 1,
            "eps": 1.64,
            "eps_growth_year": null,
            "eps_4q": 6.01,
            "eps_4q_growth_year": 671.88,
            "roe": 7.92,
            "roe_4q": 32.13,
            "gross_profit": 334560,
            "gross_margin": 26.22,
            "gross_margin_4q_avg": 22.33,
            "net_income": 282935,
            "net_income_4q": null,
            "revenue": 1276063,
            "revenue_4q": null,
            "common_shares": 2527136,
            "book_valuer_per_share": 18.95,
            "book_valuer_per_share_4q_avg": 16.1,
            "equity": 3726898,
            "current_ratio": 65.18,
            "debt_ratio": 65.03,
            "inventory_turnover_ratio": 4.42,
            "account_receivable_turnover_ratio": 1.42,
            "reinvestment_rate": 297.3,
            "research_to_sale_ratio": 1.89,
            "price_fair": 165.2,
            "eps_avg_yearly": 4.72,
            "eps_latest_yearly": 6.56,
            "eps_growth_yearly": 228.63
        },
        "20212": {
            "year_quarter": 20212,
            "year": 2021,
            "quarter": 2,
            "eps": -0.1,
            "eps_growth_year": -115.15,
            "eps_4q": 5.25,
            "eps_4q_growth_year": 555.51,
            "roe": -2.84,
            "roe_4q": 26.78,
            "gross_profit": 296381,
            "gross_margin": 19.86,
            "gross_margin_4q_avg": 23.48,
            "net_income": -106976,
            "net_income_4q": null,
            "revenue": 1492111,
            "revenue_4q": null,
            "common_shares": 2527136,
            "book_valuer_per_share": 18.9,
            "book_valuer_per_share_4q_avg": 17.38,
            "equity": 3808194,
            "current_ratio": 64.07,
            "debt_ratio": 65.56,
            "inventory_turnover_ratio": 4.75,
            "account_receivable_turnover_ratio": 1.53,
            "reinvestment_rate": 304.79,
            "research_to_sale_ratio": 2.61,
            "price_fair": 165.2,
            "eps_avg_yearly": 4.72,
            "eps_latest_yearly": 6.56,
            "eps_growth_yearly": 228.63
        },
        "20213": {
            "year_quarter": 20213,
            "year": 2021,
            "quarter": 3,
            "eps": 2.82,
            "eps_growth_year": 122.05,
            "eps_4q": 6.56,
            "eps_4q_growth_year": 333.94,
            "roe": 12.41,
            "roe_4q": 31.82,
            "gross_profit": 366237,
            "gross_margin": 22.74,
            "gross_margin_4q_avg": 23.66,
            "net_income": 536297,
            "net_income_4q": null,
            "revenue": 1610410,
            "revenue_4q": null,
            "common_shares": 2527136,
            "book_valuer_per_share": 23.1,
            "book_valuer_per_share_4q_avg": 19.54,
            "equity": 4835557,
            "current_ratio": 112.9,
            "debt_ratio": 68.99,
            "inventory_turnover_ratio": 3.53,
            "account_receivable_turnover_ratio": 1.45,
            "reinvestment_rate": 164.75,
            "research_to_sale_ratio": 2.5,
            "price_fair": 165.2,
            "eps_avg_yearly": 4.72,
            "eps_latest_yearly": 6.56,
            "eps_growth_yearly": 228.63
        },
        "20214": {
            "year_quarter": 20214,
            "year": 2021,
            "quarter": 4,
            "eps": 1.25,
            "eps_growth_year": -48.21,
            "eps_4q": 5.54,
            "eps_4q_growth_year": 66.52,
            "roe": 3.59,
            "roe_4q": 21.08,
            "gross_profit": 412202,
            "gross_margin": 24.26,
            "gross_margin_4q_avg": 23.27,
            "net_income": 174305,
            "net_income_4q": null,
            "revenue": 1698778,
            "revenue_4q": null,
            "common_shares": 2556735,
            "book_valuer_per_share": 23.82,
            "book_valuer_per_share_4q_avg": 21.19,
            "equity": 4870179,
            "current_ratio": 132.44,
            "debt_ratio": 69.78,
            "inventory_turnover_ratio": 3.01,
            "account_receivable_turnover_ratio": 1.39,
            "reinvestment_rate": 176.96,
            "research_to_sale_ratio": 3.94,
            "price_fair": 166.43,
            "eps_avg_yearly": 4.76,
            "eps_latest_yearly": 5,
            "eps_growth_yearly": 172.22
        },
        "20221": {
            "year_quarter": 20221,
            "year": 2022,
            "quarter": 1,
            "eps": -1.14,
            "eps_growth_year": -169.51,
            "eps_4q": 2.82,
            "eps_4q_growth_year": -53.08,
            "roe": -6.62,
            "roe_4q": 6.539999999999999,
            "gross_profit": 403314,
            "gross_margin": 23.62,
            "gross_margin_4q_avg": 22.62,
            "net_income": -313426,
            "net_income_4q": null,
            "revenue": 1707492,
            "revenue_4q": null,
            "common_shares": 2556735,
            "book_valuer_per_share": 22.81,
            "book_valuer_per_share_4q_avg": 22.16,
            "equity": 4593152,
            "current_ratio": 116.14,
            "debt_ratio": 71.7,
            "inventory_turnover_ratio": 3.02,
            "account_receivable_turnover_ratio": 1.31,
            "reinvestment_rate": 205.72,
            "research_to_sale_ratio": 3.08,
            "price_fair": 166.43,
            "eps_avg_yearly": 4.76,
            "eps_latest_yearly": 5,
            "eps_growth_yearly": 172.22
        },
        "20222": {
            "year_quarter": 20222,
            "year": 2022,
            "quarter": 2,
            "eps": -1.58,
            "eps_growth_year": null,
            "eps_4q": 1.42,
            "eps_4q_growth_year": -72.93,
            "roe": -9.93,
            "roe_4q": -0.5500000000000007,
            "gross_profit": 618035,
            "gross_margin": 30.99,
            "gross_margin_4q_avg": 25.4,
            "net_income": -386011,
            "net_income_4q": null,
            "revenue": 1994321,
            "revenue_4q": null,
            "common_shares": 2556735,
            "book_valuer_per_share": 15.4,
            "book_valuer_per_share_4q_avg": 21.28,
            "equity": 3178681,
            "current_ratio": 80.27,
            "debt_ratio": 81.71,
            "inventory_turnover_ratio": 3.2,
            "account_receivable_turnover_ratio": 1.32,
            "reinvestment_rate": 355.27,
            "research_to_sale_ratio": 2.7,
            "price_fair": 169,
            "eps_avg_yearly": 4.83,
            "eps_latest_yearly": 5,
            "eps_growth_yearly": 109.74
        },
        "20223": {
            "year_quarter": 20223,
            "year": 2022,
            "quarter": 3,
            "eps": 2.93,
            "eps_growth_year": 3.9,
            "eps_4q": 1.42,
            "eps_4q_growth_year": -78.42,
            "roe": 15.66,
            "roe_4q": 2.7,
            "gross_profit": 541581,
            "gross_margin": 26.18,
            "gross_margin_4q_avg": 26.26,
            "net_income": 541802,
            "net_income_4q": null,
            "revenue": 2068331,
            "revenue_4q": null,
            "common_shares": 2556735,
            "book_valuer_per_share": 18.43,
            "book_valuer_per_share_4q_avg": 20.12,
            "equity": 3741877,
            "current_ratio": 87.5,
            "debt_ratio": 78.94,
            "inventory_turnover_ratio": 3.76,
            "account_receivable_turnover_ratio": 1.24,
            "reinvestment_rate": 253.27,
            "research_to_sale_ratio": 3.75,
            "price_fair": 169,
            "eps_avg_yearly": 4.83,
            "eps_latest_yearly": 5,
            "eps_growth_yearly": 109.74
        },
        "20224": {
            "year_quarter": 20224,
            "year": 2022,
            "quarter": 4,
            "eps": 3.32,
            "eps_growth_year": 165.67,
            "eps_4q": 3.43,
            "eps_4q_growth_year": -38.1,
            "roe": 14.76,
            "roe_4q": 13.870000000000001,
            "gross_profit": 535695,
            "gross_margin": 27.18,
            "gross_margin_4q_avg": 26.99,
            "net_income": 603267,
            "net_income_4q": null,
            "revenue": 1970974,
            "revenue_4q": null,
            "common_shares": 2564465,
            "book_valuer_per_share": 22.16,
            "book_valuer_per_share_4q_avg": 19.7,
            "equity": 4434207,
            "current_ratio": 84.59,
            "debt_ratio": 75.22,
            "inventory_turnover_ratio": 3.75,
            "account_receivable_turnover_ratio": 1.24,
            "reinvestment_rate": 235.64,
            "research_to_sale_ratio": 3.56,
            "price_fair": 205.98,
            "eps_avg_yearly": 5.89,
            "eps_latest_yearly": 13.28,
            "eps_growth_yearly": 102.68
        },
        "20231": {
            "year_quarter": 20231,
            "year": 2023,
            "quarter": 1,
            "eps": 1.01,
            "eps_growth_year": null,
            "eps_4q": 5.63,
            "eps_4q_growth_year": 99.76,
            "roe": 3.28,
            "roe_4q": 23.770000000000003,
            "gross_profit": 427060,
            "gross_margin": 27.31,
            "gross_margin_4q_avg": 27.92,
            "net_income": 138878,
            "net_income_4q": null,
            "revenue": 1563590,
            "revenue_4q": null,
            "common_shares": 2564465,
            "book_valuer_per_share": 20.23,
            "book_valuer_per_share_4q_avg": 19.06,
            "equity": 4038873,
            "current_ratio": 60.28,
            "debt_ratio": 79.1,
            "inventory_turnover_ratio": 2.74,
            "account_receivable_turnover_ratio": 1.15,
            "reinvestment_rate": 297.96,
            "research_to_sale_ratio": 5.25,
            "price_fair": 198.8,
            "eps_avg_yearly": 5.68,
            "eps_latest_yearly": 4.04,
            "eps_growth_yearly": 60.35
        },
        "20232": {
            "year_quarter": 20232,
            "year": 2023,
            "quarter": 2,
            "eps": 0.49,
            "eps_growth_year": null,
            "eps_4q": 7.48,
            "eps_4q_growth_year": 425.62,
            "roe": 1,
            "roe_4q": 34.7,
            "gross_profit": 472180,
            "gross_margin": 26.23,
            "gross_margin_4q_avg": 26.73,
            "net_income": 43184,
            "net_income_4q": null,
            "revenue": 1799891,
            "revenue_4q": null,
            "common_shares": 2564465,
            "book_valuer_per_share": 22.65,
            "book_valuer_per_share_4q_avg": 20.87,
            "equity": 4640724,
            "current_ratio": 69.22,
            "debt_ratio": 77.56,
            "inventory_turnover_ratio": 2.56,
            "account_receivable_turnover_ratio": 1.53,
            "reinvestment_rate": 295.63,
            "research_to_sale_ratio": 5.4,
            "price_fair": 16.89,
            "eps_avg_yearly": 5.63,
            "eps_latest_yearly": 1.96,
            "eps_growth_yearly": -4.11
        },
        "20233": {
            "year_quarter": 20233,
            "year": 2023,
            "quarter": 3,
            "eps": -0.4,
            "eps_growth_year": -113.65,
            "eps_4q": 4.24,
            "eps_4q_growth_year": 199.76,
            "roe": -2.36,
            "roe_4q": 16.68,
            "gross_profit": 499543,
            "gross_margin": 25.55,
            "gross_margin_4q_avg": 26.57,
            "net_income": -109734,
            "net_income_4q": null,
            "revenue": 1955017,
            "revenue_4q": null,
            "common_shares": 2564465,
            "book_valuer_per_share": 22.78,
            "book_valuer_per_share_4q_avg": 21.96,
            "equity": 4669467,
            "current_ratio": 68.57,
            "debt_ratio": 77.49,
            "inventory_turnover_ratio": 2.38,
            "account_receivable_turnover_ratio": 1.53,
            "reinvestment_rate": 317.31,
            "research_to_sale_ratio": 4.55,
            "price_fair": 18.02,
            "eps_avg_yearly": 6.01,
            "eps_latest_yearly": 1.96,
            "eps_growth_yearly": -9.62
        }
    },
    "months": {
        "2001-06": {
            "month": "2001-06",
            "price": "22.44",
            "revenue": 216133
        },
        "2001-07": {
            "month": "2001-07",
            "price": "17.36",
            "revenue": 231229
        },
        "2001-08": {
            "month": "2001-08",
            "price": "18.36",
            "revenue": 215121
        },
        "2001-09": {
            "month": "2001-09",
            "price": "15.49",
            "revenue": 202536
        },
        "2001-10": {
            "month": "2001-10",
            "price": "14.34",
            "revenue": 207305
        },
        "2001-11": {
            "month": "2001-11",
            "price": "16.95",
            "revenue": 242262
        },
        "2001-12": {
            "month": "2001-12",
            "price": "23.60",
            "revenue": 224378
        },
        "2002-01": {
            "month": "2002-01",
            "price": "28.87",
            "revenue": 234014
        },
        "2002-02": {
            "month": "2002-02",
            "price": "27.58",
            "revenue": 215013
        },
        "2002-03": {
            "month": "2002-03",
            "price": "30.45",
            "revenue": 223312
        },
        "2002-04": {
            "month": "2002-04",
            "price": "30.78",
            "revenue": 239218
        },
        "2002-05": {
            "month": "2002-05",
            "price": "25.95",
            "revenue": 262297
        },
        "2002-06": {
            "month": "2002-06",
            "price": "25.80",
            "revenue": 275081
        },
        "2002-07": {
            "month": "2002-07",
            "price": "22.53",
            "revenue": 271731
        },
        "2002-08": {
            "month": "2002-08",
            "price": "20.32",
            "revenue": 252056
        },
        "2002-09": {
            "month": "2002-09",
            "price": "19.02",
            "revenue": 230758
        },
        "2002-10": {
            "month": "2002-10",
            "price": "18.49",
            "revenue": 225351
        },
        "2002-11": {
            "month": "2002-11",
            "price": "19.26",
            "revenue": 215371
        },
        "2002-12": {
            "month": "2002-12",
            "price": "18.26",
            "revenue": 226543
        },
        "2003-01": {
            "month": "2003-01",
            "price": "18.34",
            "revenue": 200563
        },
        "2003-02": {
            "month": "2003-02",
            "price": "17.46",
            "revenue": 209632
        },
        "2003-03": {
            "month": "2003-03",
            "price": "16.79",
            "revenue": 243168
        },
        "2003-04": {
            "month": "2003-04",
            "price": "16.19",
            "revenue": 251231
        },
        "2003-05": {
            "month": "2003-05",
            "price": "15.94",
            "revenue": 261849
        },
        "2003-06": {
            "month": "2003-06",
            "price": "18.47",
            "revenue": 254257
        },
        "2003-07": {
            "month": "2003-07",
            "price": "19.70",
            "revenue": 263781
        },
        "2003-08": {
            "month": "2003-08",
            "price": "18.90",
            "revenue": 237919
        },
        "2003-09": {
            "month": "2003-09",
            "price": "17.97",
            "revenue": 228941
        },
        "2003-10": {
            "month": "2003-10",
            "price": "17.75",
            "revenue": 248186
        },
        "2003-11": {
            "month": "2003-11",
            "price": "18.26",
            "revenue": 220170
        },
        "2003-12": {
            "month": "2003-12",
            "price": "17.51",
            "revenue": 237038
        },
        "2004-01": {
            "month": "2004-01",
            "price": "18.04",
            "revenue": 239855
        },
        "2004-02": {
            "month": "2004-02",
            "price": "19.02",
            "revenue": 235732
        },
        "2004-03": {
            "month": "2004-03",
            "price": "18.56",
            "revenue": 285303
        },
        "2004-04": {
            "month": "2004-04",
            "price": "18.72",
            "revenue": 303284
        },
        "2004-05": {
            "month": "2004-05",
            "price": "17.61",
            "revenue": 268163
        },
        "2004-06": {
            "month": "2004-06",
            "price": "16.87",
            "revenue": 286566
        },
        "2004-07": {
            "month": "2004-07",
            "price": "15.62",
            "revenue": 274452
        },
        "2004-08": {
            "month": "2004-08",
            "price": "15.57",
            "revenue": 273018
        },
        "2004-09": {
            "month": "2004-09",
            "price": "15.43",
            "revenue": 236307
        },
        "2004-10": {
            "month": "2004-10",
            "price": "15.14",
            "revenue": 207387
        },
        "2004-11": {
            "month": "2004-11",
            "price": "15.27",
            "revenue": 237940
        },
        "2004-12": {
            "month": "2004-12",
            "price": "15.42",
            "revenue": 236985
        },
        "2005-01": {
            "month": "2005-01",
            "price": "15.75",
            "revenue": 203890
        },
        "2005-02": {
            "month": "2005-02",
            "price": "16.02",
            "revenue": 218662
        },
        "2005-03": {
            "month": "2005-03",
            "price": "15.82",
            "revenue": 234252
        },
        "2005-04": {
            "month": "2005-04",
            "price": "14.53",
            "revenue": 227436
        },
        "2005-05": {
            "month": "2005-05",
            "price": "13.95",
            "revenue": 248072
        },
        "2005-06": {
            "month": "2005-06",
            "price": "14.90",
            "revenue": 271402
        },
        "2005-07": {
            "month": "2005-07",
            "price": "14.56",
            "revenue": 280267
        },
        "2005-08": {
            "month": "2005-08",
            "price": "14.21",
            "revenue": 263673
        },
        "2005-09": {
            "month": "2005-09",
            "price": "14.26",
            "revenue": 238751
        },
        "2005-10": {
            "month": "2005-10",
            "price": "13.53",
            "revenue": 222258
        },
        "2005-11": {
            "month": "2005-11",
            "price": "13.99",
            "revenue": 292891
        },
        "2005-12": {
            "month": "2005-12",
            "price": "14.79",
            "revenue": 269085
        },
        "2006-01": {
            "month": "2006-01",
            "price": "15.80",
            "revenue": 251395
        },
        "2006-02": {
            "month": "2006-02",
            "price": "15.52",
            "revenue": 222173
        },
        "2006-03": {
            "month": "2006-03",
            "price": "15.23",
            "revenue": 264991
        },
        "2006-04": {
            "month": "2006-04",
            "price": "16.47",
            "revenue": 306577
        },
        "2006-05": {
            "month": "2006-05",
            "price": "21.24",
            "revenue": 302682
        },
        "2006-06": {
            "month": "2006-06",
            "price": "19.12",
            "revenue": 282584
        },
        "2006-07": {
            "month": "2006-07",
            "price": "18.25",
            "revenue": 270360
        },
        "2006-08": {
            "month": "2006-08",
            "price": "18.75",
            "revenue": 274502
        },
        "2006-09": {
            "month": "2006-09",
            "price": "17.40",
            "revenue": 237826
        },
        "2006-10": {
            "month": "2006-10",
            "price": "17.61",
            "revenue": 227016
        },
        "2006-11": {
            "month": "2006-11",
            "price": "18.46",
            "revenue": 251192
        },
        "2006-12": {
            "month": "2006-12",
            "price": "19.10",
            "revenue": 228846
        },
        "2007-01": {
            "month": "2007-01",
            "price": "19.30",
            "revenue": 247858
        },
        "2007-02": {
            "month": "2007-02",
            "price": "18.99",
            "revenue": 223552
        },
        "2007-03": {
            "month": "2007-03",
            "price": "19.59",
            "revenue": 225075
        },
        "2007-04": {
            "month": "2007-04",
            "price": "20.28",
            "revenue": 241981
        },
        "2007-05": {
            "month": "2007-05",
            "price": "20.03",
            "revenue": 263001
        },
        "2007-06": {
            "month": "2007-06",
            "price": "21.08",
            "revenue": 221075
        },
        "2007-07": {
            "month": "2007-07",
            "price": "21.15",
            "revenue": 248079
        },
        "2007-08": {
            "month": "2007-08",
            "price": "18.28",
            "revenue": 266461
        },
        "2007-09": {
            "month": "2007-09",
            "price": "18.54",
            "revenue": 254624
        },
        "2007-10": {
            "month": "2007-10",
            "price": "18.91",
            "revenue": 235685
        },
        "2007-11": {
            "month": "2007-11",
            "price": "18.34",
            "revenue": 252803
        },
        "2007-12": {
            "month": "2007-12",
            "price": "17.40",
            "revenue": 271609
        },
        "2008-01": {
            "month": "2008-01",
            "price": "16.95",
            "revenue": 253301
        },
        "2008-02": {
            "month": "2008-02",
            "price": "16.74",
            "revenue": 195963
        },
        "2008-03": {
            "month": "2008-03",
            "price": "17.21",
            "revenue": 205978
        },
        "2008-04": {
            "month": "2008-04",
            "price": "17.86",
            "revenue": 231525
        },
        "2008-05": {
            "month": "2008-05",
            "price": "17.88",
            "revenue": 211030
        },
        "2008-06": {
            "month": "2008-06",
            "price": "17.09",
            "revenue": 228781
        },
        "2008-07": {
            "month": "2008-07",
            "price": "14.66",
            "revenue": 223699
        },
        "2008-08": {
            "month": "2008-08",
            "price": "14.55",
            "revenue": 218127
        },
        "2008-09": {
            "month": "2008-09",
            "price": "12.77",
            "revenue": 198582
        },
        "2008-10": {
            "month": "2008-10",
            "price": "11.61",
            "revenue": 190698
        },
        "2008-11": {
            "month": "2008-11",
            "price": "8.16",
            "revenue": 182576
        },
        "2008-12": {
            "month": "2008-12",
            "price": "7.59",
            "revenue": 148757
        },
        "2009-01": {
            "month": "2009-01",
            "price": "8.01",
            "revenue": 129753
        },
        "2009-02": {
            "month": "2009-02",
            "price": "8.15",
            "revenue": 138283
        },
        "2009-03": {
            "month": "2009-03",
            "price": "9.44",
            "revenue": 176961
        },
        "2009-04": {
            "month": "2009-04",
            "price": "11.14",
            "revenue": 173758
        },
        "2009-05": {
            "month": "2009-05",
            "price": "11.82",
            "revenue": 177154
        },
        "2009-06": {
            "month": "2009-06",
            "price": "11.85",
            "revenue": 192818
        },
        "2009-07": {
            "month": "2009-07",
            "price": "11.27",
            "revenue": 175257
        },
        "2009-08": {
            "month": "2009-08",
            "price": "11.42",
            "revenue": 173697
        },
        "2009-09": {
            "month": "2009-09",
            "price": "11.52",
            "revenue": 171031
        },
        "2009-10": {
            "month": "2009-10",
            "price": "11.52",
            "revenue": 200572
        },
        "2009-11": {
            "month": "2009-11",
            "price": "11.75",
            "revenue": 184612
        },
        "2009-12": {
            "month": "2009-12",
            "price": "13.18",
            "revenue": 180216
        },
        "2010-01": {
            "month": "2010-01",
            "price": "13.22",
            "revenue": 173254
        },
        "2010-02": {
            "month": "2010-02",
            "price": "11.45",
            "revenue": 181624
        },
        "2010-03": {
            "month": "2010-03",
            "price": "12.50",
            "revenue": 181498
        },
        "2010-04": {
            "month": "2010-04",
            "price": "12.93",
            "revenue": 182291
        },
        "2010-05": {
            "month": "2010-05",
            "price": "11.54",
            "revenue": 194409
        },
        "2010-06": {
            "month": "2010-06",
            "price": "11.36",
            "revenue": 196873
        },
        "2010-07": {
            "month": "2010-07",
            "price": "11.53",
            "revenue": 200358
        },
        "2010-08": {
            "month": "2010-08",
            "price": "11.98",
            "revenue": 187946
        },
        "2010-09": {
            "month": "2010-09",
            "price": "12.16",
            "revenue": 170986
        },
        "2010-10": {
            "month": "2010-10",
            "price": "12.90",
            "revenue": 166818
        },
        "2010-11": {
            "month": "2010-11",
            "price": "12.42",
            "revenue": 161708
        },
        "2010-12": {
            "month": "2010-12",
            "price": "12.80",
            "revenue": 158707
        },
        "2011-01": {
            "month": "2011-01",
            "price": "12.92",
            "revenue": 161232
        },
        "2011-02": {
            "month": "2011-02",
            "price": "12.36",
            "revenue": 126127
        },
        "2011-03": {
            "month": "2011-03",
            "price": "12.13",
            "revenue": 152165
        },
        "2011-04": {
            "month": "2011-04",
            "price": "12.31",
            "revenue": 164369
        },
        "2011-05": {
            "month": "2011-05",
            "price": "12.14",
            "revenue": 178470
        },
        "2011-06": {
            "month": "2011-06",
            "price": "12.07",
            "revenue": 153513
        },
        "2011-07": {
            "month": "2011-07",
            "price": "11.35",
            "revenue": 136301
        },
        "2011-08": {
            "month": "2011-08",
            "price": "10.25",
            "revenue": 157472
        },
        "2011-09": {
            "month": "2011-09",
            "price": "10.39",
            "revenue": 140663
        },
        "2011-10": {
            "month": "2011-10",
            "price": "10.60",
            "revenue": 155154
        },
        "2011-11": {
            "month": "2011-11",
            "price": "10.44",
            "revenue": 153969
        },
        "2011-12": {
            "month": "2011-12",
            "price": "10.31",
            "revenue": 140671
        },
        "2012-01": {
            "month": "2012-01",
            "price": "10.59",
            "revenue": 129797
        },
        "2012-02": {
            "month": "2012-02",
            "price": "11.27",
            "revenue": 124664
        },
        "2012-03": {
            "month": "2012-03",
            "price": "11.20",
            "revenue": 153422
        },
        "2012-04": {
            "month": "2012-04",
            "price": "11.26",
            "revenue": 137396
        },
        "2012-05": {
            "month": "2012-05",
            "price": "11.07",
            "revenue": 147586
        },
        "2012-06": {
            "month": "2012-06",
            "price": "10.98",
            "revenue": 148522
        },
        "2012-07": {
            "month": "2012-07",
            "price": "10.98",
            "revenue": 143587
        },
        "2012-08": {
            "month": "2012-08",
            "price": "10.48",
            "revenue": 149371
        },
        "2012-09": {
            "month": "2012-09",
            "price": "10.18",
            "revenue": 117953
        },
        "2012-10": {
            "month": "2012-10",
            "price": "9.86",
            "revenue": 138283
        },
        "2012-11": {
            "month": "2012-11",
            "price": "9.72",
            "revenue": 140005
        },
        "2012-12": {
            "month": "2012-12",
            "price": "10.08",
            "revenue": 132473
        },
        "2013-01": {
            "month": "2013-01",
            "price": "10.35",
            "revenue": 181589
        },
        "2013-02": {
            "month": "2013-02",
            "price": "10.30",
            "revenue": 137179
        },
        "2013-03": {
            "month": "2013-03",
            "price": "10.30",
            "revenue": 155622
        },
        "2013-04": {
            "month": "2013-04",
            "price": "10.18",
            "revenue": 154906
        },
        "2013-05": {
            "month": "2013-05",
            "price": "10.32",
            "revenue": 153435
        },
        "2013-06": {
            "month": "2013-06",
            "price": "10.08",
            "revenue": 146955
        },
        "2013-07": {
            "month": "2013-07",
            "price": "9.95",
            "revenue": 148364
        },
        "2013-08": {
            "month": "2013-08",
            "price": "9.68",
            "revenue": 139358
        },
        "2013-09": {
            "month": "2013-09",
            "price": "9.56",
            "revenue": 124264
        },
        "2013-10": {
            "month": "2013-10",
            "price": "9.60",
            "revenue": 143197
        },
        "2013-11": {
            "month": "2013-11",
            "price": "9.33",
            "revenue": 135656
        },
        "2013-12": {
            "month": "2013-12",
            "price": "9.42",
            "revenue": 150011
        },
        "2014-01": {
            "month": "2014-01",
            "price": "9.94",
            "revenue": 148853
        },
        "2014-02": {
            "month": "2014-02",
            "price": "9.97",
            "revenue": 126630
        },
        "2014-03": {
            "month": "2014-03",
            "price": "10.13",
            "revenue": 157064
        },
        "2014-04": {
            "month": "2014-04",
            "price": "10.63",
            "revenue": 154852
        },
        "2014-05": {
            "month": "2014-05",
            "price": "10.61",
            "revenue": 157175
        },
        "2014-06": {
            "month": "2014-06",
            "price": "11.01",
            "revenue": 131746
        },
        "2014-07": {
            "month": "2014-07",
            "price": "10.50",
            "revenue": 145307
        },
        "2014-08": {
            "month": "2014-08",
            "price": "10.07",
            "revenue": 141438
        },
        "2014-09": {
            "month": "2014-09",
            "price": "9.94",
            "revenue": 140970
        },
        "2014-10": {
            "month": "2014-10",
            "price": "9.42",
            "revenue": 160409
        },
        "2014-11": {
            "month": "2014-11",
            "price": "9.33",
            "revenue": 151395
        },
        "2014-12": {
            "month": "2014-12",
            "price": "9.82",
            "revenue": 129405
        },
        "2015-01": {
            "month": "2015-01",
            "price": "10.02",
            "revenue": 148274
        },
        "2015-02": {
            "month": "2015-02",
            "price": "9.94",
            "revenue": 137941
        },
        "2015-03": {
            "month": "2015-03",
            "price": "10.00",
            "revenue": 143362
        },
        "2015-04": {
            "month": "2015-04",
            "price": "10.00",
            "revenue": 102229
        },
        "2015-05": {
            "month": "2015-05",
            "price": "9.75",
            "revenue": 151074
        },
        "2015-06": {
            "month": "2015-06",
            "price": "9.12",
            "revenue": 133694
        },
        "2015-07": {
            "month": "2015-07",
            "price": "8.52",
            "revenue": 73089
        },
        "2015-08": {
            "month": "2015-08",
            "price": "7.16",
            "revenue": 135715
        },
        "2015-09": {
            "month": "2015-09",
            "price": "7.87",
            "revenue": 101272
        },
        "2015-10": {
            "month": "2015-10",
            "price": "8.22",
            "revenue": 105302
        },
        "2015-11": {
            "month": "2015-11",
            "price": "7.77",
            "revenue": 135808
        },
        "2015-12": {
            "month": "2015-12",
            "price": "8.00",
            "revenue": 115955
        },
        "2016-01": {
            "month": "2016-01",
            "price": "9.08",
            "revenue": 104622
        },
        "2016-02": {
            "month": "2016-02",
            "price": "9.49",
            "revenue": 101515
        },
        "2016-03": {
            "month": "2016-03",
            "price": "9.55",
            "revenue": 96351
        },
        "2016-04": {
            "month": "2016-04",
            "price": "9.30",
            "revenue": 93831
        },
        "2016-05": {
            "month": "2016-05",
            "price": "8.51",
            "revenue": 104510
        },
        "2016-06": {
            "month": "2016-06",
            "price": "8.43",
            "revenue": 111358
        },
        "2016-07": {
            "month": "2016-07",
            "price": "8.66",
            "revenue": 104710
        },
        "2016-08": {
            "month": "2016-08",
            "price": "8.43",
            "revenue": 102050
        },
        "2016-09": {
            "month": "2016-09",
            "price": "8.16",
            "revenue": 96730
        },
        "2016-10": {
            "month": "2016-10",
            "price": "8.32",
            "revenue": 89212
        },
        "2016-11": {
            "month": "2016-11",
            "price": "8.14",
            "revenue": 90014
        },
        "2016-12": {
            "month": "2016-12",
            "price": "8.59",
            "revenue": 101247
        },
        "2017-01": {
            "month": "2017-01",
            "price": "8.91",
            "revenue": 107205
        },
        "2017-02": {
            "month": "2017-02",
            "price": "10.38",
            "revenue": 85550
        },
        "2017-03": {
            "month": "2017-03",
            "price": "13.66",
            "revenue": 97834
        },
        "2017-04": {
            "month": "2017-04",
            "price": "15.07",
            "revenue": 98805
        },
        "2017-05": {
            "month": "2017-05",
            "price": "16.72",
            "revenue": 108422
        },
        "2017-06": {
            "month": "2017-06",
            "price": "17.23",
            "revenue": 103847
        },
        "2017-07": {
            "month": "2017-07",
            "price": "16.40",
            "revenue": 113757
        },
        "2017-08": {
            "month": "2017-08",
            "price": "18.27",
            "revenue": 114542
        },
        "2017-09": {
            "month": "2017-09",
            "price": "17.15",
            "revenue": 99637
        },
        "2017-10": {
            "month": "2017-10",
            "price": "19.13",
            "revenue": 186162
        },
        "2017-11": {
            "month": "2017-11",
            "price": "18.80",
            "revenue": 178719
        },
        "2017-12": {
            "month": "2017-12",
            "price": "17.90",
            "revenue": 134345
        },
        "2018-01": {
            "month": "2018-01",
            "price": "20.06",
            "revenue": 212756
        },
        "2018-02": {
            "month": "2018-02",
            "price": "17.73",
            "revenue": 158588
        },
        "2018-03": {
            "month": "2018-03",
            "price": "18.76",
            "revenue": 246534
        },
        "2018-04": {
            "month": "2018-04",
            "price": "17.28",
            "revenue": 253232
        },
        "2018-05": {
            "month": "2018-05",
            "price": "22.55",
            "revenue": 260070
        },
        "2018-06": {
            "month": "2018-06",
            "price": "30.84",
            "revenue": 243118
        },
        "2018-07": {
            "month": "2018-07",
            "price": "31.12",
            "revenue": 296954
        },
        "2018-08": {
            "month": "2018-08",
            "price": "32.75",
            "revenue": 268108
        },
        "2018-09": {
            "month": "2018-09",
            "price": "28.12",
            "revenue": 227123
        },
        "2018-10": {
            "month": "2018-10",
            "price": "22.53",
            "revenue": 245319
        },
        "2018-11": {
            "month": "2018-11",
            "price": "20.51",
            "revenue": 242151
        },
        "2018-12": {
            "month": "2018-12",
            "price": "19.48",
            "revenue": 228876
        },
        "2019-01": {
            "month": "2019-01",
            "price": "19.25",
            "revenue": 248830
        },
        "2019-02": {
            "month": "2019-02",
            "price": "23.28",
            "revenue": 229533
        },
        "2019-03": {
            "month": "2019-03",
            "price": "25.94",
            "revenue": 232891
        },
        "2019-04": {
            "month": "2019-04",
            "price": "27.03",
            "revenue": 259069
        },
        "2019-05": {
            "month": "2019-05",
            "price": "23.91",
            "revenue": 234840
        },
        "2019-06": {
            "month": "2019-06",
            "price": "22.81",
            "revenue": 233354
        },
        "2019-07": {
            "month": "2019-07",
            "price": "24.65",
            "revenue": 360091
        },
        "2019-08": {
            "month": "2019-08",
            "price": "26.06",
            "revenue": 340611
        },
        "2019-09": {
            "month": "2019-09",
            "price": "31.17",
            "revenue": 306551
        },
        "2019-10": {
            "month": "2019-10",
            "price": "32.10",
            "revenue": 344488
        },
        "2019-11": {
            "month": "2019-11",
            "price": "30.91",
            "revenue": 355800
        },
        "2019-12": {
            "month": "2019-12",
            "price": "34.12",
            "revenue": 322622
        },
        "2020-01": {
            "month": "2020-01",
            "price": "32.90",
            "revenue": 301560
        },
        "2020-02": {
            "month": "2020-02",
            "price": "30.45",
            "revenue": 406426
        },
        "2020-03": {
            "month": "2020-03",
            "price": "25.48",
            "revenue": 397882
        },
        "2020-04": {
            "month": "2020-04",
            "price": "27.46",
            "revenue": 354049
        },
        "2020-05": {
            "month": "2020-05",
            "price": "28.65",
            "revenue": 356997
        },
        "2020-06": {
            "month": "2020-06",
            "price": "26.86",
            "revenue": 387628
        },
        "2020-07": {
            "month": "2020-07",
            "price": "28.45",
            "revenue": 397967
        },
        "2020-08": {
            "month": "2020-08",
            "price": "29.34",
            "revenue": 360231
        },
        "2020-09": {
            "month": "2020-09",
            "price": "29.06",
            "revenue": 393251
        },
        "2020-10": {
            "month": "2020-10",
            "price": "29.07",
            "revenue": 421426
        },
        "2020-11": {
            "month": "2020-11",
            "price": "32.01",
            "revenue": 460643
        },
        "2020-12": {
            "month": "2020-12",
            "price": "40.53",
            "revenue": 428695
        },
        "2021-01": {
            "month": "2021-01",
            "price": "40.97",
            "revenue": 450154
        },
        "2021-02": {
            "month": "2021-02",
            "price": "45.55",
            "revenue": 402900
        },
        "2021-03": {
            "month": "2021-03",
            "price": "56.08",
            "revenue": 423009
        },
        "2021-04": {
            "month": "2021-04",
            "price": "83.77",
            "revenue": 479967
        },
        "2021-05": {
            "month": "2021-05",
            "price": "74.98",
            "revenue": 492410
        },
        "2021-06": {
            "month": "2021-06",
            "price": "84.87",
            "revenue": 519735
        },
        "2021-07": {
            "month": "2021-07",
            "price": "93.93",
            "revenue": 514829
        },
        "2021-08": {
            "month": "2021-08",
            "price": "84.69",
            "revenue": 538507
        },
        "2021-09": {
            "month": "2021-09",
            "price": "82.98",
            "revenue": 557073
        },
        "2021-10": {
            "month": "2021-10",
            "price": "77.47",
            "revenue": 558406
        },
        "2021-11": {
            "month": "2021-11",
            "price": "97.13",
            "revenue": 612729
        },
        "2021-12": {
            "month": "2021-12",
            "price": "102.64",
            "revenue": 527643
        },
        "2022-01": {
            "month": "2022-01",
            "price": "100.46",
            "revenue": 555509
        },
        "2022-02": {
            "month": "2022-02",
            "price": "101.13",
            "revenue": 544680
        },
        "2022-03": {
            "month": "2022-03",
            "price": "93.40",
            "revenue": 607303
        },
        "2022-04": {
            "month": "2022-04",
            "price": "84.63",
            "revenue": 698173
        },
        "2022-05": {
            "month": "2022-05",
            "price": "82.21",
            "revenue": 629776
        },
        "2022-06": {
            "month": "2022-06",
            "price": "86.99",
            "revenue": 666372
        },
        "2022-07": {
            "month": "2022-07",
            "price": "70.85",
            "revenue": 670978
        },
        "2022-08": {
            "month": "2022-08",
            "price": "75.20",
            "revenue": 697223
        },
        "2022-09": {
            "month": "2022-09",
            "price": "70.07",
            "revenue": 700130
        },
        "2022-10": {
            "month": "2022-10",
            "price": "56.14",
            "revenue": 677168
        },
        "2022-11": {
            "month": "2022-11",
            "price": "70.72",
            "revenue": 693881
        },
        "2022-12": {
            "month": "2022-12",
            "price": "89.68",
            "revenue": 599925
        },
        "2023-01": {
            "month": "2023-01",
            "price": "89.04",
            "revenue": 469291
        },
        "2023-02": {
            "month": "2023-02",
            "price": "86.63",
            "revenue": 544997
        },
        "2023-03": {
            "month": "2023-03",
            "price": "88.98",
            "revenue": 549302
        },
        "2023-04": {
            "month": "2023-04",
            "price": "86.01",
            "revenue": 568659
        },
        "2023-05": {
            "month": "2023-05",
            "price": "79.73",
            "revenue": 631089
        },
        "2023-06": {
            "month": "2023-06",
            "price": "80.71",
            "revenue": 600143
        },
        "2023-07": {
            "month": "2023-07",
            "price": "79.09",
            "revenue": 619451
        },
        "2023-08": {
            "month": "2023-08",
            "price": "69.77",
            "revenue": 580365
        },
        "2023-09": {
            "month": "2023-09",
            "price": "68.46",
            "revenue": 755201
        },
        "2023-10": {
            "month": "2023-10",
            "price": "69.78",
            "revenue": 612830
        },
        "2023-11": {
            "month": "2023-11",
            "price": "69.07",
            "revenue": 623159
        },
        "2023-12": {
            "month": "2023-12",
            "price": "71.24",
            "revenue": 645448
        }
    }
}
