{
    "summary": {
        "stock_name": "台亞",
        "stock_id": "2340",
        "category": "半導體",
        "main_business": "有關光電半導體元件製造與銷售<br>有關半導體電子元件製造與銷售<br>以上各項目及其系統產品之研發設計製造銷售推廣及售後服務。",
        "website_url": "https://www.tascsemi.com/default.aspx",
        "ceo": "衣冠君",
        "pe_ratio": 65,
        "report_year_from": 2001,
        "report_year_to": 2023,
        "age": 22,
        "eps_negative_percentage": 17,
        "eps_growth_avg": {
            "last_all": -3.87,
            "last_2y": -6.23,
            "last_4y": -1.46,
            "last_8y": 7.04,
            "last_12y": 9.76,
            "last_16y": 1.98,
            "last_20y": -3.87,
            "at_2006_last_3y": -100,
            "at_2007_last_3y": null,
            "at_2008_last_3y": -58.39,
            "at_2009_last_3y": -48.6,
            "at_2010_last_3y": 0.94,
            "at_2011_last_3y": -8.16,
            "at_2012_last_3y": 0.04,
            "at_2013_last_3y": 15.89,
            "at_2014_last_3y": -0.23,
            "at_2015_last_3y": 9.11,
            "at_2016_last_3y": 27.66,
            "at_2017_last_3y": 17.66,
            "at_2018_last_3y": 11.62,
            "at_2019_last_3y": 11.14,
            "at_2020_last_3y": 0.02,
            "at_2021_last_3y": 13.5,
            "at_2022_last_3y": -4.67,
            "at_2023_last_3y": -4.67,
            "at_2006_last_all": -47.73,
            "at_2007_last_all": -47.73,
            "at_2008_last_all": -51.28,
            "at_2009_last_all": -48.16,
            "at_2010_last_all": -18.53,
            "at_2011_last_all": -21.35,
            "at_2012_last_all": -21.96,
            "at_2013_last_all": -16.14,
            "at_2014_last_all": -10.4,
            "at_2015_last_all": -9.16,
            "at_2016_last_all": -3.91,
            "at_2017_last_all": -4.87,
            "at_2018_last_all": -3.62,
            "at_2019_last_all": -3.36,
            "at_2020_last_all": -2.87,
            "at_2021_last_all": -0.28,
            "at_2022_last_all": -3.87,
            "at_2023_last_all": -3.87
        },
        "latest_eps": 0.68,
        "latest_price": 44.3,
        "latest_roe": 3.23,
        "latest_gross_margin": 18.87,
        "latest_equity": 8608617,
        "latest_revenue": 831888,
        "latest_gross_profit": 156990,
        "latest_net_income": 69960,
        "latest_debt_ratio": 19.44,
        "latest_current_ratio": 379.48,
        "latest_account_receivable_turnover_ratio": 1.06,
        "latest_inventory_turnover_ratio": 0.55,
        "latest_reinvestment_rate": -21.47,
        "latest_research_to_sale_ratio": 5.29
    },
    "eps_dividends": {
        "1993": {
            "cash": 0,
            "stock": 2,
            "eps": 0
        },
        "1994": {
            "cash": 0,
            "stock": 3,
            "eps": 0
        },
        "1995": {
            "cash": 0,
            "stock": 2.5,
            "eps": 0
        },
        "1996": {
            "cash": 0,
            "stock": 1,
            "eps": 0
        },
        "1997": {
            "cash": 0,
            "stock": 2.5,
            "eps": 0
        },
        "1998": {
            "cash": 0,
            "stock": 3.5,
            "eps": 0
        },
        "1999": {
            "cash": 0,
            "stock": 3,
            "eps": 0
        },
        "2000": {
            "cash": 0,
            "stock": 2,
            "eps": 0
        },
        "2001": {
            "cash": 0,
            "stock": 2.5,
            "eps": 0.22
        },
        "2002": {
            "cash": 0,
            "stock": 0,
            "eps": 0.23
        },
        "2003": {
            "cash": 0,
            "stock": 0,
            "eps": -1.88
        },
        "2004": {
            "cash": 0,
            "stock": 0,
            "eps": -1.75
        },
        "2005": {
            "cash": 0,
            "stock": 0,
            "eps": -1.92
        },
        "2006": {
            "cash": 0,
            "stock": 0,
            "eps": -1.39
        },
        "2007": {
            "cash": 0,
            "stock": 0,
            "eps": 1.61
        },
        "2008": {
            "cash": 1,
            "stock": 0,
            "eps": 0.67
        },
        "2009": {
            "cash": 0.25,
            "stock": 0,
            "eps": 0.41
        },
        "2010": {
            "cash": 0.25,
            "stock": 0,
            "eps": 1.27
        },
        "2011": {
            "cash": 1.6,
            "stock": 0,
            "eps": 0.82
        },
        "2012": {
            "cash": 0,
            "stock": 0,
            "eps": 0.61
        },
        "2013": {
            "cash": 0.45,
            "stock": 0,
            "eps": 0.76
        },
        "2014": {
            "cash": 0.6,
            "stock": 0,
            "eps": 1.03
        },
        "2015": {
            "cash": 0.75,
            "stock": 0,
            "eps": 1.05
        },
        "2016": {
            "cash": 1,
            "stock": 0,
            "eps": 1.56
        },
        "2017": {
            "cash": 1.2,
            "stock": 0,
            "eps": 1.32
        },
        "2018": {
            "cash": 1.35,
            "stock": 0,
            "eps": 1.47
        },
        "2019": {
            "cash": 0.5,
            "stock": 0,
            "eps": 1.47
        },
        "2020": {
            "cash": 0,
            "stock": 0,
            "eps": 1.53
        },
        "2021": {
            "cash": 1.39,
            "stock": 0,
            "eps": 2.12
        },
        "2022": {
            "cash": 3,
            "stock": 0,
            "eps": 0.82
        },
        "2023": {
            "cash": 1,
            "stock": 0,
            "eps": 0.16
        }
    },
    "dividends": {
        "1993-06-22": {
            "cash": 0,
            "stock": 2
        },
        "1994-05-10": {
            "cash": 0,
            "stock": 3
        },
        "1995-03-31": {
            "cash": 0,
            "stock": 2.5
        },
        "1996-06-24": {
            "cash": 0,
            "stock": 1
        },
        "1997-05-02": {
            "cash": 0,
            "stock": 2.5
        },
        "1998-04-24": {
            "cash": 0,
            "stock": 3.5
        },
        "1999-05-19": {
            "cash": 0,
            "stock": 3
        },
        "2000-05-30": {
            "cash": 0,
            "stock": 2
        },
        "2001-05-23": {
            "cash": 0,
            "stock": 2.5
        },
        "2008-04-25": {
            "cash": 1,
            "stock": 0
        },
        "2009-04-28": {
            "cash": 0.25,
            "stock": 0
        },
        "2010-04-21": {
            "cash": 0.25,
            "stock": 0
        },
        "2011-01-01": {
            "cash": 0.6,
            "stock": 0
        },
        "2011-06-17": {
            "cash": 1,
            "stock": 0
        },
        "2013-03-25": {
            "cash": 0.45,
            "stock": 0
        },
        "2014-08-20": {
            "cash": 0.6,
            "stock": 0
        },
        "2015-08-28": {
            "cash": 0.75,
            "stock": 0
        },
        "2016-08-10": {
            "cash": 1,
            "stock": 0
        },
        "2017-08-18": {
            "cash": 1.2,
            "stock": 0
        },
        "2018-08-15": {
            "cash": 1.35,
            "stock": 0
        },
        "2019-07-24": {
            "cash": 0.5,
            "stock": 0
        },
        "2021-07-20": {
            "cash": 1.39,
            "stock": 0
        },
        "2022-08-17": {
            "cash": 3,
            "stock": 0
        },
        "2023-05-05": {
            "cash": 1,
            "stock": 0
        }
    },
    "prices": {
        "200101": "20.81",
        "200102": "26.84",
        "200103": "29.20",
        "200104": "31.48",
        "200105": "24.18",
        "200106": "24.12",
        "200107": "18.76",
        "200108": "16.10",
        "200109": "11.07",
        "200110": "10.57",
        "200111": "13.35",
        "200112": "15.85",
        "200201": "17.70",
        "200202": "23.39",
        "200203": "25.62",
        "200204": "26.64",
        "200205": "20.64",
        "200206": "18.24",
        "200207": "16.22",
        "200208": "17.90",
        "200209": "15.91",
        "200210": "13.40",
        "200211": "14.62",
        "200212": "14.02",
        "200301": "12.88",
        "200302": "12.02",
        "200303": "10.67",
        "200304": "10.86",
        "200305": "10.26",
        "200306": "13.12",
        "200307": "12.85",
        "200308": "10.45",
        "200309": "10.45",
        "200310": "10.97",
        "200311": "10.39",
        "200312": "9.74",
        "200401": "10.27",
        "200402": "12.73",
        "200403": "12.23",
        "200404": "12.06",
        "200405": "10.14",
        "200406": "9.09",
        "200407": "7.46",
        "200408": "8.22",
        "200409": "8.09",
        "200410": "8.06",
        "200411": "6.94",
        "200412": "5.63",
        "200501": "4.96",
        "200502": "5.91",
        "200503": "5.97",
        "200504": "5.29",
        "200505": "6.14",
        "200506": "8.24",
        "200507": "11.36",
        "200508": "9.84",
        "200509": "9.42",
        "200510": "9.30",
        "200511": "10.44",
        "200512": "10.50",
        "200601": "12.34",
        "200602": "11.44",
        "200603": "11.63",
        "200604": "15.20",
        "200605": "17.71",
        "200606": "14.95",
        "200607": "14.40",
        "200608": "13.67",
        "200609": "13.52",
        "200610": "12.85",
        "200611": "15.57",
        "200612": "19.23",
        "200701": "20.17",
        "200702": "20.43",
        "200703": "22.12",
        "200704": "25.89",
        "200705": "25.05",
        "200706": "28.35",
        "200707": "29.54",
        "200708": "29.07",
        "200709": "28.69",
        "200710": "35.52",
        "200711": "31.28",
        "200712": "29.68",
        "200801": "25.82",
        "200802": "23.39",
        "200803": "26.56",
        "200804": "28.00",
        "200805": "31.60",
        "200806": "29.04",
        "200807": "26.01",
        "200808": "23.93",
        "200809": "14.96",
        "200810": "12.14",
        "200811": "8.63",
        "200812": "9.37",
        "200901": "11.01",
        "200902": "13.86",
        "200903": "16.86",
        "200904": "19.13",
        "200905": "23.71",
        "200906": "27.01",
        "200907": "28.83",
        "200908": "25.63",
        "200909": "26.66",
        "200910": "27.04",
        "200911": "26.62",
        "200912": "28.50",
        "201001": "28.45",
        "201002": "24.30",
        "201003": "25.90",
        "201004": "26.38",
        "201005": "23.69",
        "201006": "23.45",
        "201007": "22.80",
        "201008": "22.47",
        "201009": "22.48",
        "201010": "22.20",
        "201011": "20.16",
        "201012": "20.92",
        "201101": "21.58",
        "201102": "20.69",
        "201103": "20.80",
        "201104": "20.60",
        "201105": "18.57",
        "201106": "18.41",
        "201107": "15.87",
        "201108": "11.96",
        "201109": "11.82",
        "201110": "12.71",
        "201111": "12.01",
        "201112": "10.92",
        "201201": "11.20",
        "201202": "14.58",
        "201203": "14.32",
        "201204": "13.98",
        "201205": "13.13",
        "201206": "12.34",
        "201207": "11.67",
        "201208": "11.78",
        "201209": "12.66",
        "201210": "11.88",
        "201211": "11.22",
        "201212": "11.93",
        "201301": "12.05",
        "201302": "11.92",
        "201303": "12.48",
        "201304": "11.78",
        "201305": "12.35",
        "201306": "11.90",
        "201307": "11.47",
        "201308": "11.19",
        "201309": "11.40",
        "201310": "12.50",
        "201311": "11.50",
        "201312": "12.20",
        "201401": "14.74",
        "201402": "15.37",
        "201403": "16.46",
        "201404": "15.26",
        "201405": "14.70",
        "201406": "14.89",
        "201407": "15.65",
        "201408": "14.85",
        "201409": "14.84",
        "201410": "12.98",
        "201411": "12.58",
        "201412": "12.88",
        "201501": "13.29",
        "201502": "13.20",
        "201503": "13.55",
        "201504": "13.84",
        "201505": "13.21",
        "201506": "11.88",
        "201507": "10.88",
        "201508": "8.89",
        "201509": "9.54",
        "201510": "10.41",
        "201511": "10.43",
        "201512": "9.76",
        "201601": "9.65",
        "201602": "10.05",
        "201603": "10.84",
        "201604": "11.29",
        "201605": "10.84",
        "201606": "11.58",
        "201607": "12.32",
        "201608": "13.12",
        "201609": "13.49",
        "201610": "13.09",
        "201611": "13.25",
        "201612": "14.23",
        "201701": "13.97",
        "201702": "15.75",
        "201703": "16.98",
        "201704": "17.71",
        "201705": "18.12",
        "201706": "17.91",
        "201707": "17.30",
        "201708": "15.80",
        "201709": "19.03",
        "201710": "20.28",
        "201711": "21.83",
        "201712": "21.67",
        "201801": "22.60",
        "201802": "22.51",
        "201803": "23.08",
        "201804": "22.67",
        "201805": "22.51",
        "201806": "29.24",
        "201807": "26.57",
        "201808": "23.48",
        "201809": "21.77",
        "201810": "17.75",
        "201811": "17.07",
        "201812": "18.04",
        "201901": "18.20",
        "201902": "19.88",
        "201903": "22.55",
        "201904": "23.90",
        "201905": "21.18",
        "201906": "20.85",
        "201907": "23.02",
        "201908": "22.36",
        "201909": "24.53",
        "201910": "25.17",
        "201911": "25.12",
        "201912": "26.29",
        "202001": "24.56",
        "202002": "23.10",
        "202003": "18.75",
        "202004": "20.14",
        "202005": "21.41",
        "202006": "20.87",
        "202007": "20.04",
        "202008": "20.65",
        "202009": "23.36",
        "202010": "23.67",
        "202011": "25.19",
        "202012": "25.85",
        "202101": "24.62",
        "202102": "25.67",
        "202103": "26.03",
        "202104": "28.40",
        "202105": "25.45",
        "202106": "26.15",
        "202107": "31.46",
        "202108": "32.92",
        "202109": "34.43",
        "202110": "33.99",
        "202111": "49.75",
        "202112": "63.60",
        "202201": "63.62",
        "202202": "57.38",
        "202203": "51.18",
        "202204": "45.44",
        "202205": "42.95",
        "202206": "48.10",
        "202207": "41.27",
        "202208": "39.96",
        "202209": "35.98",
        "202210": "32.18",
        "202211": "35.54",
        "202212": "36.00",
        "202301": "35.05",
        "202302": "37.54",
        "202303": "38.02",
        "202304": "37.30",
        "202305": "35.43",
        "202306": "38.31"
    },
    "quarters": {
        "20011": {
            "year_quarter": 20011,
            "year": 2001,
            "quarter": 1,
            "eps": 0.26,
            "eps_growth_year": -33.33,
            "eps_4q": 1.87,
            "eps_4q_growth_year": 73.5,
            "roe": 1.44,
            "roe_4q": 1.44,
            "gross_profit": 186074,
            "gross_margin": 23.35,
            "gross_margin_4q_avg": 23.35,
            "net_income": 87633,
            "revenue": 796958,
            "common_shares": 3390048,
            "book_valuer_per_share": 18.12,
            "book_valuer_per_share_4q_avg": 18.12,
            "equity": 6142791,
            "current_ratio": 243.22,
            "debt_ratio": 26.95,
            "inventory_turnover_ratio": 0.46,
            "account_receivable_turnover_ratio": null,
            "reinvestment_rate": null,
            "research_to_sale_ratio": null,
            "price_fair": 0,
            "eps_avg_yearly": 0,
            "eps_latest_yearly": 0,
            "eps_growth_yearly": 0
        },
        "20012": {
            "year_quarter": 20012,
            "year": 2001,
            "quarter": 2,
            "eps": 0.02,
            "eps_growth_year": -96.97,
            "eps_4q": 0.89,
            "eps_4q_growth_year": -32.95,
            "roe": 0.15,
            "roe_4q": 1.5899999999999999,
            "gross_profit": 161662,
            "gross_margin": 21.5,
            "gross_margin_4q_avg": 22.43,
            "net_income": 9321,
            "revenue": 751945,
            "common_shares": 3390048,
            "book_valuer_per_share": 18.11,
            "book_valuer_per_share_4q_avg": 18.12,
            "equity": 6139820,
            "current_ratio": 166.83,
            "debt_ratio": 30.32,
            "inventory_turnover_ratio": 0.44,
            "account_receivable_turnover_ratio": null,
            "reinvestment_rate": null,
            "research_to_sale_ratio": null,
            "price_fair": 0,
            "eps_avg_yearly": 0,
            "eps_latest_yearly": 0,
            "eps_growth_yearly": 0
        },
        "20013": {
            "year_quarter": 20013,
            "year": 2001,
            "quarter": 3,
            "eps": -0.1,
            "eps_growth_year": -115.15,
            "eps_4q": 0.35,
            "eps_4q_growth_year": -80.41,
            "roe": -0.72,
            "roe_4q": 0.87,
            "gross_profit": 160369,
            "gross_margin": 21.93,
            "gross_margin_4q_avg": 22.26,
            "net_income": -44069,
            "revenue": 731272,
            "common_shares": 4282761,
            "book_valuer_per_share": 14.15,
            "book_valuer_per_share_4q_avg": 16.79,
            "equity": 6060399,
            "current_ratio": 203.25,
            "debt_ratio": 37.3,
            "inventory_turnover_ratio": 0.43,
            "account_receivable_turnover_ratio": null,
            "reinvestment_rate": null,
            "research_to_sale_ratio": null,
            "price_fair": 0,
            "eps_avg_yearly": 0,
            "eps_latest_yearly": 0,
            "eps_growth_yearly": 0
        },
        "20014": {
            "year_quarter": 20014,
            "year": 2001,
            "quarter": 4,
            "eps": 0.04,
            "eps_growth_year": -86.21,
            "eps_4q": 0.18,
            "eps_4q_growth_year": -91.03,
            "roe": 0.25,
            "roe_4q": 1.12,
            "gross_profit": 212030,
            "gross_margin": 25.05,
            "gross_margin_4q_avg": 22.96,
            "net_income": 15560,
            "revenue": 846475,
            "common_shares": 4282761,
            "book_valuer_per_share": 13.94,
            "book_valuer_per_share_4q_avg": 16.08,
            "equity": 6219373,
            "current_ratio": 203.49,
            "debt_ratio": 39.5,
            "inventory_turnover_ratio": 0.48,
            "account_receivable_turnover_ratio": null,
            "reinvestment_rate": null,
            "research_to_sale_ratio": null,
            "price_fair": 0,
            "eps_avg_yearly": 0,
            "eps_latest_yearly": 0,
            "eps_growth_yearly": 0
        },
        "20021": {
            "year_quarter": 20021,
            "year": 2002,
            "quarter": 1,
            "eps": 0.06,
            "eps_growth_year": -76.92,
            "eps_4q": 0.01,
            "eps_4q_growth_year": -99.31,
            "roe": 0.4,
            "roe_4q": 0.08000000000000004,
            "gross_profit": 265074,
            "gross_margin": 22.96,
            "gross_margin_4q_avg": 22.86,
            "net_income": 24465,
            "revenue": 1154680,
            "common_shares": 4282761,
            "book_valuer_per_share": 13.97,
            "book_valuer_per_share_4q_avg": 15.04,
            "equity": 5981587,
            "current_ratio": 185.7,
            "debt_ratio": 42.51,
            "inventory_turnover_ratio": 0.67,
            "account_receivable_turnover_ratio": null,
            "reinvestment_rate": null,
            "research_to_sale_ratio": null,
            "price_fair": 8.4,
            "eps_avg_yearly": 0.24,
            "eps_latest_yearly": 0.24,
            "eps_growth_yearly": 200
        },
        "20022": {
            "year_quarter": 20022,
            "year": 2002,
            "quarter": 2,
            "eps": 0.15,
            "eps_growth_year": 650,
            "eps_4q": 0.14,
            "eps_4q_growth_year": -84.26,
            "roe": 1.06,
            "roe_4q": 0.99,
            "gross_profit": 293472,
            "gross_margin": 23.63,
            "gross_margin_4q_avg": 23.39,
            "net_income": 63686,
            "revenue": 1242022,
            "common_shares": 4282761,
            "book_valuer_per_share": 14.11,
            "book_valuer_per_share_4q_avg": 14.04,
            "equity": 6044550,
            "current_ratio": 141.07,
            "debt_ratio": 46.32,
            "inventory_turnover_ratio": 0.7,
            "account_receivable_turnover_ratio": null,
            "reinvestment_rate": null,
            "research_to_sale_ratio": null,
            "price_fair": 14.7,
            "eps_avg_yearly": 0.42,
            "eps_latest_yearly": 0.6,
            "eps_growth_yearly": 400
        },
        "20023": {
            "year_quarter": 20023,
            "year": 2002,
            "quarter": 3,
            "eps": 0.09,
            "eps_growth_year": null,
            "eps_4q": 0.34,
            "eps_4q_growth_year": -2.76,
            "roe": 0.62,
            "roe_4q": 2.33,
            "gross_profit": 261528,
            "gross_margin": 22.3,
            "gross_margin_4q_avg": 23.49,
            "net_income": 37418,
            "revenue": 1172818,
            "common_shares": 4282761,
            "book_valuer_per_share": 14.2,
            "book_valuer_per_share_4q_avg": 14.06,
            "equity": 6082342,
            "current_ratio": 170.94,
            "debt_ratio": 51.34,
            "inventory_turnover_ratio": 0.63,
            "account_receivable_turnover_ratio": null,
            "reinvestment_rate": null,
            "research_to_sale_ratio": null,
            "price_fair": 14,
            "eps_avg_yearly": 0.4,
            "eps_latest_yearly": 0.36,
            "eps_growth_yearly": 213.33
        },
        "20024": {
            "year_quarter": 20024,
            "year": 2002,
            "quarter": 4,
            "eps": -0.07,
            "eps_growth_year": -275,
            "eps_4q": 0.37,
            "eps_4q_growth_year": 108.33,
            "roe": -0.47,
            "roe_4q": 1.6099999999999999,
            "gross_profit": 412123,
            "gross_margin": 31.25,
            "gross_margin_4q_avg": 25.04,
            "net_income": -29116,
            "revenue": 1318979,
            "common_shares": 4301973,
            "book_valuer_per_share": 14.14,
            "book_valuer_per_share_4q_avg": 14.11,
            "equity": 6298541,
            "current_ratio": 210.81,
            "debt_ratio": 49.4,
            "inventory_turnover_ratio": 0.61,
            "account_receivable_turnover_ratio": null,
            "reinvestment_rate": 379.01,
            "research_to_sale_ratio": null,
            "price_fair": 14,
            "eps_avg_yearly": 0.4,
            "eps_latest_yearly": 0.36,
            "eps_growth_yearly": 213.33
        },
        "20031": {
            "year_quarter": 20031,
            "year": 2003,
            "quarter": 1,
            "eps": -0.59,
            "eps_growth_year": -1083.33,
            "eps_4q": -0.42,
            "eps_4q_growth_year": -3335.9,
            "roe": -4.09,
            "roe_4q": -2.8799999999999994,
            "gross_profit": 183862,
            "gross_margin": 18.04,
            "gross_margin_4q_avg": 23.81,
            "net_income": -248075,
            "revenue": 1019421,
            "common_shares": 4301973,
            "book_valuer_per_share": 13.57,
            "book_valuer_per_share_4q_avg": 14.01,
            "equity": 5836085,
            "current_ratio": 154.5,
            "debt_ratio": 52.29,
            "inventory_turnover_ratio": 0.6,
            "account_receivable_turnover_ratio": null,
            "reinvestment_rate": 528.55,
            "research_to_sale_ratio": null,
            "price_fair": 14,
            "eps_avg_yearly": 0.4,
            "eps_latest_yearly": 0.36,
            "eps_growth_yearly": 213.33
        },
        "20032": {
            "year_quarter": 20032,
            "year": 2003,
            "quarter": 2,
            "eps": -0.57,
            "eps_growth_year": -480,
            "eps_4q": -1.11,
            "eps_4q_growth_year": -893.12,
            "roe": -4.19,
            "roe_4q": -8.130000000000003,
            "gross_profit": 178827,
            "gross_margin": 15.26,
            "gross_margin_4q_avg": 21.71,
            "net_income": -239523,
            "revenue": 1171530,
            "common_shares": 4301973,
            "book_valuer_per_share": 13,
            "book_valuer_per_share_4q_avg": 13.73,
            "equity": 5590626,
            "current_ratio": 117.15,
            "debt_ratio": 54.19,
            "inventory_turnover_ratio": 0.75,
            "account_receivable_turnover_ratio": null,
            "reinvestment_rate": 965.5,
            "research_to_sale_ratio": null,
            "price_fair": 14,
            "eps_avg_yearly": 0.4,
            "eps_latest_yearly": 0.36,
            "eps_growth_yearly": 213.33
        },
        "20033": {
            "year_quarter": 20033,
            "year": 2003,
            "quarter": 3,
            "eps": -0.36,
            "eps_growth_year": -500,
            "eps_4q": -1.48,
            "eps_4q_growth_year": -536.37,
            "roe": -2.67,
            "roe_4q": -11.42,
            "gross_profit": 193787,
            "gross_margin": 17.13,
            "gross_margin_4q_avg": 20.42,
            "net_income": -150794,
            "revenue": 1131111,
            "common_shares": 4506366,
            "book_valuer_per_share": 12.63,
            "book_valuer_per_share_4q_avg": 13.34,
            "equity": 5693620,
            "current_ratio": 114.5,
            "debt_ratio": 53.33,
            "inventory_turnover_ratio": 0.7,
            "account_receivable_turnover_ratio": null,
            "reinvestment_rate": 1894.8,
            "research_to_sale_ratio": null,
            "price_fair": 14,
            "eps_avg_yearly": 0.4,
            "eps_latest_yearly": 0.36,
            "eps_growth_yearly": 213.33
        },
        "20034": {
            "year_quarter": 20034,
            "year": 2003,
            "quarter": 4,
            "eps": -0.36,
            "eps_growth_year": null,
            "eps_4q": -1.71,
            "eps_4q_growth_year": -565.65,
            "roe": -2.35,
            "roe_4q": -13.3,
            "gross_profit": 318260,
            "gross_margin": 23.67,
            "gross_margin_4q_avg": 18.53,
            "net_income": -157930,
            "revenue": 1344724,
            "common_shares": 6517730,
            "book_valuer_per_share": 11.62,
            "book_valuer_per_share_4q_avg": 12.71,
            "equity": 7732423,
            "current_ratio": 143.83,
            "debt_ratio": 48.05,
            "inventory_turnover_ratio": 0.69,
            "account_receivable_turnover_ratio": null,
            "reinvestment_rate": 22185,
            "research_to_sale_ratio": null,
            "price_fair": 14,
            "eps_avg_yearly": 0.4,
            "eps_latest_yearly": 0.36,
            "eps_growth_yearly": 213.33
        },
        "20041": {
            "year_quarter": 20041,
            "year": 2004,
            "quarter": 1,
            "eps": -0.33,
            "eps_growth_year": null,
            "eps_4q": -1.19,
            "eps_4q_growth_year": null,
            "roe": -2.79,
            "roe_4q": -12,
            "gross_profit": 118132,
            "gross_margin": 9.73,
            "gross_margin_4q_avg": 16.45,
            "net_income": -210253,
            "revenue": 1213510,
            "common_shares": 6519205,
            "book_valuer_per_share": 11.29,
            "book_valuer_per_share_4q_avg": 12.14,
            "equity": 7357951,
            "current_ratio": 134.97,
            "debt_ratio": 45.93,
            "inventory_turnover_ratio": 0.69,
            "account_receivable_turnover_ratio": null,
            "reinvestment_rate": null,
            "research_to_sale_ratio": null,
            "price_fair": 14,
            "eps_avg_yearly": 0.4,
            "eps_latest_yearly": 0.36,
            "eps_growth_yearly": 213.33
        },
        "20042": {
            "year_quarter": 20042,
            "year": 2004,
            "quarter": 2,
            "eps": -0.32,
            "eps_growth_year": null,
            "eps_4q": -1.11,
            "eps_4q_growth_year": null,
            "roe": -2.87,
            "roe_4q": -10.68,
            "gross_profit": 228486,
            "gross_margin": 16.49,
            "gross_margin_4q_avg": 16.76,
            "net_income": -207310,
            "revenue": 1385913,
            "common_shares": 6519205,
            "book_valuer_per_share": 10.88,
            "book_valuer_per_share_4q_avg": 11.61,
            "equity": 7093141,
            "current_ratio": 142.38,
            "debt_ratio": 48.84,
            "inventory_turnover_ratio": 0.71,
            "account_receivable_turnover_ratio": null,
            "reinvestment_rate": null,
            "research_to_sale_ratio": null,
            "price_fair": 14,
            "eps_avg_yearly": 0.4,
            "eps_latest_yearly": 0.36,
            "eps_growth_yearly": 213.33
        },
        "20043": {
            "year_quarter": 20043,
            "year": 2004,
            "quarter": 3,
            "eps": -0.24,
            "eps_growth_year": null,
            "eps_4q": -1.12,
            "eps_4q_growth_year": null,
            "roe": -2.19,
            "roe_4q": -10.200000000000001,
            "gross_profit": 118734,
            "gross_margin": 8.12,
            "gross_margin_4q_avg": 14.5,
            "net_income": -153159,
            "revenue": 1462984,
            "common_shares": 6519205,
            "book_valuer_per_share": 10.56,
            "book_valuer_per_share_4q_avg": 11.09,
            "equity": 6886318,
            "current_ratio": 102.49,
            "debt_ratio": 51.67,
            "inventory_turnover_ratio": 0.81,
            "account_receivable_turnover_ratio": null,
            "reinvestment_rate": null,
            "research_to_sale_ratio": null,
            "price_fair": 14,
            "eps_avg_yearly": 0.4,
            "eps_latest_yearly": 0.36,
            "eps_growth_yearly": 213.33
        },
        "20044": {
            "year_quarter": 20044,
            "year": 2004,
            "quarter": 4,
            "eps": -0.86,
            "eps_growth_year": null,
            "eps_4q": -1.69,
            "eps_4q_growth_year": null,
            "roe": -8.14,
            "roe_4q": -15.989999999999998,
            "gross_profit": 67590,
            "gross_margin": 6.34,
            "gross_margin_4q_avg": 10.17,
            "net_income": -541849,
            "revenue": 1065749,
            "common_shares": 6419205,
            "book_valuer_per_share": 9.84,
            "book_valuer_per_share_4q_avg": 10.64,
            "equity": 6431810,
            "current_ratio": 94.85,
            "debt_ratio": 52.27,
            "inventory_turnover_ratio": 0.57,
            "account_receivable_turnover_ratio": null,
            "reinvestment_rate": null,
            "research_to_sale_ratio": null,
            "price_fair": 14,
            "eps_avg_yearly": 0.4,
            "eps_latest_yearly": 0.36,
            "eps_growth_yearly": 213.33
        },
        "20051": {
            "year_quarter": 20051,
            "year": 2005,
            "quarter": 1,
            "eps": -1.04,
            "eps_growth_year": null,
            "eps_4q": -2.49,
            "eps_4q_growth_year": null,
            "roe": -10.7,
            "roe_4q": -23.900000000000002,
            "gross_profit": 140178,
            "gross_margin": 12.96,
            "gross_margin_4q_avg": 10.98,
            "net_income": -647392,
            "revenue": 1081336,
            "common_shares": 6419205,
            "book_valuer_per_share": 8.83,
            "book_valuer_per_share_4q_avg": 10.03,
            "equity": 5666629,
            "current_ratio": 102.68,
            "debt_ratio": 51.38,
            "inventory_turnover_ratio": 0.53,
            "account_receivable_turnover_ratio": null,
            "reinvestment_rate": null,
            "research_to_sale_ratio": null,
            "price_fair": 14,
            "eps_avg_yearly": 0.4,
            "eps_latest_yearly": 0.36,
            "eps_growth_yearly": 213.33
        },
        "20052": {
            "year_quarter": 20052,
            "year": 2005,
            "quarter": 2,
            "eps": -0.29,
            "eps_growth_year": null,
            "eps_4q": -2.37,
            "eps_4q_growth_year": null,
            "roe": -3.24,
            "roe_4q": -24.27,
            "gross_profit": 219761,
            "gross_margin": 17.07,
            "gross_margin_4q_avg": 11.12,
            "net_income": -180521,
            "revenue": 1287285,
            "common_shares": 6419205,
            "book_valuer_per_share": 8.55,
            "book_valuer_per_share_4q_avg": 9.45,
            "equity": 5485771,
            "current_ratio": 109.16,
            "debt_ratio": 51.59,
            "inventory_turnover_ratio": 0.64,
            "account_receivable_turnover_ratio": null,
            "reinvestment_rate": null,
            "research_to_sale_ratio": null,
            "price_fair": 14,
            "eps_avg_yearly": 0.4,
            "eps_latest_yearly": 0.36,
            "eps_growth_yearly": 213.33
        },
        "20053": {
            "year_quarter": 20053,
            "year": 2005,
            "quarter": 3,
            "eps": 0.01,
            "eps_growth_year": null,
            "eps_4q": -1.77,
            "eps_4q_growth_year": null,
            "roe": 0.12,
            "roe_4q": -21.96,
            "gross_profit": 290348,
            "gross_margin": 20.4,
            "gross_margin_4q_avg": 14.19,
            "net_income": 7008,
            "revenue": 1422960,
            "common_shares": 7677793,
            "book_valuer_per_share": 8.38,
            "book_valuer_per_share_4q_avg": 8.9,
            "equity": 6436738,
            "current_ratio": 165.78,
            "debt_ratio": 44,
            "inventory_turnover_ratio": 0.7,
            "account_receivable_turnover_ratio": null,
            "reinvestment_rate": null,
            "research_to_sale_ratio": null,
            "price_fair": 14,
            "eps_avg_yearly": 0.4,
            "eps_latest_yearly": 0.36,
            "eps_growth_yearly": 213.33
        },
        "20054": {
            "year_quarter": 20054,
            "year": 2005,
            "quarter": 4,
            "eps": -0.6,
            "eps_growth_year": null,
            "eps_4q": -1.74,
            "eps_4q_growth_year": null,
            "roe": -6.41,
            "roe_4q": -20.23,
            "gross_profit": 194025,
            "gross_margin": 14.4,
            "gross_margin_4q_avg": 16.21,
            "net_income": -403341,
            "revenue": 1347215,
            "common_shares": 7678093,
            "book_valuer_per_share": 7.9,
            "book_valuer_per_share_4q_avg": 8.42,
            "equity": 6144194,
            "current_ratio": 144.64,
            "debt_ratio": 47.42,
            "inventory_turnover_ratio": 0.68,
            "account_receivable_turnover_ratio": null,
            "reinvestment_rate": null,
            "research_to_sale_ratio": null,
            "price_fair": 14,
            "eps_avg_yearly": 0.4,
            "eps_latest_yearly": 0.36,
            "eps_growth_yearly": 213.33
        },
        "20061": {
            "year_quarter": 20061,
            "year": 2006,
            "quarter": 1,
            "eps": 0.17,
            "eps_growth_year": null,
            "eps_4q": -0.61,
            "eps_4q_growth_year": null,
            "roe": 2.05,
            "roe_4q": -7.48,
            "gross_profit": 477237,
            "gross_margin": 30.09,
            "gross_margin_4q_avg": 20.49,
            "net_income": 126387,
            "revenue": 1586162,
            "common_shares": 7697981,
            "book_valuer_per_share": 8.06,
            "book_valuer_per_share_4q_avg": 8.22,
            "equity": 6205826,
            "current_ratio": 154.54,
            "debt_ratio": 44.94,
            "inventory_turnover_ratio": 0.62,
            "account_receivable_turnover_ratio": null,
            "reinvestment_rate": null,
            "research_to_sale_ratio": null,
            "price_fair": 16.8,
            "eps_avg_yearly": 0.48,
            "eps_latest_yearly": 0.36,
            "eps_growth_yearly": 220
        },
        "20062": {
            "year_quarter": 20062,
            "year": 2006,
            "quarter": 2,
            "eps": 0.34,
            "eps_growth_year": null,
            "eps_4q": -0.01,
            "eps_4q_growth_year": null,
            "roe": 4.07,
            "roe_4q": -0.17000000000000004,
            "gross_profit": 417048,
            "gross_margin": 22.71,
            "gross_margin_4q_avg": 21.9,
            "net_income": 259101,
            "revenue": 1836014,
            "common_shares": 7742207,
            "book_valuer_per_share": 8.41,
            "book_valuer_per_share_4q_avg": 8.19,
            "equity": 6513956,
            "current_ratio": 148.09,
            "debt_ratio": 45.23,
            "inventory_turnover_ratio": 0.81,
            "account_receivable_turnover_ratio": null,
            "reinvestment_rate": null,
            "research_to_sale_ratio": null,
            "price_fair": 30.1,
            "eps_avg_yearly": 0.86,
            "eps_latest_yearly": 1.36,
            "eps_growth_yearly": 120
        },
        "20063": {
            "year_quarter": 20063,
            "year": 2006,
            "quarter": 3,
            "eps": 0.24,
            "eps_growth_year": 2300,
            "eps_4q": 0.22,
            "eps_4q_growth_year": null,
            "roe": 2.76,
            "roe_4q": 2.469999999999999,
            "gross_profit": 437739,
            "gross_margin": 24.02,
            "gross_margin_4q_avg": 22.81,
            "net_income": 183067,
            "revenue": 1822450,
            "common_shares": 7821708,
            "book_valuer_per_share": 8.65,
            "book_valuer_per_share_4q_avg": 8.26,
            "equity": 6768605,
            "current_ratio": 166.26,
            "debt_ratio": 42.8,
            "inventory_turnover_ratio": 0.78,
            "account_receivable_turnover_ratio": null,
            "reinvestment_rate": null,
            "research_to_sale_ratio": null,
            "price_fair": 40.6,
            "eps_avg_yearly": 1.16,
            "eps_latest_yearly": 0.96,
            "eps_growth_yearly": 141.18
        },
        "20064": {
            "year_quarter": 20064,
            "year": 2006,
            "quarter": 4,
            "eps": -2.14,
            "eps_growth_year": null,
            "eps_4q": -1.31,
            "eps_4q_growth_year": null,
            "roe": -27.15,
            "roe_4q": -18.27,
            "gross_profit": 938544,
            "gross_margin": 52.62,
            "gross_margin_4q_avg": 32.36,
            "net_income": -1622819,
            "revenue": 1783516,
            "common_shares": 7822060,
            "book_valuer_per_share": 6.61,
            "book_valuer_per_share_4q_avg": 7.93,
            "equity": 5187924,
            "current_ratio": 129.95,
            "debt_ratio": 51.56,
            "inventory_turnover_ratio": 0.51,
            "account_receivable_turnover_ratio": null,
            "reinvestment_rate": null,
            "research_to_sale_ratio": null,
            "price_fair": 40.6,
            "eps_avg_yearly": 1.16,
            "eps_latest_yearly": 0.96,
            "eps_growth_yearly": 141.18
        },
        "20071": {
            "year_quarter": 20071,
            "year": 2007,
            "quarter": 1,
            "eps": 0.38,
            "eps_growth_year": 123.53,
            "eps_4q": -1.14,
            "eps_4q_growth_year": null,
            "roe": 5.52,
            "roe_4q": -14.799999999999997,
            "gross_profit": 468811,
            "gross_margin": 30.17,
            "gross_margin_4q_avg": 32.38,
            "net_income": 294250,
            "revenue": 1554146,
            "common_shares": 7822731,
            "book_valuer_per_share": 7,
            "book_valuer_per_share_4q_avg": 7.67,
            "equity": 5475920,
            "current_ratio": 146.04,
            "debt_ratio": 46.03,
            "inventory_turnover_ratio": 0.72,
            "account_receivable_turnover_ratio": null,
            "reinvestment_rate": null,
            "research_to_sale_ratio": null,
            "price_fair": 40.6,
            "eps_avg_yearly": 1.16,
            "eps_latest_yearly": 0.96,
            "eps_growth_yearly": 141.18
        },
        "20072": {
            "year_quarter": 20072,
            "year": 2007,
            "quarter": 2,
            "eps": 0.51,
            "eps_growth_year": 50,
            "eps_4q": -1.73,
            "eps_4q_growth_year": null,
            "roe": 4.65,
            "roe_4q": -14.219999999999997,
            "gross_profit": 573010,
            "gross_margin": 30.16,
            "gross_margin_4q_avg": 34.24,
            "net_income": 260660,
            "revenue": 1900093,
            "common_shares": 7823713,
            "book_valuer_per_share": 7.34,
            "book_valuer_per_share_4q_avg": 7.4,
            "equity": 5740039,
            "current_ratio": 127.58,
            "debt_ratio": 44.92,
            "inventory_turnover_ratio": 0.92,
            "account_receivable_turnover_ratio": null,
            "reinvestment_rate": null,
            "research_to_sale_ratio": null,
            "price_fair": 50.87,
            "eps_avg_yearly": 1.45,
            "eps_latest_yearly": 2.04,
            "eps_growth_yearly": 139.73
        },
        "20073": {
            "year_quarter": 20073,
            "year": 2007,
            "quarter": 3,
            "eps": 0.39,
            "eps_growth_year": 62.5,
            "eps_4q": -1.72,
            "eps_4q_growth_year": -892.14,
            "roe": 3.37,
            "roe_4q": -13.61,
            "gross_profit": 505767,
            "gross_margin": 29.06,
            "gross_margin_4q_avg": 35.5,
            "net_income": 197785,
            "revenue": 1740340,
            "common_shares": 5124118,
            "book_valuer_per_share": 11.67,
            "book_valuer_per_share_4q_avg": 8.16,
            "equity": 5980945,
            "current_ratio": 131.56,
            "debt_ratio": 41.86,
            "inventory_turnover_ratio": 0.88,
            "account_receivable_turnover_ratio": null,
            "reinvestment_rate": null,
            "research_to_sale_ratio": null,
            "price_fair": 51.8,
            "eps_avg_yearly": 1.48,
            "eps_latest_yearly": 1.56,
            "eps_growth_yearly": 81.27
        },
        "20074": {
            "year_quarter": 20074,
            "year": 2007,
            "quarter": 4,
            "eps": 0.33,
            "eps_growth_year": null,
            "eps_4q": 1.81,
            "eps_4q_growth_year": null,
            "roe": 2.76,
            "roe_4q": 16.3,
            "gross_profit": 462420,
            "gross_margin": 29.39,
            "gross_margin_4q_avg": 29.7,
            "net_income": 168253,
            "revenue": 1573386,
            "common_shares": 5168569,
            "book_valuer_per_share": 12,
            "book_valuer_per_share_4q_avg": 9.5,
            "equity": 6224402,
            "current_ratio": 134.59,
            "debt_ratio": 41.04,
            "inventory_turnover_ratio": 0.72,
            "account_receivable_turnover_ratio": null,
            "reinvestment_rate": null,
            "research_to_sale_ratio": null,
            "price_fair": 50.68,
            "eps_avg_yearly": 1.45,
            "eps_latest_yearly": 1.32,
            "eps_growth_yearly": 52.71
        },
        "20081": {
            "year_quarter": 20081,
            "year": 2008,
            "quarter": 1,
            "eps": 0.2,
            "eps_growth_year": -47.37,
            "eps_4q": 1.43,
            "eps_4q_growth_year": null,
            "roe": 1.63,
            "roe_4q": 12.41,
            "gross_profit": 500466,
            "gross_margin": 27.98,
            "gross_margin_4q_avg": 29.15,
            "net_income": 102438,
            "revenue": 1788923,
            "common_shares": 5203119,
            "book_valuer_per_share": 12.15,
            "book_valuer_per_share_4q_avg": 10.79,
            "equity": 6340813,
            "current_ratio": 164.28,
            "debt_ratio": 39.22,
            "inventory_turnover_ratio": 0.76,
            "account_receivable_turnover_ratio": null,
            "reinvestment_rate": null,
            "research_to_sale_ratio": null,
            "price_fair": 37.07,
            "eps_avg_yearly": 1.34,
            "eps_latest_yearly": 0.8,
            "eps_growth_yearly": 17.66
        },
        "20082": {
            "year_quarter": 20082,
            "year": 2008,
            "quarter": 2,
            "eps": 0.37,
            "eps_growth_year": -27.45,
            "eps_4q": 1.29,
            "eps_4q_growth_year": null,
            "roe": 3.1,
            "roe_4q": 10.86,
            "gross_profit": 490330,
            "gross_margin": 24.81,
            "gross_margin_4q_avg": 27.81,
            "net_income": 189838,
            "revenue": 1976498,
            "common_shares": 5230418,
            "book_valuer_per_share": 11.24,
            "book_valuer_per_share_4q_avg": 11.77,
            "equity": 5894853,
            "current_ratio": 142.83,
            "debt_ratio": 47.65,
            "inventory_turnover_ratio": 0.85,
            "account_receivable_turnover_ratio": null,
            "reinvestment_rate": null,
            "research_to_sale_ratio": null,
            "price_fair": 47.6,
            "eps_avg_yearly": 1.36,
            "eps_latest_yearly": 1.48,
            "eps_growth_yearly": 63.71
        },
        "20083": {
            "year_quarter": 20083,
            "year": 2008,
            "quarter": 3,
            "eps": 0.07,
            "eps_growth_year": -82.05,
            "eps_4q": 2.37,
            "eps_4q_growth_year": null,
            "roe": 0.25,
            "roe_4q": 7.74,
            "gross_profit": 343285,
            "gross_margin": 19.91,
            "gross_margin_4q_avg": 25.52,
            "net_income": 14756,
            "revenue": 1723851,
            "common_shares": 5237023,
            "book_valuer_per_share": 11.34,
            "book_valuer_per_share_4q_avg": 11.68,
            "equity": 5935329,
            "current_ratio": 172.07,
            "debt_ratio": 47.74,
            "inventory_turnover_ratio": 0.76,
            "account_receivable_turnover_ratio": null,
            "reinvestment_rate": null,
            "research_to_sale_ratio": null,
            "price_fair": 30.88,
            "eps_avg_yearly": 1.23,
            "eps_latest_yearly": 0.28,
            "eps_growth_yearly": 15.2
        },
        "20084": {
            "year_quarter": 20084,
            "year": 2008,
            "quarter": 4,
            "eps": 0.03,
            "eps_growth_year": -90.91,
            "eps_4q": 0.55,
            "eps_4q_growth_year": -69.7,
            "roe": 0.32,
            "roe_4q": 5.3,
            "gross_profit": 270522,
            "gross_margin": 17.21,
            "gross_margin_4q_avg": 22.48,
            "net_income": 19124,
            "revenue": 1571665,
            "common_shares": 5237448,
            "book_valuer_per_share": 11.47,
            "book_valuer_per_share_4q_avg": 11.55,
            "equity": 6007128,
            "current_ratio": 171.72,
            "debt_ratio": 44.75,
            "inventory_turnover_ratio": 0.73,
            "account_receivable_turnover_ratio": 2.07,
            "reinvestment_rate": null,
            "research_to_sale_ratio": null,
            "price_fair": 3.31,
            "eps_avg_yearly": 1.1,
            "eps_latest_yearly": 0.12,
            "eps_growth_yearly": -11.88
        },
        "20091": {
            "year_quarter": 20091,
            "year": 2009,
            "quarter": 1,
            "eps": -0.1,
            "eps_growth_year": -150,
            "eps_4q": 0.36,
            "eps_4q_growth_year": -74.43,
            "roe": -0.9,
            "roe_4q": 2.77,
            "gross_profit": 162920,
            "gross_margin": 14.38,
            "gross_margin_4q_avg": 19.08,
            "net_income": -54115,
            "revenue": 1133180,
            "common_shares": 5237448,
            "book_valuer_per_share": 11.42,
            "book_valuer_per_share_4q_avg": 11.37,
            "equity": 5982872,
            "current_ratio": 196.07,
            "debt_ratio": 42.87,
            "inventory_turnover_ratio": 0.63,
            "account_receivable_turnover_ratio": 0.82,
            "reinvestment_rate": null,
            "research_to_sale_ratio": null,
            "price_fair": 3.31,
            "eps_avg_yearly": 1.1,
            "eps_latest_yearly": 0.12,
            "eps_growth_yearly": -11.88
        },
        "20092": {
            "year_quarter": 20092,
            "year": 2009,
            "quarter": 2,
            "eps": 0,
            "eps_growth_year": -100,
            "eps_4q": -0.01,
            "eps_4q_growth_year": -100.49,
            "roe": -0.02,
            "roe_4q": -0.3500000000000001,
            "gross_profit": 285821,
            "gross_margin": 21.92,
            "gross_margin_4q_avg": 18.36,
            "net_income": -1294,
            "revenue": 1303860,
            "common_shares": 5241531,
            "book_valuer_per_share": 11.12,
            "book_valuer_per_share_4q_avg": 11.34,
            "equity": 5829461,
            "current_ratio": 183.85,
            "debt_ratio": 46.16,
            "inventory_turnover_ratio": 0.72,
            "account_receivable_turnover_ratio": 0.98,
            "reinvestment_rate": null,
            "research_to_sale_ratio": null,
            "price_fair": 3.31,
            "eps_avg_yearly": 1.1,
            "eps_latest_yearly": 0.12,
            "eps_growth_yearly": -11.88
        },
        "20093": {
            "year_quarter": 20093,
            "year": 2009,
            "quarter": 3,
            "eps": 0.17,
            "eps_growth_year": 142.86,
            "eps_4q": 0.1,
            "eps_4q_growth_year": -95.84,
            "roe": 1.46,
            "roe_4q": 0.8599999999999999,
            "gross_profit": 300607,
            "gross_margin": 18.06,
            "gross_margin_4q_avg": 17.89,
            "net_income": 88992,
            "revenue": 1664654,
            "common_shares": 5453088,
            "book_valuer_per_share": 11.69,
            "book_valuer_per_share_4q_avg": 11.43,
            "equity": 6375044,
            "current_ratio": 201.6,
            "debt_ratio": 43.63,
            "inventory_turnover_ratio": 0.96,
            "account_receivable_turnover_ratio": 1.11,
            "reinvestment_rate": null,
            "research_to_sale_ratio": null,
            "price_fair": 3.31,
            "eps_avg_yearly": 1.1,
            "eps_latest_yearly": 0.12,
            "eps_growth_yearly": -11.88
        },
        "20094": {
            "year_quarter": 20094,
            "year": 2009,
            "quarter": 4,
            "eps": 0.34,
            "eps_growth_year": 1033.33,
            "eps_4q": 0.39,
            "eps_4q_growth_year": -29.38,
            "roe": 2.71,
            "roe_4q": 3.2500000000000004,
            "gross_profit": 420503,
            "gross_margin": 23.63,
            "gross_margin_4q_avg": 19.5,
            "net_income": 175686,
            "revenue": 1779429,
            "common_shares": 5456783,
            "book_valuer_per_share": 12.07,
            "book_valuer_per_share_4q_avg": 11.58,
            "equity": 6573119,
            "current_ratio": 195.45,
            "debt_ratio": 46.22,
            "inventory_turnover_ratio": 1.02,
            "account_receivable_turnover_ratio": 1.83,
            "reinvestment_rate": -397.55,
            "research_to_sale_ratio": null,
            "price_fair": 39.48,
            "eps_avg_yearly": 1.13,
            "eps_latest_yearly": 1.36,
            "eps_growth_yearly": 29.31
        },
        "20101": {
            "year_quarter": 20101,
            "year": 2010,
            "quarter": 1,
            "eps": 0.21,
            "eps_growth_year": null,
            "eps_4q": 0.69,
            "eps_4q_growth_year": 89.83,
            "roe": 1.83,
            "roe_4q": 5.98,
            "gross_profit": 362078,
            "gross_margin": 20.95,
            "gross_margin_4q_avg": 21.14,
            "net_income": 121180,
            "revenue": 1727966,
            "common_shares": 5462708,
            "book_valuer_per_share": 12.23,
            "book_valuer_per_share_4q_avg": 11.78,
            "equity": 6670196,
            "current_ratio": 199.44,
            "debt_ratio": 44.63,
            "inventory_turnover_ratio": 1.11,
            "account_receivable_turnover_ratio": 0.92,
            "reinvestment_rate": -277.32,
            "research_to_sale_ratio": 2.2,
            "price_fair": 25.05,
            "eps_avg_yearly": 1.1,
            "eps_latest_yearly": 0.84,
            "eps_growth_yearly": 12.74
        },
        "20102": {
            "year_quarter": 20102,
            "year": 2010,
            "quarter": 2,
            "eps": 0.4,
            "eps_growth_year": null,
            "eps_4q": 1.09,
            "eps_4q_growth_year": null,
            "roe": 3.27,
            "roe_4q": 9.27,
            "gross_profit": 512103,
            "gross_margin": 25.06,
            "gross_margin_4q_avg": 21.93,
            "net_income": 219618,
            "revenue": 2043270,
            "common_shares": 5473328,
            "book_valuer_per_share": 12.39,
            "book_valuer_per_share_4q_avg": 12.1,
            "equity": 6779149,
            "current_ratio": 190.58,
            "debt_ratio": 47.03,
            "inventory_turnover_ratio": 1.23,
            "account_receivable_turnover_ratio": 0.98,
            "reinvestment_rate": -267.94,
            "research_to_sale_ratio": 2.04,
            "price_fair": 21.66,
            "eps_avg_yearly": 1.12,
            "eps_latest_yearly": 1.6,
            "eps_growth_yearly": 9.28
        },
        "20103": {
            "year_quarter": 20103,
            "year": 2010,
            "quarter": 3,
            "eps": 0.35,
            "eps_growth_year": 103.98,
            "eps_4q": 1.27,
            "eps_4q_growth_year": 1185.55,
            "roe": 2.74,
            "roe_4q": 10.55,
            "gross_profit": 586400,
            "gross_margin": 26.32,
            "gross_margin_4q_avg": 23.99,
            "net_income": 188512,
            "revenue": 2227907,
            "common_shares": 5481611,
            "book_valuer_per_share": 12.77,
            "book_valuer_per_share_4q_avg": 12.37,
            "equity": 6989312,
            "current_ratio": 188.2,
            "debt_ratio": 45.04,
            "inventory_turnover_ratio": 1.23,
            "account_receivable_turnover_ratio": 0.92,
            "reinvestment_rate": -198.74,
            "research_to_sale_ratio": 2.02,
            "price_fair": 29.59,
            "eps_avg_yearly": 1.16,
            "eps_latest_yearly": 1.4,
            "eps_growth_yearly": 15.43
        },
        "20104": {
            "year_quarter": 20104,
            "year": 2010,
            "quarter": 4,
            "eps": 0.31,
            "eps_growth_year": -9.29,
            "eps_4q": 1.26,
            "eps_4q_growth_year": 224.94,
            "roe": 2.41,
            "roe_4q": 10.25,
            "gross_profit": 515839,
            "gross_margin": 25.54,
            "gross_margin_4q_avg": 24.47,
            "net_income": 169434,
            "revenue": 2020099,
            "common_shares": 5490051,
            "book_valuer_per_share": 12.91,
            "book_valuer_per_share_4q_avg": 12.58,
            "equity": 7078292,
            "current_ratio": 188.29,
            "debt_ratio": 43.45,
            "inventory_turnover_ratio": 1.04,
            "account_receivable_turnover_ratio": 0.87,
            "reinvestment_rate": 26.51,
            "research_to_sale_ratio": 2.38,
            "price_fair": 23.79,
            "eps_avg_yearly": 1.17,
            "eps_latest_yearly": 1.24,
            "eps_growth_yearly": 10.33
        },
        "20111": {
            "year_quarter": 20111,
            "year": 2011,
            "quarter": 1,
            "eps": 0.14,
            "eps_growth_year": -33.33,
            "eps_4q": 1.19,
            "eps_4q_growth_year": 72.41,
            "roe": 1.11,
            "roe_4q": 9.530000000000001,
            "gross_profit": 364606,
            "gross_margin": 18.81,
            "gross_margin_4q_avg": 23.93,
            "net_income": 79117,
            "revenue": 1938532,
            "common_shares": 5490051,
            "book_valuer_per_share": 13.09,
            "book_valuer_per_share_4q_avg": 12.79,
            "equity": 7173337,
            "current_ratio": 189.2,
            "debt_ratio": 42.53,
            "inventory_turnover_ratio": 1.08,
            "account_receivable_turnover_ratio": 0.9,
            "reinvestment_rate": 53.79,
            "research_to_sale_ratio": 2.82,
            "price_fair": 3.37,
            "eps_avg_yearly": 1.12,
            "eps_latest_yearly": 0.56,
            "eps_growth_yearly": -7.34
        },
        "20112": {
            "year_quarter": 20112,
            "year": 2011,
            "quarter": 2,
            "eps": 0.33,
            "eps_growth_year": -16.12,
            "eps_4q": 1.13,
            "eps_4q_growth_year": 4,
            "roe": 2.6,
            "roe_4q": 8.86,
            "gross_profit": 456887,
            "gross_margin": 22.88,
            "gross_margin_4q_avg": 23.39,
            "net_income": 181988,
            "revenue": 1996899,
            "common_shares": 5490051,
            "book_valuer_per_share": 12.48,
            "book_valuer_per_share_4q_avg": 12.81,
            "equity": 6841519,
            "current_ratio": 167.11,
            "debt_ratio": 46.84,
            "inventory_turnover_ratio": 1.08,
            "account_receivable_turnover_ratio": 0.89,
            "reinvestment_rate": 59.26,
            "research_to_sale_ratio": 2.48,
            "price_fair": 36.19,
            "eps_avg_yearly": 1.07,
            "eps_latest_yearly": 1.32,
            "eps_growth_yearly": 23.89
        },
        "20113": {
            "year_quarter": 20113,
            "year": 2011,
            "quarter": 3,
            "eps": 0.25,
            "eps_growth_year": -27.75,
            "eps_4q": 1.04,
            "eps_4q_growth_year": -18.46,
            "roe": 1.98,
            "roe_4q": 8.100000000000001,
            "gross_profit": 418535,
            "gross_margin": 23.56,
            "gross_margin_4q_avg": 22.7,
            "net_income": 137239,
            "revenue": 1776373,
            "common_shares": 5490051,
            "book_valuer_per_share": 12.84,
            "book_valuer_per_share_4q_avg": 12.83,
            "equity": 7037947,
            "current_ratio": 176.5,
            "debt_ratio": 42.17,
            "inventory_turnover_ratio": 0.91,
            "account_receivable_turnover_ratio": 0.81,
            "reinvestment_rate": 71.55,
            "research_to_sale_ratio": 3.04,
            "price_fair": 34.5,
            "eps_avg_yearly": 1.02,
            "eps_latest_yearly": 1,
            "eps_growth_yearly": 23.67
        },
        "20114": {
            "year_quarter": 20114,
            "year": 2011,
            "quarter": 4,
            "eps": 0.1,
            "eps_growth_year": -67.36,
            "eps_4q": 0.83,
            "eps_4q_growth_year": -34.01,
            "roe": 0.77,
            "roe_4q": 6.46,
            "gross_profit": 314601,
            "gross_margin": 19.29,
            "gross_margin_4q_avg": 21.14,
            "net_income": 55058,
            "revenue": 1631312,
            "common_shares": 5481881,
            "book_valuer_per_share": 13.11,
            "book_valuer_per_share_4q_avg": 12.88,
            "equity": 7174234,
            "current_ratio": 192.8,
            "debt_ratio": 40.66,
            "inventory_turnover_ratio": 0.89,
            "account_receivable_turnover_ratio": 0.83,
            "reinvestment_rate": 58.09,
            "research_to_sale_ratio": 3.92,
            "price_fair": 19.03,
            "eps_avg_yearly": 0.95,
            "eps_latest_yearly": 0.4,
            "eps_growth_yearly": 9.95
        },
        "20121": {
            "year_quarter": 20121,
            "year": 2012,
            "quarter": 1,
            "eps": 0.11,
            "eps_growth_year": -21.43,
            "eps_4q": 0.8,
            "eps_4q_growth_year": -32.88,
            "roe": 0.86,
            "roe_4q": 6.21,
            "gross_profit": 267042,
            "gross_margin": 16.79,
            "gross_margin_4q_avg": 20.63,
            "net_income": 62071,
            "revenue": 1590155,
            "common_shares": 5456621,
            "book_valuer_per_share": 13.23,
            "book_valuer_per_share_4q_avg": 12.92,
            "equity": 7210503,
            "current_ratio": 162.53,
            "debt_ratio": 38.53,
            "inventory_turnover_ratio": 0.98,
            "account_receivable_turnover_ratio": 0.84,
            "reinvestment_rate": 60.58,
            "research_to_sale_ratio": 3.51,
            "price_fair": 32.42,
            "eps_avg_yearly": 0.93,
            "eps_latest_yearly": 0.44,
            "eps_growth_yearly": 25.15
        },
        "20122": {
            "year_quarter": 20122,
            "year": 2012,
            "quarter": 2,
            "eps": 0.2,
            "eps_growth_year": -40.35,
            "eps_4q": 0.67,
            "eps_4q_growth_year": -41.19,
            "roe": 1.52,
            "roe_4q": 5.13,
            "gross_profit": 332237,
            "gross_margin": 19.84,
            "gross_margin_4q_avg": 19.87,
            "net_income": 107874,
            "revenue": 1674493,
            "common_shares": 5456621,
            "book_valuer_per_share": 12.84,
            "book_valuer_per_share_4q_avg": 13.01,
            "equity": 6994785,
            "current_ratio": 152.39,
            "debt_ratio": 41.21,
            "inventory_turnover_ratio": 1.04,
            "account_receivable_turnover_ratio": 0.82,
            "reinvestment_rate": 58.09,
            "research_to_sale_ratio": 3.58,
            "price_fair": 29.86,
            "eps_avg_yearly": 0.87,
            "eps_latest_yearly": 0.8,
            "eps_growth_yearly": 24.17
        },
        "20123": {
            "year_quarter": 20123,
            "year": 2012,
            "quarter": 3,
            "eps": 0.19,
            "eps_growth_year": -23.04,
            "eps_4q": 0.61,
            "eps_4q_growth_year": -41.48,
            "roe": 1.49,
            "roe_4q": 4.64,
            "gross_profit": 382839,
            "gross_margin": 20.89,
            "gross_margin_4q_avg": 19.2,
            "net_income": 104994,
            "revenue": 1832934,
            "common_shares": 5456621,
            "book_valuer_per_share": 13.02,
            "book_valuer_per_share_4q_avg": 13.05,
            "equity": 7096143,
            "current_ratio": 159.77,
            "debt_ratio": 38.28,
            "inventory_turnover_ratio": 1.08,
            "account_receivable_turnover_ratio": 0.85,
            "reinvestment_rate": 57.26,
            "research_to_sale_ratio": 3.5,
            "price_fair": 31.88,
            "eps_avg_yearly": 0.91,
            "eps_latest_yearly": 0.76,
            "eps_growth_yearly": 47.58
        },
        "20124": {
            "year_quarter": 20124,
            "year": 2012,
            "quarter": 4,
            "eps": 0.11,
            "eps_growth_year": 11.42,
            "eps_4q": 0.62,
            "eps_4q_growth_year": -25.54,
            "roe": 0.86,
            "roe_4q": 4.73,
            "gross_profit": 296198,
            "gross_margin": 16.96,
            "gross_margin_4q_avg": 18.62,
            "net_income": 61048,
            "revenue": 1746743,
            "common_shares": 5456621,
            "book_valuer_per_share": 13.07,
            "book_valuer_per_share_4q_avg": 13.04,
            "equity": 7121219,
            "current_ratio": 197.37,
            "debt_ratio": 37.65,
            "inventory_turnover_ratio": 1.1,
            "account_receivable_turnover_ratio": 0.83,
            "reinvestment_rate": 55.65,
            "research_to_sale_ratio": 3.61,
            "price_fair": 32.74,
            "eps_avg_yearly": 0.94,
            "eps_latest_yearly": 0.44,
            "eps_growth_yearly": 52.2
        },
        "20131": {
            "year_quarter": 20131,
            "year": 2013,
            "quarter": 1,
            "eps": 0.17,
            "eps_growth_year": 54.55,
            "eps_4q": 0.68,
            "eps_4q_growth_year": -15.59,
            "roe": 1.32,
            "roe_4q": 5.1899999999999995,
            "gross_profit": 289910,
            "gross_margin": 18.89,
            "gross_margin_4q_avg": 19.15,
            "net_income": 94383,
            "revenue": 1534849,
            "common_shares": 5456621,
            "book_valuer_per_share": 13.11,
            "book_valuer_per_share_4q_avg": 13.01,
            "equity": 7143386,
            "current_ratio": 222.41,
            "debt_ratio": 39.16,
            "inventory_turnover_ratio": 0.98,
            "account_receivable_turnover_ratio": 0.79,
            "reinvestment_rate": 57.74,
            "research_to_sale_ratio": 4.09,
            "price_fair": 32.1,
            "eps_avg_yearly": 0.92,
            "eps_latest_yearly": 0.68,
            "eps_growth_yearly": 64.06
        },
        "20132": {
            "year_quarter": 20132,
            "year": 2013,
            "quarter": 2,
            "eps": 0.19,
            "eps_growth_year": -4.1,
            "eps_4q": 0.67,
            "eps_4q_growth_year": 1.21,
            "roe": 1.5,
            "roe_4q": 5.17,
            "gross_profit": 359043,
            "gross_margin": 21.03,
            "gross_margin_4q_avg": 19.44,
            "net_income": 106194,
            "revenue": 1707388,
            "common_shares": 5456621,
            "book_valuer_per_share": 12.9,
            "book_valuer_per_share_4q_avg": 13.03,
            "equity": 7029900,
            "current_ratio": 227.35,
            "debt_ratio": 42.5,
            "inventory_turnover_ratio": 1.09,
            "account_receivable_turnover_ratio": 0.89,
            "reinvestment_rate": 56.68,
            "research_to_sale_ratio": 3.96,
            "price_fair": 31.73,
            "eps_avg_yearly": 0.91,
            "eps_latest_yearly": 0.76,
            "eps_growth_yearly": 62.92
        },
        "20133": {
            "year_quarter": 20133,
            "year": 2013,
            "quarter": 3,
            "eps": 0.22,
            "eps_growth_year": 14.09,
            "eps_4q": 0.7,
            "eps_4q_growth_year": 16.08,
            "roe": 1.71,
            "roe_4q": 5.390000000000001,
            "gross_profit": 406550,
            "gross_margin": 25.57,
            "gross_margin_4q_avg": 20.61,
            "net_income": 121451,
            "revenue": 1590115,
            "common_shares": 5456621,
            "book_valuer_per_share": 13.12,
            "book_valuer_per_share_4q_avg": 13.05,
            "equity": 7146385,
            "current_ratio": 249.93,
            "debt_ratio": 40.13,
            "inventory_turnover_ratio": 0.95,
            "account_receivable_turnover_ratio": 0.8,
            "reinvestment_rate": 58.56,
            "research_to_sale_ratio": 5.02,
            "price_fair": 31.68,
            "eps_avg_yearly": 0.91,
            "eps_latest_yearly": 0.88,
            "eps_growth_yearly": 62.94
        },
        "20134": {
            "year_quarter": 20134,
            "year": 2013,
            "quarter": 4,
            "eps": 0.18,
            "eps_growth_year": 60.5,
            "eps_4q": 0.77,
            "eps_4q_growth_year": 25,
            "roe": 1.36,
            "roe_4q": 5.890000000000001,
            "gross_profit": 353610,
            "gross_margin": 22.68,
            "gross_margin_4q_avg": 22.04,
            "net_income": 98019,
            "revenue": 1559242,
            "common_shares": 5456621,
            "book_valuer_per_share": 13.33,
            "book_valuer_per_share_4q_avg": 13.12,
            "equity": 7260295,
            "current_ratio": 251.54,
            "debt_ratio": 39.4,
            "inventory_turnover_ratio": 0.96,
            "account_receivable_turnover_ratio": 0.81,
            "reinvestment_rate": 14.21,
            "research_to_sale_ratio": 3.83,
            "price_fair": 30.28,
            "eps_avg_yearly": 0.87,
            "eps_latest_yearly": 0.72,
            "eps_growth_yearly": 33.39
        },
        "20141": {
            "year_quarter": 20141,
            "year": 2014,
            "quarter": 1,
            "eps": 0.24,
            "eps_growth_year": 41.18,
            "eps_4q": 0.83,
            "eps_4q_growth_year": 23.26,
            "roe": 1.75,
            "roe_4q": 6.32,
            "gross_profit": 393117,
            "gross_margin": 26.1,
            "gross_margin_4q_avg": 23.85,
            "net_income": 128374,
            "revenue": 1506017,
            "common_shares": 5456621,
            "book_valuer_per_share": 13.58,
            "book_valuer_per_share_4q_avg": 13.23,
            "equity": 7399196,
            "current_ratio": 245.9,
            "debt_ratio": 39.81,
            "inventory_turnover_ratio": 0.91,
            "account_receivable_turnover_ratio": 0.8,
            "reinvestment_rate": 19.76,
            "research_to_sale_ratio": 4,
            "price_fair": 30.54,
            "eps_avg_yearly": 0.87,
            "eps_latest_yearly": 0.96,
            "eps_growth_yearly": 51.29
        },
        "20142": {
            "year_quarter": 20142,
            "year": 2014,
            "quarter": 2,
            "eps": 0.29,
            "eps_growth_year": 52.63,
            "eps_4q": 0.93,
            "eps_4q_growth_year": 38.59,
            "roe": 2.19,
            "roe_4q": 7.01,
            "gross_profit": 427469,
            "gross_margin": 26.34,
            "gross_margin_4q_avg": 25.17,
            "net_income": 160281,
            "revenue": 1622867,
            "common_shares": 5456621,
            "book_valuer_per_share": 13.23,
            "book_valuer_per_share_4q_avg": 13.32,
            "equity": 7208336,
            "current_ratio": 221.54,
            "debt_ratio": 41.77,
            "inventory_turnover_ratio": 1,
            "account_receivable_turnover_ratio": 0.85,
            "reinvestment_rate": 13.4,
            "research_to_sale_ratio": 4.51,
            "price_fair": 29.58,
            "eps_avg_yearly": 0.85,
            "eps_latest_yearly": 1.16,
            "eps_growth_yearly": 33.88
        },
        "20143": {
            "year_quarter": 20143,
            "year": 2014,
            "quarter": 3,
            "eps": 0.25,
            "eps_growth_year": 13.64,
            "eps_4q": 0.96,
            "eps_4q_growth_year": 36.72,
            "roe": 1.88,
            "roe_4q": 7.180000000000001,
            "gross_profit": 436578,
            "gross_margin": 27.28,
            "gross_margin_4q_avg": 25.6,
            "net_income": 137131,
            "revenue": 1600443,
            "common_shares": 5456621,
            "book_valuer_per_share": 13.54,
            "book_valuer_per_share_4q_avg": 13.42,
            "equity": 7379163,
            "current_ratio": 235.25,
            "debt_ratio": 40.25,
            "inventory_turnover_ratio": 0.96,
            "account_receivable_turnover_ratio": 0.83,
            "reinvestment_rate": 11.2,
            "research_to_sale_ratio": 4.97,
            "price_fair": 28.7,
            "eps_avg_yearly": 0.82,
            "eps_latest_yearly": 1,
            "eps_growth_yearly": 33.55
        },
        "20144": {
            "year_quarter": 20144,
            "year": 2014,
            "quarter": 4,
            "eps": 0.25,
            "eps_growth_year": 38.64,
            "eps_4q": 1.03,
            "eps_4q_growth_year": 33.71,
            "roe": 1.82,
            "roe_4q": 7.640000000000001,
            "gross_profit": 414758,
            "gross_margin": 26.12,
            "gross_margin_4q_avg": 26.46,
            "net_income": 135905,
            "revenue": 1588056,
            "common_shares": 5456621,
            "book_valuer_per_share": 13.89,
            "book_valuer_per_share_4q_avg": 13.56,
            "equity": 7566108,
            "current_ratio": 249.77,
            "debt_ratio": 37.71,
            "inventory_turnover_ratio": 0.95,
            "account_receivable_turnover_ratio": 0.86,
            "reinvestment_rate": 6.95,
            "research_to_sale_ratio": 4.43,
            "price_fair": 28.18,
            "eps_avg_yearly": 0.81,
            "eps_latest_yearly": 1,
            "eps_growth_yearly": 36.41
        },
        "20151": {
            "year_quarter": 20151,
            "year": 2015,
            "quarter": 1,
            "eps": 0.2,
            "eps_growth_year": -16.67,
            "eps_4q": 0.99,
            "eps_4q_growth_year": 19.22,
            "roe": 1.42,
            "roe_4q": 7.3100000000000005,
            "gross_profit": 384152,
            "gross_margin": 27.82,
            "gross_margin_4q_avg": 26.89,
            "net_income": 107986,
            "revenue": 1381014,
            "common_shares": 5456621,
            "book_valuer_per_share": 14.11,
            "book_valuer_per_share_4q_avg": 13.69,
            "equity": 7686702,
            "current_ratio": 275.87,
            "debt_ratio": 36.18,
            "inventory_turnover_ratio": 0.82,
            "account_receivable_turnover_ratio": 0.78,
            "reinvestment_rate": -11.21,
            "research_to_sale_ratio": 4.58,
            "price_fair": 28.7,
            "eps_avg_yearly": 0.82,
            "eps_latest_yearly": 0.8,
            "eps_growth_yearly": 45.12
        },
        "20152": {
            "year_quarter": 20152,
            "year": 2015,
            "quarter": 2,
            "eps": 0.27,
            "eps_growth_year": -6.9,
            "eps_4q": 0.97,
            "eps_4q_growth_year": 3.92,
            "roe": 1.95,
            "roe_4q": 7.07,
            "gross_profit": 367051,
            "gross_margin": 26.05,
            "gross_margin_4q_avg": 26.82,
            "net_income": 147028,
            "revenue": 1409006,
            "common_shares": 5456621,
            "book_valuer_per_share": 13.61,
            "book_valuer_per_share_4q_avg": 13.79,
            "equity": 7414410,
            "current_ratio": 242.65,
            "debt_ratio": 38.49,
            "inventory_turnover_ratio": 0.88,
            "account_receivable_turnover_ratio": 0.8,
            "reinvestment_rate": -15.38,
            "research_to_sale_ratio": 4.81,
            "price_fair": 24.1,
            "eps_avg_yearly": 0.81,
            "eps_latest_yearly": 1.08,
            "eps_growth_yearly": 19.94
        },
        "20153": {
            "year_quarter": 20153,
            "year": 2015,
            "quarter": 3,
            "eps": 0.29,
            "eps_growth_year": 16,
            "eps_4q": 1.01,
            "eps_4q_growth_year": 4.95,
            "roe": 2.11,
            "roe_4q": 7.3,
            "gross_profit": 399124,
            "gross_margin": 29.67,
            "gross_margin_4q_avg": 27.42,
            "net_income": 158833,
            "revenue": 1344996,
            "common_shares": 5456621,
            "book_valuer_per_share": 13.96,
            "book_valuer_per_share_4q_avg": 13.89,
            "equity": 7608221,
            "current_ratio": 262.33,
            "debt_ratio": 36.76,
            "inventory_turnover_ratio": 0.76,
            "account_receivable_turnover_ratio": 0.76,
            "reinvestment_rate": -21.4,
            "research_to_sale_ratio": 5.67,
            "price_fair": 28.53,
            "eps_avg_yearly": 0.82,
            "eps_latest_yearly": 1.16,
            "eps_growth_yearly": 27.85
        },
        "20154": {
            "year_quarter": 20154,
            "year": 2015,
            "quarter": 4,
            "eps": 0.29,
            "eps_growth_year": 17.39,
            "eps_4q": 1.05,
            "eps_4q_growth_year": 2.08,
            "roe": 2.08,
            "roe_4q": 7.56,
            "gross_profit": 369209,
            "gross_margin": 24.69,
            "gross_margin_4q_avg": 27.06,
            "net_income": 159526,
            "revenue": 1495524,
            "common_shares": 5456621,
            "book_valuer_per_share": 14.16,
            "book_valuer_per_share_4q_avg": 13.96,
            "equity": 7715548,
            "current_ratio": 270.23,
            "debt_ratio": 34.47,
            "inventory_turnover_ratio": 0.91,
            "account_receivable_turnover_ratio": 0.9,
            "reinvestment_rate": -25.15,
            "research_to_sale_ratio": 5,
            "price_fair": 30.19,
            "eps_avg_yearly": 0.86,
            "eps_latest_yearly": 1.16,
            "eps_growth_yearly": 42.85
        },
        "20161": {
            "year_quarter": 20161,
            "year": 2016,
            "quarter": 1,
            "eps": 0.21,
            "eps_growth_year": 5,
            "eps_4q": 1.07,
            "eps_4q_growth_year": 7.42,
            "roe": 1.49,
            "roe_4q": 7.63,
            "gross_profit": 400176,
            "gross_margin": 29.51,
            "gross_margin_4q_avg": 27.48,
            "net_income": 116095,
            "revenue": 1356210,
            "common_shares": 5456621,
            "book_valuer_per_share": 14.41,
            "book_valuer_per_share_4q_avg": 14.04,
            "equity": 7851644,
            "current_ratio": 275.08,
            "debt_ratio": 33.97,
            "inventory_turnover_ratio": 0.83,
            "account_receivable_turnover_ratio": 0.86,
            "reinvestment_rate": -26.75,
            "research_to_sale_ratio": 5.7,
            "price_fair": 31.06,
            "eps_avg_yearly": 0.89,
            "eps_latest_yearly": 0.84,
            "eps_growth_yearly": 33.46
        },
        "20162": {
            "year_quarter": 20162,
            "year": 2016,
            "quarter": 2,
            "eps": 0.5,
            "eps_growth_year": 85.19,
            "eps_4q": 1.3,
            "eps_4q_growth_year": 34.03,
            "roe": 3.55,
            "roe_4q": 9.23,
            "gross_profit": 411774,
            "gross_margin": 29.4,
            "gross_margin_4q_avg": 28.32,
            "net_income": 273284,
            "revenue": 1400607,
            "common_shares": 5456621,
            "book_valuer_per_share": 13.81,
            "book_valuer_per_share_4q_avg": 14.09,
            "equity": 7524935,
            "current_ratio": 243.11,
            "debt_ratio": 36.66,
            "inventory_turnover_ratio": 0.8,
            "account_receivable_turnover_ratio": 0.83,
            "reinvestment_rate": -35.89,
            "research_to_sale_ratio": 5.75,
            "price_fair": 33.69,
            "eps_avg_yearly": 0.96,
            "eps_latest_yearly": 2,
            "eps_growth_yearly": 47.53
        },
        "20163": {
            "year_quarter": 20163,
            "year": 2016,
            "quarter": 3,
            "eps": 0.53,
            "eps_growth_year": 82.76,
            "eps_4q": 1.54,
            "eps_4q_growth_year": 52.69,
            "roe": 3.8,
            "roe_4q": 10.92,
            "gross_profit": 438771,
            "gross_margin": 29.73,
            "gross_margin_4q_avg": 28.33,
            "net_income": 290499,
            "revenue": 1476013,
            "common_shares": 5456621,
            "book_valuer_per_share": 14.27,
            "book_valuer_per_share_4q_avg": 14.16,
            "equity": 7772905,
            "current_ratio": 295.39,
            "debt_ratio": 28.4,
            "inventory_turnover_ratio": 0.8,
            "account_receivable_turnover_ratio": 0.8,
            "reinvestment_rate": -31.9,
            "research_to_sale_ratio": 5.14,
            "price_fair": 36.66,
            "eps_avg_yearly": 1.05,
            "eps_latest_yearly": 2.12,
            "eps_growth_yearly": 50.28
        },
        "20164": {
            "year_quarter": 20164,
            "year": 2016,
            "quarter": 4,
            "eps": 0.32,
            "eps_growth_year": 9.61,
            "eps_4q": 1.57,
            "eps_4q_growth_year": 49.07,
            "roe": 2.23,
            "roe_4q": 11.069999999999999,
            "gross_profit": 343826,
            "gross_margin": 27.38,
            "gross_margin_4q_avg": 29.01,
            "net_income": 174880,
            "revenue": 1255666,
            "common_shares": 5456621,
            "book_valuer_per_share": 14.53,
            "book_valuer_per_share_4q_avg": 14.26,
            "equity": 7913773,
            "current_ratio": 258.26,
            "debt_ratio": 26.76,
            "inventory_turnover_ratio": 0.68,
            "account_receivable_turnover_ratio": 0.71,
            "reinvestment_rate": -31.29,
            "research_to_sale_ratio": 5.57,
            "price_fair": 38.5,
            "eps_avg_yearly": 1.1,
            "eps_latest_yearly": 1.28,
            "eps_growth_yearly": 50.9
        },
        "20171": {
            "year_quarter": 20171,
            "year": 2017,
            "quarter": 1,
            "eps": 0.34,
            "eps_growth_year": 61.9,
            "eps_4q": 1.69,
            "eps_4q_growth_year": 58.65,
            "roe": 2.32,
            "roe_4q": 11.899999999999999,
            "gross_profit": 489298,
            "gross_margin": 31.11,
            "gross_margin_4q_avg": 29.41,
            "net_income": 185998,
            "revenue": 1573014,
            "common_shares": 5469181,
            "book_valuer_per_share": 14.86,
            "book_valuer_per_share_4q_avg": 14.37,
            "equity": 8113130,
            "current_ratio": 273.43,
            "debt_ratio": 25.28,
            "inventory_turnover_ratio": 0.87,
            "account_receivable_turnover_ratio": 0.91,
            "reinvestment_rate": -33.23,
            "research_to_sale_ratio": 5.27,
            "price_fair": 39.99,
            "eps_avg_yearly": 1.14,
            "eps_latest_yearly": 1.36,
            "eps_growth_yearly": 38.82
        },
        "20172": {
            "year_quarter": 20172,
            "year": 2017,
            "quarter": 2,
            "eps": 0.3,
            "eps_growth_year": -40,
            "eps_4q": 1.49,
            "eps_4q_growth_year": 14.67,
            "roe": 2.11,
            "roe_4q": 10.46,
            "gross_profit": 418808,
            "gross_margin": 30.15,
            "gross_margin_4q_avg": 29.59,
            "net_income": 166471,
            "revenue": 1389069,
            "common_shares": 5498619,
            "book_valuer_per_share": 13.93,
            "book_valuer_per_share_4q_avg": 14.4,
            "equity": 7645777,
            "current_ratio": 218.19,
            "debt_ratio": 31.79,
            "inventory_turnover_ratio": 0.85,
            "account_receivable_turnover_ratio": 0.75,
            "reinvestment_rate": -32.02,
            "research_to_sale_ratio": 5.22,
            "price_fair": 40.95,
            "eps_avg_yearly": 1.17,
            "eps_latest_yearly": 1.2,
            "eps_growth_yearly": 32.94
        },
        "20173": {
            "year_quarter": 20173,
            "year": 2017,
            "quarter": 3,
            "eps": 0.39,
            "eps_growth_year": -26.42,
            "eps_4q": 1.63,
            "eps_4q_growth_year": 5.86,
            "roe": 2.64,
            "roe_4q": 9.3,
            "gross_profit": 444696,
            "gross_margin": 31.96,
            "gross_margin_4q_avg": 30.15,
            "net_income": 190985,
            "revenue": 1391201,
            "common_shares": 4412926,
            "book_valuer_per_share": 15.43,
            "book_valuer_per_share_4q_avg": 14.69,
            "equity": 6797831,
            "current_ratio": 181.97,
            "debt_ratio": 36.94,
            "inventory_turnover_ratio": 0.82,
            "account_receivable_turnover_ratio": 0.77,
            "reinvestment_rate": -30.92,
            "research_to_sale_ratio": 5.8,
            "price_fair": 42.44,
            "eps_avg_yearly": 1.21,
            "eps_latest_yearly": 1.56,
            "eps_growth_yearly": 36.49
        },
        "20174": {
            "year_quarter": 20174,
            "year": 2017,
            "quarter": 4,
            "eps": 0.29,
            "eps_growth_year": -9.73,
            "eps_4q": 1.51,
            "eps_4q_growth_year": -3.65,
            "roe": 1.84,
            "roe_4q": 8.91,
            "gross_profit": 301296,
            "gross_margin": 24.37,
            "gross_margin_4q_avg": 29.4,
            "net_income": 128859,
            "revenue": 1236569,
            "common_shares": 4454386,
            "book_valuer_per_share": 16.24,
            "book_valuer_per_share_4q_avg": 15.12,
            "equity": 7223873,
            "current_ratio": 234.36,
            "debt_ratio": 26.97,
            "inventory_turnover_ratio": 0.83,
            "account_receivable_turnover_ratio": 0.76,
            "reinvestment_rate": -16.71,
            "research_to_sale_ratio": 5.17,
            "price_fair": 43.4,
            "eps_avg_yearly": 1.24,
            "eps_latest_yearly": 1.16,
            "eps_growth_yearly": 34.63
        },
        "20181": {
            "year_quarter": 20181,
            "year": 2018,
            "quarter": 1,
            "eps": 0.36,
            "eps_growth_year": 5.88,
            "eps_4q": 1.45,
            "eps_4q_growth_year": -14.36,
            "roe": 2.15,
            "roe_4q": 8.74,
            "gross_profit": 401668,
            "gross_margin": 30.63,
            "gross_margin_4q_avg": 29.28,
            "net_income": 158658,
            "revenue": 1311329,
            "common_shares": 4454386,
            "book_valuer_per_share": 16.89,
            "book_valuer_per_share_4q_avg": 15.62,
            "equity": 7511522,
            "current_ratio": 228.28,
            "debt_ratio": 28.18,
            "inventory_turnover_ratio": 0.79,
            "account_receivable_turnover_ratio": 0.84,
            "reinvestment_rate": -56.01,
            "research_to_sale_ratio": 6.19,
            "price_fair": 44.45,
            "eps_avg_yearly": 1.27,
            "eps_latest_yearly": 1.44,
            "eps_growth_yearly": 32.33
        },
        "20182": {
            "year_quarter": 20182,
            "year": 2018,
            "quarter": 2,
            "eps": 0.34,
            "eps_growth_year": 13.33,
            "eps_4q": 1.42,
            "eps_4q_growth_year": -4.83,
            "roe": 2.06,
            "roe_4q": 8.69,
            "gross_profit": 417500,
            "gross_margin": 30.08,
            "gross_margin_4q_avg": 29.26,
            "net_income": 152029,
            "revenue": 1388157,
            "common_shares": 4454386,
            "book_valuer_per_share": 16.32,
            "book_valuer_per_share_4q_avg": 16.22,
            "equity": 7258489,
            "current_ratio": 195.78,
            "debt_ratio": 33.45,
            "inventory_turnover_ratio": 0.76,
            "account_receivable_turnover_ratio": 0.83,
            "reinvestment_rate": -48.38,
            "research_to_sale_ratio": 5.59,
            "price_fair": 44.89,
            "eps_avg_yearly": 1.28,
            "eps_latest_yearly": 1.36,
            "eps_growth_yearly": 25.73
        },
        "20183": {
            "year_quarter": 20183,
            "year": 2018,
            "quarter": 3,
            "eps": 0.39,
            "eps_growth_year": 0,
            "eps_4q": 1.38,
            "eps_4q_growth_year": -15.24,
            "roe": 2.4,
            "roe_4q": 8.45,
            "gross_profit": 436361,
            "gross_margin": 31.07,
            "gross_margin_4q_avg": 29.04,
            "net_income": 175339,
            "revenue": 1404552,
            "common_shares": 4454386,
            "book_valuer_per_share": 16.5,
            "book_valuer_per_share_4q_avg": 16.49,
            "equity": 7338735,
            "current_ratio": 242.62,
            "debt_ratio": 27.45,
            "inventory_turnover_ratio": 0.71,
            "account_receivable_turnover_ratio": 0.77,
            "reinvestment_rate": -48.89,
            "research_to_sale_ratio": 5.7,
            "price_fair": 46.11,
            "eps_avg_yearly": 1.32,
            "eps_latest_yearly": 1.56,
            "eps_growth_yearly": 32.86
        },
        "20184": {
            "year_quarter": 20184,
            "year": 2018,
            "quarter": 4,
            "eps": 0.38,
            "eps_growth_year": 29.68,
            "eps_4q": 1.47,
            "eps_4q_growth_year": -2.85,
            "roe": 2.25,
            "roe_4q": 8.860000000000001,
            "gross_profit": 366343,
            "gross_margin": 29.06,
            "gross_margin_4q_avg": 30.21,
            "net_income": 167115,
            "revenue": 1260572,
            "common_shares": 4454386,
            "book_valuer_per_share": 16.93,
            "book_valuer_per_share_4q_avg": 16.66,
            "equity": 7530848,
            "current_ratio": 280.89,
            "debt_ratio": 26.13,
            "inventory_turnover_ratio": 0.66,
            "account_receivable_turnover_ratio": 0.72,
            "reinvestment_rate": -46.1,
            "research_to_sale_ratio": 6.3,
            "price_fair": 47.25,
            "eps_avg_yearly": 1.35,
            "eps_latest_yearly": 1.52,
            "eps_growth_yearly": 32.22
        },
        "20191": {
            "year_quarter": 20191,
            "year": 2019,
            "quarter": 1,
            "eps": 0.26,
            "eps_growth_year": -27.78,
            "eps_4q": 1.37,
            "eps_4q_growth_year": -5.52,
            "roe": 1.51,
            "roe_4q": 8.22,
            "gross_profit": 311962,
            "gross_margin": 27.13,
            "gross_margin_4q_avg": 29.34,
            "net_income": 114906,
            "revenue": 1150041,
            "common_shares": 4454386,
            "book_valuer_per_share": 17.19,
            "book_valuer_per_share_4q_avg": 16.74,
            "equity": 7646886,
            "current_ratio": 308.57,
            "debt_ratio": 27.5,
            "inventory_turnover_ratio": 0.62,
            "account_receivable_turnover_ratio": 0.73,
            "reinvestment_rate": -37.56,
            "research_to_sale_ratio": 6.67,
            "price_fair": 47.78,
            "eps_avg_yearly": 1.37,
            "eps_latest_yearly": 1.04,
            "eps_growth_yearly": 29.32
        },
        "20192": {
            "year_quarter": 20192,
            "year": 2019,
            "quarter": 2,
            "eps": 0.33,
            "eps_growth_year": -2.94,
            "eps_4q": 1.36,
            "eps_4q_growth_year": -4.18,
            "roe": 1.93,
            "roe_4q": 8.09,
            "gross_profit": 449385,
            "gross_margin": 31.42,
            "gross_margin_4q_avg": 29.67,
            "net_income": 146783,
            "revenue": 1430179,
            "common_shares": 4454386,
            "book_valuer_per_share": 17,
            "book_valuer_per_share_4q_avg": 16.91,
            "equity": 7560559,
            "current_ratio": 327.53,
            "debt_ratio": 29.55,
            "inventory_turnover_ratio": 0.75,
            "account_receivable_turnover_ratio": 0.93,
            "reinvestment_rate": -39.02,
            "research_to_sale_ratio": 6.19,
            "price_fair": 48.3,
            "eps_avg_yearly": 1.38,
            "eps_latest_yearly": 1.32,
            "eps_growth_yearly": 27.3
        },
        "20193": {
            "year_quarter": 20193,
            "year": 2019,
            "quarter": 3,
            "eps": 0.5,
            "eps_growth_year": 28.21,
            "eps_4q": 1.66,
            "eps_4q_growth_year": 19.9,
            "roe": 2.7,
            "roe_4q": 8.39,
            "gross_profit": 512294,
            "gross_margin": 33.12,
            "gross_margin_4q_avg": 30.18,
            "net_income": 197855,
            "revenue": 1546639,
            "common_shares": 3786228,
            "book_valuer_per_share": 18.75,
            "book_valuer_per_share_4q_avg": 17.47,
            "equity": 7090004,
            "current_ratio": 342.46,
            "debt_ratio": 30.03,
            "inventory_turnover_ratio": 0.85,
            "account_receivable_turnover_ratio": 0.91,
            "reinvestment_rate": -42.47,
            "research_to_sale_ratio": 6.42,
            "price_fair": 50.14,
            "eps_avg_yearly": 1.43,
            "eps_latest_yearly": 2,
            "eps_growth_yearly": 38.33
        },
        "20194": {
            "year_quarter": 20194,
            "year": 2019,
            "quarter": 4,
            "eps": 0.38,
            "eps_growth_year": 2.15,
            "eps_4q": 1.6,
            "eps_4q_growth_year": 8.92,
            "roe": 2.02,
            "roe_4q": 8.16,
            "gross_profit": 364688,
            "gross_margin": 28.25,
            "gross_margin_4q_avg": 29.98,
            "net_income": 145091,
            "revenue": 1291145,
            "common_shares": 3786228,
            "book_valuer_per_share": 19.23,
            "book_valuer_per_share_4q_avg": 18.04,
            "equity": 7268316,
            "current_ratio": 351.56,
            "debt_ratio": 29.48,
            "inventory_turnover_ratio": 0.77,
            "account_receivable_turnover_ratio": 0.79,
            "reinvestment_rate": -41.71,
            "research_to_sale_ratio": 6.76,
            "price_fair": 50.93,
            "eps_avg_yearly": 1.46,
            "eps_latest_yearly": 1.52,
            "eps_growth_yearly": 32.33
        },
        "20201": {
            "year_quarter": 20201,
            "year": 2020,
            "quarter": 1,
            "eps": 0.32,
            "eps_growth_year": 23.08,
            "eps_4q": 1.62,
            "eps_4q_growth_year": 18.02,
            "roe": 1.71,
            "roe_4q": 8.36,
            "gross_profit": 346442,
            "gross_margin": 29.76,
            "gross_margin_4q_avg": 30.64,
            "net_income": 121547,
            "revenue": 1164079,
            "common_shares": 3786228,
            "book_valuer_per_share": 18.39,
            "book_valuer_per_share_4q_avg": 18.34,
            "equity": 6952185,
            "current_ratio": 286.02,
            "debt_ratio": 33.22,
            "inventory_turnover_ratio": 0.63,
            "account_receivable_turnover_ratio": 0.81,
            "reinvestment_rate": -40.48,
            "research_to_sale_ratio": 6.26,
            "price_fair": 51.89,
            "eps_avg_yearly": 1.48,
            "eps_latest_yearly": 1.28,
            "eps_growth_yearly": 35.28
        },
        "20202": {
            "year_quarter": 20202,
            "year": 2020,
            "quarter": 2,
            "eps": 0.12,
            "eps_growth_year": -63.64,
            "eps_4q": 1.35,
            "eps_4q_growth_year": -0.99,
            "roe": 0.63,
            "roe_4q": 7.06,
            "gross_profit": 321387,
            "gross_margin": 26.71,
            "gross_margin_4q_avg": 29.46,
            "net_income": 43905,
            "revenue": 1203230,
            "common_shares": 3786228,
            "book_valuer_per_share": 18.55,
            "book_valuer_per_share_4q_avg": 18.73,
            "equity": 7013258,
            "current_ratio": 296.1,
            "debt_ratio": 32.66,
            "inventory_turnover_ratio": 0.61,
            "account_receivable_turnover_ratio": 0.82,
            "reinvestment_rate": -38.14,
            "research_to_sale_ratio": 7.28,
            "price_fair": 4.16,
            "eps_avg_yearly": 1.39,
            "eps_latest_yearly": 0.48,
            "eps_growth_yearly": -14.87
        },
        "20203": {
            "year_quarter": 20203,
            "year": 2020,
            "quarter": 3,
            "eps": 0.48,
            "eps_growth_year": -4,
            "eps_4q": 1.3,
            "eps_4q_growth_year": -21.57,
            "roe": 2.55,
            "roe_4q": 6.91,
            "gross_profit": 456895,
            "gross_margin": 30.22,
            "gross_margin_4q_avg": 28.74,
            "net_income": 180940,
            "revenue": 1511750,
            "common_shares": 3786228,
            "book_valuer_per_share": 19.02,
            "book_valuer_per_share_4q_avg": 18.8,
            "equity": 7192013,
            "current_ratio": 301.12,
            "debt_ratio": 32.04,
            "inventory_turnover_ratio": 0.73,
            "account_receivable_turnover_ratio": 0.95,
            "reinvestment_rate": -42.87,
            "research_to_sale_ratio": 5.58,
            "price_fair": 48.13,
            "eps_avg_yearly": 1.38,
            "eps_latest_yearly": 1.92,
            "eps_growth_yearly": 58.63
        },
        "20204": {
            "year_quarter": 20204,
            "year": 2020,
            "quarter": 4,
            "eps": 0.61,
            "eps_growth_year": 58.63,
            "eps_4q": 1.53,
            "eps_4q_growth_year": -4.29,
            "roe": 3.07,
            "roe_4q": 7.959999999999999,
            "gross_profit": 518834,
            "gross_margin": 30.32,
            "gross_margin_4q_avg": 29.25,
            "net_income": 228737,
            "revenue": 1710987,
            "common_shares": 3786228,
            "book_valuer_per_share": 20.48,
            "book_valuer_per_share_4q_avg": 19.11,
            "equity": 7693326,
            "current_ratio": 363.79,
            "debt_ratio": 27.7,
            "inventory_turnover_ratio": 0.94,
            "account_receivable_turnover_ratio": 1.04,
            "reinvestment_rate": -43.2,
            "research_to_sale_ratio": 5.28,
            "price_fair": 50.66,
            "eps_avg_yearly": 1.45,
            "eps_latest_yearly": 2.44,
            "eps_growth_yearly": 75.31
        },
        "20211": {
            "year_quarter": 20211,
            "year": 2021,
            "quarter": 1,
            "eps": 0.66,
            "eps_growth_year": 106.25,
            "eps_4q": 1.89,
            "eps_4q_growth_year": 17.05,
            "roe": 3.28,
            "roe_4q": 9.53,
            "gross_profit": 496553,
            "gross_margin": 31.36,
            "gross_margin_4q_avg": 29.65,
            "net_income": 245061,
            "revenue": 1583411,
            "common_shares": 3786228,
            "book_valuer_per_share": 19.67,
            "book_valuer_per_share_4q_avg": 19.43,
            "equity": 7260826,
            "current_ratio": 211.87,
            "debt_ratio": 32.78,
            "inventory_turnover_ratio": 0.97,
            "account_receivable_turnover_ratio": 1,
            "reinvestment_rate": -43.41,
            "research_to_sale_ratio": 1.71,
            "price_fair": 53.46,
            "eps_avg_yearly": 1.53,
            "eps_latest_yearly": 2.64,
            "eps_growth_yearly": 75.79
        },
        "20212": {
            "year_quarter": 20212,
            "year": 2021,
            "quarter": 2,
            "eps": 0.49,
            "eps_growth_year": 308.33,
            "eps_4q": 2.27,
            "eps_4q_growth_year": 68.75,
            "roe": 2.48,
            "roe_4q": 11.379999999999999,
            "gross_profit": 447997,
            "gross_margin": 32.37,
            "gross_margin_4q_avg": 31.07,
            "net_income": 182994,
            "revenue": 1383868,
            "common_shares": 3786228,
            "book_valuer_per_share": 20.23,
            "book_valuer_per_share_4q_avg": 19.85,
            "equity": 7469645,
            "current_ratio": 231.53,
            "debt_ratio": 29.61,
            "inventory_turnover_ratio": 0.85,
            "account_receivable_turnover_ratio": 0.98,
            "reinvestment_rate": -44.5,
            "research_to_sale_ratio": 2.16,
            "price_fair": 55.13,
            "eps_avg_yearly": 1.58,
            "eps_latest_yearly": 1.96,
            "eps_growth_yearly": 72.29
        },
        "20213": {
            "year_quarter": 20213,
            "year": 2021,
            "quarter": 3,
            "eps": 0.62,
            "eps_growth_year": 29.17,
            "eps_4q": 2.07,
            "eps_4q_growth_year": 59.14,
            "roe": 2.95,
            "roe_4q": 11.78,
            "gross_profit": 616134,
            "gross_margin": 34.05,
            "gross_margin_4q_avg": 32.03,
            "net_income": 246867,
            "revenue": 1809464,
            "common_shares": 4386228,
            "book_valuer_per_share": 21.28,
            "book_valuer_per_share_4q_avg": 20.42,
            "equity": 9293338,
            "current_ratio": 311.58,
            "debt_ratio": 24.14,
            "inventory_turnover_ratio": 1.09,
            "account_receivable_turnover_ratio": 1.27,
            "reinvestment_rate": -38.82,
            "research_to_sale_ratio": 2.54,
            "price_fair": 57.14,
            "eps_avg_yearly": 1.63,
            "eps_latest_yearly": 2.48,
            "eps_growth_yearly": 71.43
        },
        "20214": {
            "year_quarter": 20214,
            "year": 2021,
            "quarter": 4,
            "eps": 0.35,
            "eps_growth_year": -41.92,
            "eps_4q": 1.9,
            "eps_4q_growth_year": 24.05,
            "roe": 1.63,
            "roe_4q": 10.34,
            "gross_profit": 416095,
            "gross_margin": 30.45,
            "gross_margin_4q_avg": 32.06,
            "net_income": 154451,
            "revenue": 1366500,
            "common_shares": 4386228,
            "book_valuer_per_share": 22.2,
            "book_valuer_per_share_4q_avg": 20.85,
            "equity": 9697518,
            "current_ratio": 341.99,
            "debt_ratio": 21.45,
            "inventory_turnover_ratio": 0.81,
            "account_receivable_turnover_ratio": 0.96,
            "reinvestment_rate": -47.44,
            "research_to_sale_ratio": 2.74,
            "price_fair": 57.66,
            "eps_avg_yearly": 1.65,
            "eps_latest_yearly": 1.4,
            "eps_growth_yearly": 66.95
        },
        "20221": {
            "year_quarter": 20221,
            "year": 2022,
            "quarter": 1,
            "eps": 0.3,
            "eps_growth_year": -54.55,
            "eps_4q": 1.64,
            "eps_4q_growth_year": -13.33,
            "roe": 1.35,
            "roe_4q": 8.41,
            "gross_profit": 374209,
            "gross_margin": 29.18,
            "gross_margin_4q_avg": 31.51,
            "net_income": 132116,
            "revenue": 1282285,
            "common_shares": 4386228,
            "book_valuer_per_share": 22.58,
            "book_valuer_per_share_4q_avg": 21.57,
            "equity": 9862402,
            "current_ratio": 384.4,
            "debt_ratio": 19.56,
            "inventory_turnover_ratio": 0.72,
            "account_receivable_turnover_ratio": 1.02,
            "reinvestment_rate": -10.38,
            "research_to_sale_ratio": 1.93,
            "price_fair": 57.14,
            "eps_avg_yearly": 1.63,
            "eps_latest_yearly": 1.2,
            "eps_growth_yearly": 57.34
        },
        "20222": {
            "year_quarter": 20222,
            "year": 2022,
            "quarter": 2,
            "eps": 0.32,
            "eps_growth_year": -34.69,
            "eps_4q": 1.54,
            "eps_4q_growth_year": -32.09,
            "roe": 1.54,
            "roe_4q": 7.47,
            "gross_profit": 393366,
            "gross_margin": 29.61,
            "gross_margin_4q_avg": 30.82,
            "net_income": 141188,
            "revenue": 1328448,
            "common_shares": 4386228,
            "book_valuer_per_share": 19.48,
            "book_valuer_per_share_4q_avg": 21.39,
            "equity": 8527878,
            "current_ratio": 240.08,
            "debt_ratio": 28.23,
            "inventory_turnover_ratio": 0.74,
            "account_receivable_turnover_ratio": 1,
            "reinvestment_rate": -17.64,
            "research_to_sale_ratio": 2.51,
            "price_fair": 56.96,
            "eps_avg_yearly": 1.63,
            "eps_latest_yearly": 1.28,
            "eps_growth_yearly": 60.4
        },
        "20223": {
            "year_quarter": 20223,
            "year": 2022,
            "quarter": 3,
            "eps": 0.24,
            "eps_growth_year": -61.29,
            "eps_4q": 1.22,
            "eps_4q_growth_year": -41.1,
            "roe": 1.24,
            "roe_4q": 5.760000000000001,
            "gross_profit": 288752,
            "gross_margin": 27.27,
            "gross_margin_4q_avg": 29.13,
            "net_income": 106004,
            "revenue": 1058831,
            "common_shares": 4386228,
            "book_valuer_per_share": 19.62,
            "book_valuer_per_share_4q_avg": 20.97,
            "equity": 8590123,
            "current_ratio": 341.24,
            "debt_ratio": 20.89,
            "inventory_turnover_ratio": 0.62,
            "account_receivable_turnover_ratio": 0.79,
            "reinvestment_rate": -18.9,
            "research_to_sale_ratio": 4.88,
            "price_fair": 55.65,
            "eps_avg_yearly": 1.59,
            "eps_latest_yearly": 0.96,
            "eps_growth_yearly": 50.47
        },
        "20224": {
            "year_quarter": 20224,
            "year": 2022,
            "quarter": 4,
            "eps": -0.04,
            "eps_growth_year": -112.17,
            "eps_4q": 0.82,
            "eps_4q_growth_year": -56.66,
            "roe": -0.22,
            "roe_4q": 3.91,
            "gross_profit": 158051,
            "gross_margin": 18.37,
            "gross_margin_4q_avg": 26.11,
            "net_income": -18844,
            "revenue": 860213,
            "common_shares": 4386228,
            "book_valuer_per_share": 19.44,
            "book_valuer_per_share_4q_avg": 20.28,
            "equity": 8509394,
            "current_ratio": 349.94,
            "debt_ratio": 19.38,
            "inventory_turnover_ratio": 0.56,
            "account_receivable_turnover_ratio": 0.83,
            "reinvestment_rate": -14.62,
            "research_to_sale_ratio": 3.94,
            "price_fair": 55.81,
            "eps_avg_yearly": 1.59,
            "eps_latest_yearly": 0.96,
            "eps_growth_yearly": 54.52
        },
        "20231": {
            "year_quarter": 20231,
            "year": 2023,
            "quarter": 1,
            "eps": 0.16,
            "eps_growth_year": -46.67,
            "eps_4q": 0.68,
            "eps_4q_growth_year": -58.48,
            "roe": 0.82,
            "roe_4q": 3.38,
            "gross_profit": 156990,
            "gross_margin": 18.87,
            "gross_margin_4q_avg": 23.53,
            "net_income": 69960,
            "revenue": 831888,
            "common_shares": 4386228,
            "book_valuer_per_share": 19.66,
            "book_valuer_per_share_4q_avg": 19.55,
            "equity": 8608617,
            "current_ratio": 379.48,
            "debt_ratio": 19.44,
            "inventory_turnover_ratio": 0.55,
            "account_receivable_turnover_ratio": 1.06,
            "reinvestment_rate": -21.47,
            "research_to_sale_ratio": 5.29,
            "price_fair": 57.2,
            "eps_avg_yearly": 1.63,
            "eps_latest_yearly": 0.96,
            "eps_growth_yearly": 67.44
        }
    },
    "months": {
        "2001-06": {
            "month": "2001-06",
            "price": "24.12",
            "revenue": 297250
        },
        "2001-07": {
            "month": "2001-07",
            "price": "18.76",
            "revenue": 268882
        },
        "2001-08": {
            "month": "2001-08",
            "price": "16.10",
            "revenue": 239772
        },
        "2001-09": {
            "month": "2001-09",
            "price": "11.07",
            "revenue": 222618
        },
        "2001-10": {
            "month": "2001-10",
            "price": "10.57",
            "revenue": 308707
        },
        "2001-11": {
            "month": "2001-11",
            "price": "13.35",
            "revenue": 277134
        },
        "2001-12": {
            "month": "2001-12",
            "price": "15.85",
            "revenue": 260634
        },
        "2002-01": {
            "month": "2002-01",
            "price": "17.70",
            "revenue": 401762
        },
        "2002-02": {
            "month": "2002-02",
            "price": "23.39",
            "revenue": 251717
        },
        "2002-03": {
            "month": "2002-03",
            "price": "25.62",
            "revenue": 501201
        },
        "2002-04": {
            "month": "2002-04",
            "price": "26.64",
            "revenue": 392270
        },
        "2002-05": {
            "month": "2002-05",
            "price": "20.64",
            "revenue": 418267
        },
        "2002-06": {
            "month": "2002-06",
            "price": "18.24",
            "revenue": 431485
        },
        "2002-07": {
            "month": "2002-07",
            "price": "16.22",
            "revenue": 422915
        },
        "2002-08": {
            "month": "2002-08",
            "price": "17.90",
            "revenue": 406785
        },
        "2002-09": {
            "month": "2002-09",
            "price": "15.91",
            "revenue": 343118
        },
        "2002-10": {
            "month": "2002-10",
            "price": "13.40",
            "revenue": 384305
        },
        "2002-11": {
            "month": "2002-11",
            "price": "14.62",
            "revenue": 351964
        },
        "2002-12": {
            "month": "2002-12",
            "price": "14.02",
            "revenue": 587182
        },
        "2003-01": {
            "month": "2003-01",
            "price": "12.88",
            "revenue": 299263
        },
        "2003-02": {
            "month": "2003-02",
            "price": "12.02",
            "revenue": 312855
        },
        "2003-03": {
            "month": "2003-03",
            "price": "10.67",
            "revenue": 407303
        },
        "2003-04": {
            "month": "2003-04",
            "price": "10.86",
            "revenue": 433428
        },
        "2003-05": {
            "month": "2003-05",
            "price": "10.26",
            "revenue": 420504
        },
        "2003-06": {
            "month": "2003-06",
            "price": "13.12",
            "revenue": 317598
        },
        "2003-07": {
            "month": "2003-07",
            "price": "12.85",
            "revenue": 338508
        },
        "2003-08": {
            "month": "2003-08",
            "price": "10.45",
            "revenue": 405169
        },
        "2003-09": {
            "month": "2003-09",
            "price": "10.45",
            "revenue": 387435
        },
        "2003-10": {
            "month": "2003-10",
            "price": "10.97",
            "revenue": 511865
        },
        "2003-11": {
            "month": "2003-11",
            "price": "10.39",
            "revenue": 430064
        },
        "2003-12": {
            "month": "2003-12",
            "price": "9.74",
            "revenue": 402794
        },
        "2004-01": {
            "month": "2004-01",
            "price": "10.27",
            "revenue": 314658
        },
        "2004-02": {
            "month": "2004-02",
            "price": "12.73",
            "revenue": 425862
        },
        "2004-03": {
            "month": "2004-03",
            "price": "12.23",
            "revenue": 472990
        },
        "2004-04": {
            "month": "2004-04",
            "price": "12.06",
            "revenue": 493406
        },
        "2004-05": {
            "month": "2004-05",
            "price": "10.14",
            "revenue": 448971
        },
        "2004-06": {
            "month": "2004-06",
            "price": "9.09",
            "revenue": 443535
        },
        "2004-07": {
            "month": "2004-07",
            "price": "7.46",
            "revenue": 547469
        },
        "2004-08": {
            "month": "2004-08",
            "price": "8.22",
            "revenue": 456043
        },
        "2004-09": {
            "month": "2004-09",
            "price": "8.09",
            "revenue": 459473
        },
        "2004-10": {
            "month": "2004-10",
            "price": "8.06",
            "revenue": 398195
        },
        "2004-11": {
            "month": "2004-11",
            "price": "6.94",
            "revenue": 353640
        },
        "2004-12": {
            "month": "2004-12",
            "price": "5.63",
            "revenue": 313913
        },
        "2005-01": {
            "month": "2005-01",
            "price": "4.96",
            "revenue": 362896
        },
        "2005-02": {
            "month": "2005-02",
            "price": "5.91",
            "revenue": 307791
        },
        "2005-03": {
            "month": "2005-03",
            "price": "5.97",
            "revenue": 410649
        },
        "2005-04": {
            "month": "2005-04",
            "price": "5.29",
            "revenue": 395898
        },
        "2005-05": {
            "month": "2005-05",
            "price": "6.14",
            "revenue": 432142
        },
        "2005-06": {
            "month": "2005-06",
            "price": "8.24",
            "revenue": 459246
        },
        "2005-07": {
            "month": "2005-07",
            "price": "11.36",
            "revenue": 366365
        },
        "2005-08": {
            "month": "2005-08",
            "price": "9.84",
            "revenue": 541824
        },
        "2005-09": {
            "month": "2005-09",
            "price": "9.42",
            "revenue": 514771
        },
        "2005-10": {
            "month": "2005-10",
            "price": "9.30",
            "revenue": 453525
        },
        "2005-11": {
            "month": "2005-11",
            "price": "10.44",
            "revenue": 491985
        },
        "2005-12": {
            "month": "2005-12",
            "price": "10.50",
            "revenue": 401705
        },
        "2006-01": {
            "month": "2006-01",
            "price": "12.34",
            "revenue": 440128
        },
        "2006-02": {
            "month": "2006-02",
            "price": "11.44",
            "revenue": 480124
        },
        "2006-03": {
            "month": "2006-03",
            "price": "11.63",
            "revenue": 672106
        },
        "2006-04": {
            "month": "2006-04",
            "price": "15.20",
            "revenue": 626288
        },
        "2006-05": {
            "month": "2006-05",
            "price": "17.71",
            "revenue": 624847
        },
        "2006-06": {
            "month": "2006-06",
            "price": "14.95",
            "revenue": 578683
        },
        "2006-07": {
            "month": "2006-07",
            "price": "14.40",
            "revenue": 572948
        },
        "2006-08": {
            "month": "2006-08",
            "price": "13.67",
            "revenue": 665285
        },
        "2006-09": {
            "month": "2006-09",
            "price": "13.52",
            "revenue": 584217
        },
        "2006-10": {
            "month": "2006-10",
            "price": "12.85",
            "revenue": 608888
        },
        "2006-11": {
            "month": "2006-11",
            "price": "15.57",
            "revenue": 612839
        },
        "2006-12": {
            "month": "2006-12",
            "price": "19.23",
            "revenue": 569754
        },
        "2007-01": {
            "month": "2007-01",
            "price": "20.17",
            "revenue": 541421
        },
        "2007-02": {
            "month": "2007-02",
            "price": "20.43",
            "revenue": 397828
        },
        "2007-03": {
            "month": "2007-03",
            "price": "22.12",
            "revenue": 609983
        },
        "2007-04": {
            "month": "2007-04",
            "price": "25.89",
            "revenue": 603600
        },
        "2007-05": {
            "month": "2007-05",
            "price": "25.05",
            "revenue": 664036
        },
        "2007-06": {
            "month": "2007-06",
            "price": "28.35",
            "revenue": 632898
        },
        "2007-07": {
            "month": "2007-07",
            "price": "29.54",
            "revenue": 618202
        },
        "2007-08": {
            "month": "2007-08",
            "price": "29.07",
            "revenue": 618553
        },
        "2007-09": {
            "month": "2007-09",
            "price": "28.69",
            "revenue": 504102
        },
        "2007-10": {
            "month": "2007-10",
            "price": "35.52",
            "revenue": 569747
        },
        "2007-11": {
            "month": "2007-11",
            "price": "31.28",
            "revenue": 486644
        },
        "2007-12": {
            "month": "2007-12",
            "price": "29.68",
            "revenue": 517081
        },
        "2008-01": {
            "month": "2008-01",
            "price": "25.82",
            "revenue": 589264
        },
        "2008-02": {
            "month": "2008-02",
            "price": "23.39",
            "revenue": 491636
        },
        "2008-03": {
            "month": "2008-03",
            "price": "26.56",
            "revenue": 579673
        },
        "2008-04": {
            "month": "2008-04",
            "price": "28.00",
            "revenue": 648002
        },
        "2008-05": {
            "month": "2008-05",
            "price": "31.60",
            "revenue": 664931
        },
        "2008-06": {
            "month": "2008-06",
            "price": "29.04",
            "revenue": 589947
        },
        "2008-07": {
            "month": "2008-07",
            "price": "26.01",
            "revenue": 608485
        },
        "2008-08": {
            "month": "2008-08",
            "price": "23.93",
            "revenue": 560619
        },
        "2008-09": {
            "month": "2008-09",
            "price": "14.96",
            "revenue": 510367
        },
        "2008-10": {
            "month": "2008-10",
            "price": "12.14",
            "revenue": 501129
        },
        "2008-11": {
            "month": "2008-11",
            "price": "8.63",
            "revenue": 373719
        },
        "2008-12": {
            "month": "2008-12",
            "price": "9.37",
            "revenue": 390523
        },
        "2009-01": {
            "month": "2009-01",
            "price": "11.01",
            "revenue": 288677
        },
        "2009-02": {
            "month": "2009-02",
            "price": "13.86",
            "revenue": 310098
        },
        "2009-03": {
            "month": "2009-03",
            "price": "16.86",
            "revenue": 379102
        },
        "2009-04": {
            "month": "2009-04",
            "price": "19.13",
            "revenue": 371408
        },
        "2009-05": {
            "month": "2009-05",
            "price": "23.71",
            "revenue": 384408
        },
        "2009-06": {
            "month": "2009-06",
            "price": "27.01",
            "revenue": 438061
        },
        "2009-07": {
            "month": "2009-07",
            "price": "28.83",
            "revenue": 445567
        },
        "2009-08": {
            "month": "2009-08",
            "price": "25.63",
            "revenue": 483637
        },
        "2009-09": {
            "month": "2009-09",
            "price": "26.66",
            "revenue": 506254
        },
        "2009-10": {
            "month": "2009-10",
            "price": "27.04",
            "revenue": 602470
        },
        "2009-11": {
            "month": "2009-11",
            "price": "26.62",
            "revenue": 573096
        },
        "2009-12": {
            "month": "2009-12",
            "price": "28.50",
            "revenue": 624829
        },
        "2010-01": {
            "month": "2010-01",
            "price": "28.45",
            "revenue": 601575
        },
        "2010-02": {
            "month": "2010-02",
            "price": "24.30",
            "revenue": 436428
        },
        "2010-03": {
            "month": "2010-03",
            "price": "25.90",
            "revenue": 588199
        },
        "2010-04": {
            "month": "2010-04",
            "price": "26.38",
            "revenue": 644205
        },
        "2010-05": {
            "month": "2010-05",
            "price": "23.69",
            "revenue": 640059
        },
        "2010-06": {
            "month": "2010-06",
            "price": "23.45",
            "revenue": 669357
        },
        "2010-07": {
            "month": "2010-07",
            "price": "22.80",
            "revenue": 769055
        },
        "2010-08": {
            "month": "2010-08",
            "price": "22.47",
            "revenue": 745920
        },
        "2010-09": {
            "month": "2010-09",
            "price": "22.48",
            "revenue": 658583
        },
        "2010-10": {
            "month": "2010-10",
            "price": "22.20",
            "revenue": 605886
        },
        "2010-11": {
            "month": "2010-11",
            "price": "20.16",
            "revenue": 620155
        },
        "2010-12": {
            "month": "2010-12",
            "price": "20.92",
            "revenue": 694230
        },
        "2011-01": {
            "month": "2011-01",
            "price": "21.58",
            "revenue": 679373
        },
        "2011-02": {
            "month": "2011-02",
            "price": "20.69",
            "revenue": 577311
        },
        "2011-03": {
            "month": "2011-03",
            "price": "20.80",
            "revenue": 608301
        },
        "2011-04": {
            "month": "2011-04",
            "price": "20.60",
            "revenue": 616202
        },
        "2011-05": {
            "month": "2011-05",
            "price": "18.57",
            "revenue": 664672
        },
        "2011-06": {
            "month": "2011-06",
            "price": "18.41",
            "revenue": 652203
        },
        "2011-07": {
            "month": "2011-07",
            "price": "15.87",
            "revenue": 607615
        },
        "2011-08": {
            "month": "2011-08",
            "price": "11.96",
            "revenue": 568826
        },
        "2011-09": {
            "month": "2011-09",
            "price": "11.82",
            "revenue": 526080
        },
        "2011-10": {
            "month": "2011-10",
            "price": "12.71",
            "revenue": 508026
        },
        "2011-11": {
            "month": "2011-11",
            "price": "12.01",
            "revenue": 553183
        },
        "2011-12": {
            "month": "2011-12",
            "price": "10.92",
            "revenue": 500927
        },
        "2012-01": {
            "month": "2012-01",
            "price": "11.20",
            "revenue": 470009
        },
        "2012-02": {
            "month": "2012-02",
            "price": "14.58",
            "revenue": 526317
        },
        "2012-03": {
            "month": "2012-03",
            "price": "14.32",
            "revenue": 554557
        },
        "2012-04": {
            "month": "2012-04",
            "price": "13.98",
            "revenue": 542748
        },
        "2012-05": {
            "month": "2012-05",
            "price": "13.13",
            "revenue": 540001
        },
        "2012-06": {
            "month": "2012-06",
            "price": "12.34",
            "revenue": 534514
        },
        "2012-07": {
            "month": "2012-07",
            "price": "11.67",
            "revenue": 609198
        },
        "2012-08": {
            "month": "2012-08",
            "price": "11.78",
            "revenue": 586709
        },
        "2012-09": {
            "month": "2012-09",
            "price": "12.66",
            "revenue": 549661
        },
        "2012-10": {
            "month": "2012-10",
            "price": "11.88",
            "revenue": 665395
        },
        "2012-11": {
            "month": "2012-11",
            "price": "11.22",
            "revenue": 577257
        },
        "2012-12": {
            "month": "2012-12",
            "price": "11.93",
            "revenue": 430100
        },
        "2013-01": {
            "month": "2013-01",
            "price": "12.05",
            "revenue": 552791
        },
        "2013-02": {
            "month": "2013-02",
            "price": "11.92",
            "revenue": 424883
        },
        "2013-03": {
            "month": "2013-03",
            "price": "12.48",
            "revenue": 557176
        },
        "2013-04": {
            "month": "2013-04",
            "price": "11.78",
            "revenue": 661283
        },
        "2013-05": {
            "month": "2013-05",
            "price": "12.35",
            "revenue": 545243
        },
        "2013-06": {
            "month": "2013-06",
            "price": "11.90",
            "revenue": 500862
        },
        "2013-07": {
            "month": "2013-07",
            "price": "11.47",
            "revenue": 524702
        },
        "2013-08": {
            "month": "2013-08",
            "price": "11.19",
            "revenue": 530206
        },
        "2013-09": {
            "month": "2013-09",
            "price": "11.40",
            "revenue": 535207
        },
        "2013-10": {
            "month": "2013-10",
            "price": "12.50",
            "revenue": 518668
        },
        "2013-11": {
            "month": "2013-11",
            "price": "11.50",
            "revenue": 500376
        },
        "2013-12": {
            "month": "2013-12",
            "price": "12.20",
            "revenue": 540198
        },
        "2014-01": {
            "month": "2014-01",
            "price": "14.74",
            "revenue": 477854
        },
        "2014-02": {
            "month": "2014-02",
            "price": "15.37",
            "revenue": 453360
        },
        "2014-03": {
            "month": "2014-03",
            "price": "16.46",
            "revenue": 574803
        },
        "2014-04": {
            "month": "2014-04",
            "price": "15.26",
            "revenue": 600161
        },
        "2014-05": {
            "month": "2014-05",
            "price": "14.70",
            "revenue": 538449
        },
        "2014-06": {
            "month": "2014-06",
            "price": "14.89",
            "revenue": 484256
        },
        "2014-07": {
            "month": "2014-07",
            "price": "15.65",
            "revenue": 532382
        },
        "2014-08": {
            "month": "2014-08",
            "price": "14.85",
            "revenue": 580785
        },
        "2014-09": {
            "month": "2014-09",
            "price": "14.84",
            "revenue": 487277
        },
        "2014-10": {
            "month": "2014-10",
            "price": "12.98",
            "revenue": 581357
        },
        "2014-11": {
            "month": "2014-11",
            "price": "12.58",
            "revenue": 489881
        },
        "2014-12": {
            "month": "2014-12",
            "price": "12.88",
            "revenue": 516817
        },
        "2015-01": {
            "month": "2015-01",
            "price": "13.29",
            "revenue": 470753
        },
        "2015-02": {
            "month": "2015-02",
            "price": "13.20",
            "revenue": 377327
        },
        "2015-03": {
            "month": "2015-03",
            "price": "13.55",
            "revenue": 532934
        },
        "2015-04": {
            "month": "2015-04",
            "price": "13.84",
            "revenue": 494345
        },
        "2015-05": {
            "month": "2015-05",
            "price": "13.21",
            "revenue": 479016
        },
        "2015-06": {
            "month": "2015-06",
            "price": "11.88",
            "revenue": 435645
        },
        "2015-07": {
            "month": "2015-07",
            "price": "10.88",
            "revenue": 442912
        },
        "2015-08": {
            "month": "2015-08",
            "price": "8.89",
            "revenue": 466708
        },
        "2015-09": {
            "month": "2015-09",
            "price": "9.54",
            "revenue": 435376
        },
        "2015-10": {
            "month": "2015-10",
            "price": "10.41",
            "revenue": 483208
        },
        "2015-11": {
            "month": "2015-11",
            "price": "10.43",
            "revenue": 520956
        },
        "2015-12": {
            "month": "2015-12",
            "price": "9.76",
            "revenue": 491360
        },
        "2016-01": {
            "month": "2016-01",
            "price": "9.65",
            "revenue": 431055
        },
        "2016-02": {
            "month": "2016-02",
            "price": "10.05",
            "revenue": 412584
        },
        "2016-03": {
            "month": "2016-03",
            "price": "10.84",
            "revenue": 512571
        },
        "2016-04": {
            "month": "2016-04",
            "price": "11.29",
            "revenue": 436182
        },
        "2016-05": {
            "month": "2016-05",
            "price": "10.84",
            "revenue": 501454
        },
        "2016-06": {
            "month": "2016-06",
            "price": "11.58",
            "revenue": 462971
        },
        "2016-07": {
            "month": "2016-07",
            "price": "12.32",
            "revenue": 489464
        },
        "2016-08": {
            "month": "2016-08",
            "price": "13.12",
            "revenue": 486661
        },
        "2016-09": {
            "month": "2016-09",
            "price": "13.49",
            "revenue": 499888
        },
        "2016-10": {
            "month": "2016-10",
            "price": "13.09",
            "revenue": 464516
        },
        "2016-11": {
            "month": "2016-11",
            "price": "13.25",
            "revenue": 450773
        },
        "2016-12": {
            "month": "2016-12",
            "price": "14.23",
            "revenue": 340378
        },
        "2017-01": {
            "month": "2017-01",
            "price": "13.97",
            "revenue": 645293
        },
        "2017-02": {
            "month": "2017-02",
            "price": "15.75",
            "revenue": 419889
        },
        "2017-03": {
            "month": "2017-03",
            "price": "16.98",
            "revenue": 507832
        },
        "2017-04": {
            "month": "2017-04",
            "price": "17.71",
            "revenue": 451051
        },
        "2017-05": {
            "month": "2017-05",
            "price": "18.12",
            "revenue": 460185
        },
        "2017-06": {
            "month": "2017-06",
            "price": "17.91",
            "revenue": 477834
        },
        "2017-07": {
            "month": "2017-07",
            "price": "17.30",
            "revenue": 459048
        },
        "2017-08": {
            "month": "2017-08",
            "price": "15.80",
            "revenue": 494773
        },
        "2017-09": {
            "month": "2017-09",
            "price": "19.03",
            "revenue": 437380
        },
        "2017-10": {
            "month": "2017-10",
            "price": "20.28",
            "revenue": 427448
        },
        "2017-11": {
            "month": "2017-11",
            "price": "21.83",
            "revenue": 406026
        },
        "2017-12": {
            "month": "2017-12",
            "price": "21.67",
            "revenue": 403095
        },
        "2018-01": {
            "month": "2018-01",
            "price": "22.60",
            "revenue": 453693
        },
        "2018-02": {
            "month": "2018-02",
            "price": "22.51",
            "revenue": 388619
        },
        "2018-03": {
            "month": "2018-03",
            "price": "23.08",
            "revenue": 469017
        },
        "2018-04": {
            "month": "2018-04",
            "price": "22.67",
            "revenue": 430039
        },
        "2018-05": {
            "month": "2018-05",
            "price": "22.51",
            "revenue": 487537
        },
        "2018-06": {
            "month": "2018-06",
            "price": "29.24",
            "revenue": 470581
        },
        "2018-07": {
            "month": "2018-07",
            "price": "26.57",
            "revenue": 499688
        },
        "2018-08": {
            "month": "2018-08",
            "price": "23.48",
            "revenue": 482169
        },
        "2018-09": {
            "month": "2018-09",
            "price": "21.77",
            "revenue": 422695
        },
        "2018-10": {
            "month": "2018-10",
            "price": "17.75",
            "revenue": 424033
        },
        "2018-11": {
            "month": "2018-11",
            "price": "17.07",
            "revenue": 406347
        },
        "2018-12": {
            "month": "2018-12",
            "price": "18.04",
            "revenue": 430192
        },
        "2019-01": {
            "month": "2019-01",
            "price": "18.20",
            "revenue": 426725
        },
        "2019-02": {
            "month": "2019-02",
            "price": "19.88",
            "revenue": 290474
        },
        "2019-03": {
            "month": "2019-03",
            "price": "22.55",
            "revenue": 432841
        },
        "2019-04": {
            "month": "2019-04",
            "price": "23.90",
            "revenue": 426442
        },
        "2019-05": {
            "month": "2019-05",
            "price": "21.18",
            "revenue": 464413
        },
        "2019-06": {
            "month": "2019-06",
            "price": "20.85",
            "revenue": 539324
        },
        "2019-07": {
            "month": "2019-07",
            "price": "23.02",
            "revenue": 508945
        },
        "2019-08": {
            "month": "2019-08",
            "price": "22.36",
            "revenue": 536935
        },
        "2019-09": {
            "month": "2019-09",
            "price": "24.53",
            "revenue": 500759
        },
        "2019-10": {
            "month": "2019-10",
            "price": "25.17",
            "revenue": 434980
        },
        "2019-11": {
            "month": "2019-11",
            "price": "25.12",
            "revenue": 432080
        },
        "2019-12": {
            "month": "2019-12",
            "price": "26.29",
            "revenue": 424086
        },
        "2020-01": {
            "month": "2020-01",
            "price": "24.56",
            "revenue": 404554
        },
        "2020-02": {
            "month": "2020-02",
            "price": "23.10",
            "revenue": 345628
        },
        "2020-03": {
            "month": "2020-03",
            "price": "18.75",
            "revenue": 413897
        },
        "2020-04": {
            "month": "2020-04",
            "price": "20.14",
            "revenue": 464285
        },
        "2020-05": {
            "month": "2020-05",
            "price": "21.41",
            "revenue": 349163
        },
        "2020-06": {
            "month": "2020-06",
            "price": "20.87",
            "revenue": 389783
        },
        "2020-07": {
            "month": "2020-07",
            "price": "20.04",
            "revenue": 346114
        },
        "2020-08": {
            "month": "2020-08",
            "price": "20.65",
            "revenue": 515294
        },
        "2020-09": {
            "month": "2020-09",
            "price": "23.36",
            "revenue": 650342
        },
        "2020-10": {
            "month": "2020-10",
            "price": "23.67",
            "revenue": 759382
        },
        "2020-11": {
            "month": "2020-11",
            "price": "25.19",
            "revenue": 560827
        },
        "2020-12": {
            "month": "2020-12",
            "price": "25.85",
            "revenue": 383798
        },
        "2021-01": {
            "month": "2021-01",
            "price": "24.62",
            "revenue": 608816
        },
        "2021-02": {
            "month": "2021-02",
            "price": "25.67",
            "revenue": 439801
        },
        "2021-03": {
            "month": "2021-03",
            "price": "26.03",
            "revenue": 534794
        },
        "2021-04": {
            "month": "2021-04",
            "price": "28.40",
            "revenue": 509918
        },
        "2021-05": {
            "month": "2021-05",
            "price": "25.45",
            "revenue": 330354
        },
        "2021-06": {
            "month": "2021-06",
            "price": "26.15",
            "revenue": 543597
        },
        "2021-07": {
            "month": "2021-07",
            "price": "31.46",
            "revenue": 584038
        },
        "2021-08": {
            "month": "2021-08",
            "price": "32.92",
            "revenue": 604884
        },
        "2021-09": {
            "month": "2021-09",
            "price": "34.43",
            "revenue": 620543
        },
        "2021-10": {
            "month": "2021-10",
            "price": "33.99",
            "revenue": 500237
        },
        "2021-11": {
            "month": "2021-11",
            "price": "49.75",
            "revenue": 441691
        },
        "2021-12": {
            "month": "2021-12",
            "price": "63.60",
            "revenue": 424572
        },
        "2022-01": {
            "month": "2022-01",
            "price": "63.62",
            "revenue": 513013
        },
        "2022-02": {
            "month": "2022-02",
            "price": "57.38",
            "revenue": 309046
        },
        "2022-03": {
            "month": "2022-03",
            "price": "51.18",
            "revenue": 460226
        },
        "2022-04": {
            "month": "2022-04",
            "price": "45.44",
            "revenue": 419749
        },
        "2022-05": {
            "month": "2022-05",
            "price": "42.95",
            "revenue": 473262
        },
        "2022-06": {
            "month": "2022-06",
            "price": "48.10",
            "revenue": 435438
        },
        "2022-07": {
            "month": "2022-07",
            "price": "41.27",
            "revenue": 363382
        },
        "2022-08": {
            "month": "2022-08",
            "price": "39.96",
            "revenue": 354487
        },
        "2022-09": {
            "month": "2022-09",
            "price": "35.98",
            "revenue": 340961
        },
        "2022-10": {
            "month": "2022-10",
            "price": "32.18",
            "revenue": 320732
        },
        "2022-11": {
            "month": "2022-11",
            "price": "35.54",
            "revenue": 296148
        },
        "2022-12": {
            "month": "2022-12",
            "price": "36.00",
            "revenue": 243333
        },
        "2023-01": {
            "month": "2023-01",
            "price": "35.05",
            "revenue": 261337
        },
        "2023-02": {
            "month": "2023-02",
            "price": "37.54",
            "revenue": 264225
        },
        "2023-03": {
            "month": "2023-03",
            "price": "38.02",
            "revenue": 306326
        },
        "2023-04": {
            "month": "2023-04",
            "price": "37.30",
            "revenue": 270273
        },
        "2023-05": {
            "month": "2023-05",
            "price": "35.43",
            "revenue": 397079
        }
    }
}
