{
    "summary": {
        "stock_name": "茂矽",
        "stock_id": "2342",
        "category": "半導體",
        "main_business": "1. 研究、設計、發展、測試、製造及銷售各種大型、超大型積體電<br>路及其相關之零組件及系統產品。 2.太陽能電池及相關系統與產品",
        "website_url": "http://www.mosel.com.tw",
        "ceo": "盧建志",
        "pe_ratio": -3105,
        "report_year_from": 2001,
        "report_year_to": 2023,
        "age": 23,
        "eps_negative_percentage": 61,
        "eps_growth_avg": {
            "last_all": -14.02,
            "last_2y": 3.78,
            "last_4y": -22.16,
            "last_8y": 2.27,
            "last_12y": 2.27,
            "last_16y": -25.83,
            "last_20y": -14.02,
            "at_2006_last_3y": 27.3,
            "at_2007_last_3y": -12.51,
            "at_2008_last_3y": -34.38,
            "at_2009_last_3y": -30.71,
            "at_2010_last_3y": -96.06,
            "at_2011_last_3y": -100,
            "at_2012_last_3y": null,
            "at_2013_last_3y": null,
            "at_2014_last_3y": null,
            "at_2015_last_3y": null,
            "at_2016_last_3y": null,
            "at_2017_last_3y": null,
            "at_2018_last_3y": 100,
            "at_2019_last_3y": 0,
            "at_2020_last_3y": 0,
            "at_2021_last_3y": 3.78,
            "at_2022_last_3y": 3.78,
            "at_2023_last_3y": 3.78,
            "at_2024_last_3y": 3.78,
            "at_2006_last_all": 27.3,
            "at_2007_last_all": -12.51,
            "at_2008_last_all": -34.38,
            "at_2009_last_all": -34.38,
            "at_2010_last_all": -34.38,
            "at_2011_last_all": -34.38,
            "at_2012_last_all": -34.38,
            "at_2013_last_all": -34.38,
            "at_2014_last_all": -34.38,
            "at_2015_last_all": -34.38,
            "at_2016_last_all": -34.38,
            "at_2017_last_all": -34.38,
            "at_2018_last_all": -7.51,
            "at_2019_last_all": -22.92,
            "at_2020_last_all": -22.92,
            "at_2021_last_all": -18.03,
            "at_2022_last_all": -3.27,
            "at_2023_last_all": -14.02,
            "at_2024_last_all": -14.02
        },
        "latest_eps": -0.01,
        "latest_price": 31.05,
        "latest_roe": -0.06,
        "latest_gross_margin": 6.73,
        "latest_equity": 2471958,
        "latest_revenue": 407486,
        "latest_gross_profit": 27443,
        "latest_net_income": -7568,
        "latest_debt_ratio": 30.54,
        "latest_current_ratio": 415.53,
        "latest_account_receivable_turnover_ratio": 1.49,
        "latest_inventory_turnover_ratio": 1.45,
        "latest_reinvestment_rate": -23.58,
        "latest_research_to_sale_ratio": 6.69
    },
    "eps_dividends": {
        "1994": {
            "cash": 0,
            "stock": 2,
            "eps": 0
        },
        "1995": {
            "cash": 0,
            "stock": 3.6,
            "eps": 0
        },
        "1996": {
            "cash": 0,
            "stock": 7,
            "eps": 0
        },
        "1997": {
            "cash": 0,
            "stock": 4,
            "eps": 0
        },
        "2000": {
            "cash": 0,
            "stock": 1.2,
            "eps": 0
        },
        "2001": {
            "cash": 0,
            "stock": 1,
            "eps": -6.18
        },
        "2002": {
            "cash": 0,
            "stock": 0,
            "eps": -4.76
        },
        "2003": {
            "cash": 0,
            "stock": 0,
            "eps": -1.21
        },
        "2004": {
            "cash": 0,
            "stock": 0,
            "eps": 1.74
        },
        "2005": {
            "cash": 1,
            "stock": 0,
            "eps": 0.95
        },
        "2006": {
            "cash": 0.5,
            "stock": 0,
            "eps": 4.19
        },
        "2007": {
            "cash": 1,
            "stock": 0.3,
            "eps": 0.33
        },
        "2008": {
            "cash": 0,
            "stock": 0,
            "eps": -9.38
        },
        "2009": {
            "cash": 0,
            "stock": 0,
            "eps": -0.41
        },
        "2010": {
            "cash": 0,
            "stock": 0,
            "eps": -0.93
        },
        "2011": {
            "cash": 0,
            "stock": 0,
            "eps": -2.41
        },
        "2012": {
            "cash": 0,
            "stock": 0,
            "eps": -2.34
        },
        "2013": {
            "cash": 0,
            "stock": 0,
            "eps": -3.18
        },
        "2014": {
            "cash": 0,
            "stock": 0,
            "eps": -1.1
        },
        "2015": {
            "cash": 0,
            "stock": 0,
            "eps": -2.64
        },
        "2016": {
            "cash": 0,
            "stock": 0,
            "eps": -0.32
        },
        "2017": {
            "cash": 0,
            "stock": 0,
            "eps": 0.05
        },
        "2018": {
            "cash": 0,
            "stock": 0,
            "eps": 1.49
        },
        "2019": {
            "cash": 0.27,
            "stock": 0,
            "eps": -2.55
        },
        "2020": {
            "cash": 0,
            "stock": 0,
            "eps": 1.41
        },
        "2021": {
            "cash": 0.5,
            "stock": 0,
            "eps": 1.57
        },
        "2022": {
            "cash": 0.5,
            "stock": 0,
            "eps": 3.52
        },
        "2023": {
            "cash": 2,
            "stock": 0,
            "eps": -0.33
        }
    },
    "dividends": {
        "1994-05-16": {
            "cash": 0,
            "stock": 2
        },
        "1995-04-17": {
            "cash": 0,
            "stock": 3.6
        },
        "1996-03-28": {
            "cash": 0,
            "stock": 7
        },
        "1997-05-24": {
            "cash": 0,
            "stock": 4
        },
        "2000-05-31": {
            "cash": 0,
            "stock": 1.2
        },
        "2001-05-23": {
            "cash": 0,
            "stock": 1
        },
        "2005-05-11": {
            "cash": 1,
            "stock": 0
        },
        "2006-04-27": {
            "cash": 0.5,
            "stock": 0
        },
        "2007-04-24": {
            "cash": 1,
            "stock": 0.3
        },
        "2019-10-17": {
            "cash": 0.27,
            "stock": 0
        },
        "2021-10-27": {
            "cash": 0.5,
            "stock": 0
        },
        "2022-08-26": {
            "cash": 0.5,
            "stock": 0
        },
        "2023-02-24": {
            "cash": 1,
            "stock": 0
        },
        "2023-08-25": {
            "cash": 1,
            "stock": 0
        }
    },
    "prices": {
        "200101": "22.21",
        "200102": "24.28",
        "200103": "24.52",
        "200104": "24.71",
        "200105": "20.66",
        "200106": "19.08",
        "200107": "13.72",
        "200108": "12.02",
        "200109": "8.27",
        "200110": "5.92",
        "200111": "7.57",
        "200112": "12.53",
        "200201": "18.67",
        "200202": "18.92",
        "200203": "18.30",
        "200204": "17.60",
        "200205": "12.58",
        "200206": "11.04",
        "200207": "10.34",
        "200208": "9.63",
        "200209": "8.13",
        "200210": "6.70",
        "200211": "6.71",
        "200212": "5.51",
        "200301": "5.90",
        "200302": "5.30",
        "200303": "4.81",
        "200304": "3.94",
        "200305": "1.79",
        "200306": "無",
        "200307": "1.64",
        "200308": "2.70",
        "200309": "2.08",
        "200310": "1.94",
        "200311": "2.22",
        "200312": "2.00",
        "200401": "2.64",
        "200402": "3.80",
        "200403": "4.19",
        "200404": "5.35",
        "200405": "7.21",
        "200406": "5.12",
        "200407": "4.45",
        "200408": "3.53",
        "200409": "3.00",
        "200410": "2.74",
        "200411": "2.62",
        "200412": "2.57",
        "200501": "2.38",
        "200502": "2.41",
        "200503": "2.86",
        "200504": "2.94",
        "200505": "8.64",
        "200506": "12.16",
        "200507": "11.96",
        "200508": "10.55",
        "200509": "8.58",
        "200510": "7.42",
        "200511": "6.98",
        "200512": "8.12",
        "200601": "9.70",
        "200602": "9.14",
        "200603": "8.08",
        "200604": "9.05",
        "200605": "12.28",
        "200606": "13.03",
        "200607": "12.95",
        "200608": "14.63",
        "200609": "14.33",
        "200610": "15.86",
        "200611": "29.62",
        "200612": "32.96",
        "200701": "30.91",
        "200702": "30.24",
        "200703": "33.67",
        "200704": "44.03",
        "200705": "41.72",
        "200706": "43.41",
        "200707": "52.94",
        "200708": "50.10",
        "200709": "40.73",
        "200710": "39.52",
        "200711": "29.05",
        "200712": "27.17",
        "200801": "23.15",
        "200802": "20.18",
        "200803": "24.07",
        "200804": "26.72",
        "200805": "27.66",
        "200806": "23.88",
        "200807": "20.83",
        "200808": "20.96",
        "200809": "14.61",
        "200810": "9.58",
        "200811": "6.29",
        "200812": "6.49",
        "200901": "6.41",
        "200902": "5.98",
        "200903": "7.37",
        "200904": "11.96",
        "200905": "10.18",
        "200906": "8.14",
        "200907": "8.13",
        "200908": "7.68",
        "200909": "7.39",
        "200910": "15.05",
        "200911": "14.97",
        "200912": "17.73",
        "201001": "17.38",
        "201002": "14.74",
        "201003": "15.34",
        "201004": "15.61",
        "201005": "14.22",
        "201006": "13.67",
        "201007": "14.84",
        "201008": "15.07",
        "201009": "17.11",
        "201010": "16.32",
        "201011": "12.83",
        "201012": "13.68",
        "201101": "14.38",
        "201102": "14.79",
        "201103": "14.68",
        "201104": "14.08",
        "201105": "10.70",
        "201106": "9.34",
        "201107": "7.88",
        "201108": "5.29",
        "201109": "4.88",
        "201110": "4.80",
        "201111": "3.75",
        "201112": "3.40",
        "201201": "4.08",
        "201202": "5.67",
        "201203": "5.23",
        "201204": "4.00",
        "201205": "3.86",
        "201206": "3.20",
        "201207": "3.02",
        "201208": "2.52",
        "201209": "2.50",
        "201210": "2.06",
        "201211": "4.38",
        "201212": "7.39",
        "201301": "7.25",
        "201302": "7.20",
        "201303": "7.42",
        "201304": "6.87",
        "201305": "6.82",
        "201306": "6.36",
        "201307": "6.24",
        "201308": "5.57",
        "201309": "5.37",
        "201310": "6.32",
        "201311": "6.33",
        "201312": "6.27",
        "201401": "6.77",
        "201402": "6.60",
        "201403": "6.56",
        "201404": "6.25",
        "201405": "6.38",
        "201406": "9.44",
        "201407": "9.21",
        "201408": "8.23",
        "201409": "7.56",
        "201410": "6.66",
        "201411": "6.22",
        "201412": "6.43",
        "201501": "7.23",
        "201502": "6.92",
        "201503": "6.56",
        "201504": "5.37",
        "201505": "4.19",
        "201506": "3.19",
        "201507": "2.78",
        "201508": "2.55",
        "201509": "2.42",
        "201510": "2.42",
        "201511": "2.40",
        "201512": "2.33",
        "201601": "2.62",
        "201602": "2.96",
        "201603": "2.90",
        "201604": "2.87",
        "201605": "2.77",
        "201606": "2.49",
        "201607": "2.29",
        "201608": "2.26",
        "201609": "2.37",
        "201610": "2.32",
        "201611": "2.40",
        "201612": "2.93",
        "201701": "2.84",
        "201702": "3.88",
        "201703": "4.29",
        "201704": "4.05",
        "201705": "3.47",
        "201706": "3.24",
        "201707": "3.13",
        "201708": "3.13",
        "201709": "4.55",
        "201710": "20.33",
        "201711": "16.80",
        "201712": "17.32",
        "201801": "19.92",
        "201802": "23.07",
        "201803": "27.35",
        "201804": "34.18",
        "201805": "36.12",
        "201806": "49.60",
        "201807": "40.80",
        "201808": "33.39",
        "201809": "31.11",
        "201810": "26.38",
        "201811": "24.77",
        "201812": "22.83",
        "201901": "19.75",
        "201902": "23.10",
        "201903": "22.13",
        "201904": "21.86",
        "201905": "18.70",
        "201906": "19.11",
        "201907": "20.77",
        "201908": "19.65",
        "201909": "20.92",
        "201910": "19.63",
        "201911": "18.92",
        "201912": "19.58",
        "202001": "19.15",
        "202002": "20.67",
        "202003": "24.04",
        "202004": "23.58",
        "202005": "27.90",
        "202006": "29.53",
        "202007": "31.00",
        "202008": "29.67",
        "202009": "28.87",
        "202010": "28.04",
        "202011": "30.01",
        "202012": "36.13",
        "202101": "37.42",
        "202102": "35.91",
        "202103": "37.88",
        "202104": "39.79",
        "202105": "31.65",
        "202106": "34.05",
        "202107": "46.32",
        "202108": "44.78",
        "202109": "46.52",
        "202110": "43.04",
        "202111": "46.70",
        "202112": "49.32",
        "202201": "45.88",
        "202202": "45.12",
        "202203": "43.32",
        "202204": "38.77",
        "202205": "40.72",
        "202206": "42.05",
        "202207": "35.50",
        "202208": "39.74",
        "202209": "39.00",
        "202210": "33.54",
        "202211": "37.54",
        "202212": "39.63",
        "202301": "38.54",
        "202302": "41.61",
        "202303": "42.34",
        "202304": "44.81",
        "202305": "39.97",
        "202306": "40.48",
        "202307": "40.68",
        "202308": "36.25",
        "202309": "36.24",
        "202310": "34.84",
        "202311": "34.72",
        "202312": "34.76"
    },
    "quarters": {
        "20011": {
            "year_quarter": 20011,
            "year": 2001,
            "quarter": 1,
            "eps": -0.75,
            "eps_growth_year": -388.46,
            "eps_4q": -0.25,
            "eps_4q_growth_year": -111,
            "roe": -4.56,
            "roe_4q": -4.56,
            "gross_profit": -618877,
            "gross_margin": -16.71,
            "gross_margin_4q_avg": -16.71,
            "net_income": -2180369,
            "net_income_4q": null,
            "revenue": 3702829,
            "revenue_4q": null,
            "common_shares": 29265470,
            "book_valuer_per_share": 14.71,
            "book_valuer_per_share_4q_avg": 14.71,
            "equity": 43046788,
            "current_ratio": 186.2,
            "debt_ratio": 39.87,
            "inventory_turnover_ratio": 0.96,
            "account_receivable_turnover_ratio": null,
            "reinvestment_rate": null,
            "research_to_sale_ratio": null,
            "price_fair": 0,
            "eps_avg_yearly": 0,
            "eps_latest_yearly": 0,
            "eps_growth_yearly": 0
        },
        "20012": {
            "year_quarter": 20012,
            "year": 2001,
            "quarter": 2,
            "eps": -2.08,
            "eps_growth_year": -323.66,
            "eps_4q": -3.46,
            "eps_4q_growth_year": -193.64,
            "roe": -16.98,
            "roe_4q": -21.54,
            "gross_profit": -1311200,
            "gross_margin": -53.64,
            "gross_margin_4q_avg": -35.18,
            "net_income": -6723876,
            "net_income_4q": null,
            "revenue": 2444315,
            "revenue_4q": null,
            "common_shares": 29265470,
            "book_valuer_per_share": 12.36,
            "book_valuer_per_share_4q_avg": 13.54,
            "equity": 36169339,
            "current_ratio": 121.11,
            "debt_ratio": 44.52,
            "inventory_turnover_ratio": 1.08,
            "account_receivable_turnover_ratio": null,
            "reinvestment_rate": null,
            "research_to_sale_ratio": null,
            "price_fair": 0,
            "eps_avg_yearly": 0,
            "eps_latest_yearly": 0,
            "eps_growth_yearly": 0
        },
        "20013": {
            "year_quarter": 20013,
            "year": 2001,
            "quarter": 3,
            "eps": -1.91,
            "eps_growth_year": -577.5,
            "eps_4q": -5.4,
            "eps_4q_growth_year": -229.73,
            "roe": -18.72,
            "roe_4q": -40.260000000000005,
            "gross_profit": -1502017,
            "gross_margin": -106.84,
            "gross_margin_4q_avg": -59.06,
            "net_income": -6194007,
            "net_income_4q": null,
            "revenue": 1405858,
            "revenue_4q": null,
            "common_shares": 32390394,
            "book_valuer_per_share": 9.26,
            "book_valuer_per_share_4q_avg": 12.11,
            "equity": 29997896,
            "current_ratio": 97.33,
            "debt_ratio": 52.49,
            "inventory_turnover_ratio": 0.99,
            "account_receivable_turnover_ratio": null,
            "reinvestment_rate": null,
            "research_to_sale_ratio": null,
            "price_fair": 0,
            "eps_avg_yearly": 0,
            "eps_latest_yearly": 0,
            "eps_growth_yearly": 0
        },
        "20014": {
            "year_quarter": 20014,
            "year": 2001,
            "quarter": 4,
            "eps": -1.44,
            "eps_growth_year": null,
            "eps_4q": -5.82,
            "eps_4q_growth_year": -1208.96,
            "roe": -15.11,
            "roe_4q": -55.370000000000005,
            "gross_profit": -2048358,
            "gross_margin": -108.75,
            "gross_margin_4q_avg": -71.49,
            "net_income": -4659978,
            "net_income_4q": null,
            "revenue": 1883510,
            "revenue_4q": null,
            "common_shares": 32390394,
            "book_valuer_per_share": 7.84,
            "book_valuer_per_share_4q_avg": 11.04,
            "equity": 31691489,
            "current_ratio": 97.27,
            "debt_ratio": 53.17,
            "inventory_turnover_ratio": 1.71,
            "account_receivable_turnover_ratio": null,
            "reinvestment_rate": null,
            "research_to_sale_ratio": null,
            "price_fair": 0,
            "eps_avg_yearly": 0,
            "eps_latest_yearly": 0,
            "eps_growth_yearly": 0
        },
        "20021": {
            "year_quarter": 20021,
            "year": 2002,
            "quarter": 1,
            "eps": 0.54,
            "eps_growth_year": null,
            "eps_4q": -5.04,
            "eps_4q_growth_year": null,
            "roe": 5.89,
            "roe_4q": -44.92,
            "gross_profit": -25682,
            "gross_margin": -0.81,
            "gross_margin_4q_avg": -67.51,
            "net_income": 1700514,
            "net_income_4q": null,
            "revenue": 3177019,
            "revenue_4q": null,
            "common_shares": 32390394,
            "book_valuer_per_share": 8.04,
            "book_valuer_per_share_4q_avg": 9.38,
            "equity": 26037022,
            "current_ratio": 70.3,
            "debt_ratio": 52.83,
            "inventory_turnover_ratio": 1.78,
            "account_receivable_turnover_ratio": null,
            "reinvestment_rate": null,
            "research_to_sale_ratio": null,
            "price_fair": 0,
            "eps_avg_yearly": 0,
            "eps_latest_yearly": 0,
            "eps_growth_yearly": 0
        },
        "20022": {
            "year_quarter": 20022,
            "year": 2002,
            "quarter": 2,
            "eps": -1.71,
            "eps_growth_year": null,
            "eps_4q": -4.49,
            "eps_4q_growth_year": null,
            "roe": -22.75,
            "roe_4q": -50.69,
            "gross_profit": -1017949,
            "gross_margin": -41.91,
            "gross_margin_4q_avg": -64.58,
            "net_income": -5377942,
            "net_income_4q": null,
            "revenue": 2429136,
            "revenue_4q": null,
            "common_shares": 32390394,
            "book_valuer_per_share": 6.56,
            "book_valuer_per_share_4q_avg": 7.93,
            "equity": 21238348,
            "current_ratio": 46.99,
            "debt_ratio": 55.33,
            "inventory_turnover_ratio": 2.12,
            "account_receivable_turnover_ratio": null,
            "reinvestment_rate": null,
            "research_to_sale_ratio": null,
            "price_fair": 0,
            "eps_avg_yearly": 0,
            "eps_latest_yearly": 0,
            "eps_growth_yearly": 0
        },
        "20023": {
            "year_quarter": 20023,
            "year": 2002,
            "quarter": 3,
            "eps": -1.36,
            "eps_growth_year": null,
            "eps_4q": -3.9,
            "eps_4q_growth_year": null,
            "roe": -22.41,
            "roe_4q": -54.379999999999995,
            "gross_profit": -1481610,
            "gross_margin": -68.27,
            "gross_margin_4q_avg": -54.94,
            "net_income": -4295265,
            "net_income_4q": null,
            "revenue": 2170136,
            "revenue_4q": null,
            "common_shares": 32390394,
            "book_valuer_per_share": 5.28,
            "book_valuer_per_share_4q_avg": 6.93,
            "equity": 17100416,
            "current_ratio": 42.41,
            "debt_ratio": 60.91,
            "inventory_turnover_ratio": 2.23,
            "account_receivable_turnover_ratio": null,
            "reinvestment_rate": null,
            "research_to_sale_ratio": null,
            "price_fair": 0,
            "eps_avg_yearly": 0,
            "eps_latest_yearly": 0,
            "eps_growth_yearly": 0
        },
        "20024": {
            "year_quarter": 20024,
            "year": 2002,
            "quarter": 4,
            "eps": -2.23,
            "eps_growth_year": null,
            "eps_4q": -4.64,
            "eps_4q_growth_year": null,
            "roe": -47.96,
            "roe_4q": -87.23,
            "gross_profit": -1079315,
            "gross_margin": -28.47,
            "gross_margin_4q_avg": -34.87,
            "net_income": -7374344,
            "net_income_4q": null,
            "revenue": 3791193,
            "revenue_4q": null,
            "common_shares": 36390394,
            "book_valuer_per_share": 3.75,
            "book_valuer_per_share_4q_avg": 5.91,
            "equity": 13653726,
            "current_ratio": 43.32,
            "debt_ratio": 65,
            "inventory_turnover_ratio": 2.83,
            "account_receivable_turnover_ratio": null,
            "reinvestment_rate": null,
            "research_to_sale_ratio": null,
            "price_fair": 0,
            "eps_avg_yearly": 0,
            "eps_latest_yearly": 0,
            "eps_growth_yearly": 0
        },
        "20031": {
            "year_quarter": 20031,
            "year": 2003,
            "quarter": 1,
            "eps": -0.65,
            "eps_growth_year": -220.37,
            "eps_4q": -5.42,
            "eps_4q_growth_year": null,
            "roe": -18.17,
            "roe_4q": -111.28999999999999,
            "gross_profit": -1291558,
            "gross_margin": -30.69,
            "gross_margin_4q_avg": -42.34,
            "net_income": -2325158,
            "net_income_4q": null,
            "revenue": 4209033,
            "revenue_4q": null,
            "common_shares": 36390394,
            "book_valuer_per_share": 3.28,
            "book_valuer_per_share_4q_avg": 4.72,
            "equity": 11934537,
            "current_ratio": 47.85,
            "debt_ratio": 69.11,
            "inventory_turnover_ratio": 2.05,
            "account_receivable_turnover_ratio": null,
            "reinvestment_rate": null,
            "research_to_sale_ratio": null,
            "price_fair": 0,
            "eps_avg_yearly": 0,
            "eps_latest_yearly": 0,
            "eps_growth_yearly": 0
        },
        "20032": {
            "year_quarter": 20032,
            "year": 2003,
            "quarter": 2,
            "eps": -1.11,
            "eps_growth_year": null,
            "eps_4q": -4.93,
            "eps_4q_growth_year": null,
            "roe": -38.88,
            "roe_4q": -127.42,
            "gross_profit": -1571680,
            "gross_margin": -25.02,
            "gross_margin_4q_avg": -38.11,
            "net_income": -3956090,
            "net_income_4q": null,
            "revenue": 6281962,
            "revenue_4q": null,
            "common_shares": 36390394,
            "book_valuer_per_share": 2.31,
            "book_valuer_per_share_4q_avg": 3.66,
            "equity": 8417434,
            "current_ratio": 42.79,
            "debt_ratio": 72.84,
            "inventory_turnover_ratio": 2.44,
            "account_receivable_turnover_ratio": null,
            "reinvestment_rate": null,
            "research_to_sale_ratio": null,
            "price_fair": 0,
            "eps_avg_yearly": 0,
            "eps_latest_yearly": 0,
            "eps_growth_yearly": 0
        },
        "20033": {
            "year_quarter": 20033,
            "year": 2003,
            "quarter": 3,
            "eps": 0.35,
            "eps_growth_year": null,
            "eps_4q": -3.28,
            "eps_4q_growth_year": null,
            "roe": 14.55,
            "roe_4q": -90.46000000000001,
            "gross_profit": 242148,
            "gross_margin": 2.71,
            "gross_margin_4q_avg": -20.37,
            "net_income": 1317558,
            "net_income_4q": null,
            "revenue": 8922597,
            "revenue_4q": null,
            "common_shares": 43399119,
            "book_valuer_per_share": 2.23,
            "book_valuer_per_share_4q_avg": 2.89,
            "equity": 9690911,
            "current_ratio": 38.89,
            "debt_ratio": 65.61,
            "inventory_turnover_ratio": 3.68,
            "account_receivable_turnover_ratio": null,
            "reinvestment_rate": null,
            "research_to_sale_ratio": null,
            "price_fair": 0,
            "eps_avg_yearly": 0,
            "eps_latest_yearly": 0,
            "eps_growth_yearly": 0
        },
        "20034": {
            "year_quarter": 20034,
            "year": 2003,
            "quarter": 4,
            "eps": 0.2,
            "eps_growth_year": null,
            "eps_4q": -1.05,
            "eps_4q_growth_year": null,
            "roe": 7.81,
            "roe_4q": -34.690000000000005,
            "gross_profit": -119631,
            "gross_margin": -1.74,
            "gross_margin_4q_avg": -13.69,
            "net_income": 791967,
            "net_income_4q": null,
            "revenue": 6886277,
            "revenue_4q": null,
            "common_shares": 43399119,
            "book_valuer_per_share": 2.36,
            "book_valuer_per_share_4q_avg": 2.55,
            "equity": 10594297,
            "current_ratio": 60.73,
            "debt_ratio": 58.52,
            "inventory_turnover_ratio": 3.22,
            "account_receivable_turnover_ratio": null,
            "reinvestment_rate": null,
            "research_to_sale_ratio": null,
            "price_fair": 2.4,
            "eps_avg_yearly": 0.8,
            "eps_latest_yearly": 0.8,
            "eps_growth_yearly": -171.43
        },
        "20041": {
            "year_quarter": 20041,
            "year": 2004,
            "quarter": 1,
            "eps": 0.3,
            "eps_growth_year": null,
            "eps_4q": -0.45,
            "eps_4q_growth_year": null,
            "roe": 6.8,
            "roe_4q": -9.720000000000002,
            "gross_profit": -77808,
            "gross_margin": -1.1,
            "gross_margin_4q_avg": -6.29,
            "net_income": 741779,
            "net_income_4q": null,
            "revenue": 7070930,
            "revenue_4q": null,
            "common_shares": 25203922,
            "book_valuer_per_share": 4.46,
            "book_valuer_per_share_4q_avg": 2.84,
            "equity": 11238647,
            "current_ratio": 63.86,
            "debt_ratio": 53.14,
            "inventory_turnover_ratio": 3.4,
            "account_receivable_turnover_ratio": null,
            "reinvestment_rate": null,
            "research_to_sale_ratio": null,
            "price_fair": 24.29,
            "eps_avg_yearly": 1,
            "eps_latest_yearly": 1.2,
            "eps_growth_yearly": 14.29
        },
        "20042": {
            "year_quarter": 20042,
            "year": 2004,
            "quarter": 2,
            "eps": 0.41,
            "eps_growth_year": null,
            "eps_4q": 1.57,
            "eps_4q_growth_year": null,
            "roe": 8.54,
            "roe_4q": 37.7,
            "gross_profit": 173597,
            "gross_margin": 2.65,
            "gross_margin_4q_avg": 0.63,
            "net_income": 1005830,
            "net_income_4q": null,
            "revenue": 6550242,
            "revenue_4q": null,
            "common_shares": 25203922,
            "book_valuer_per_share": 4.89,
            "book_valuer_per_share_4q_avg": 3.49,
            "equity": 12328423,
            "current_ratio": 66.17,
            "debt_ratio": 50.81,
            "inventory_turnover_ratio": 3.1,
            "account_receivable_turnover_ratio": null,
            "reinvestment_rate": null,
            "research_to_sale_ratio": null,
            "price_fair": 42.47,
            "eps_avg_yearly": 1.21,
            "eps_latest_yearly": 1.64,
            "eps_growth_yearly": 58.41
        },
        "20043": {
            "year_quarter": 20043,
            "year": 2004,
            "quarter": 3,
            "eps": 0.41,
            "eps_growth_year": 17.14,
            "eps_4q": 1.42,
            "eps_4q_growth_year": null,
            "roe": 8.09,
            "roe_4q": 31.24,
            "gross_profit": 306111,
            "gross_margin": 5.1,
            "gross_margin_4q_avg": 1.23,
            "net_income": 1028253,
            "net_income_4q": null,
            "revenue": 5998486,
            "revenue_4q": null,
            "common_shares": 25203922,
            "book_valuer_per_share": 5.2,
            "book_valuer_per_share_4q_avg": 4.23,
            "equity": 13097313,
            "current_ratio": 70.16,
            "debt_ratio": 49.17,
            "inventory_turnover_ratio": 2.54,
            "account_receivable_turnover_ratio": null,
            "reinvestment_rate": null,
            "research_to_sale_ratio": null,
            "price_fair": 46.2,
            "eps_avg_yearly": 1.32,
            "eps_latest_yearly": 1.64,
            "eps_growth_yearly": 43.81
        },
        "20044": {
            "year_quarter": 20044,
            "year": 2004,
            "quarter": 4,
            "eps": 0.62,
            "eps_growth_year": 210,
            "eps_4q": 3.37,
            "eps_4q_growth_year": null,
            "roe": 4.61,
            "roe_4q": 28.04,
            "gross_profit": 298539,
            "gross_margin": 4.71,
            "gross_margin_4q_avg": 2.84,
            "net_income": 625324,
            "net_income_4q": null,
            "revenue": 6335333,
            "revenue_4q": null,
            "common_shares": 10266922,
            "book_valuer_per_share": 13.55,
            "book_valuer_per_share_4q_avg": 7.03,
            "equity": 14022599,
            "current_ratio": 67.47,
            "debt_ratio": 46.55,
            "inventory_turnover_ratio": 3.19,
            "account_receivable_turnover_ratio": null,
            "reinvestment_rate": null,
            "research_to_sale_ratio": null,
            "price_fair": 54.32,
            "eps_avg_yearly": 1.55,
            "eps_latest_yearly": 2.48,
            "eps_growth_yearly": 76.02
        },
        "20051": {
            "year_quarter": 20051,
            "year": 2005,
            "quarter": 1,
            "eps": 0.61,
            "eps_growth_year": 103.33,
            "eps_4q": 3.25,
            "eps_4q_growth_year": null,
            "roe": 4.3,
            "roe_4q": 25.54,
            "gross_profit": 209248,
            "gross_margin": 4.14,
            "gross_margin_4q_avg": 4.15,
            "net_income": 613692,
            "net_income_4q": null,
            "revenue": 5058122,
            "revenue_4q": null,
            "common_shares": 10266922,
            "book_valuer_per_share": 14.13,
            "book_valuer_per_share_4q_avg": 9.44,
            "equity": 14508602,
            "current_ratio": 95.65,
            "debt_ratio": 38.82,
            "inventory_turnover_ratio": 3.61,
            "account_receivable_turnover_ratio": null,
            "reinvestment_rate": null,
            "research_to_sale_ratio": null,
            "price_fair": 59.5,
            "eps_avg_yearly": 1.7,
            "eps_latest_yearly": 2.44,
            "eps_growth_yearly": 62.28
        },
        "20052": {
            "year_quarter": 20052,
            "year": 2005,
            "quarter": 2,
            "eps": -0.09,
            "eps_growth_year": -121.95,
            "eps_4q": 2.11,
            "eps_4q_growth_year": 34.51,
            "roe": -0.69,
            "roe_4q": 16.310000000000002,
            "gross_profit": 210682,
            "gross_margin": 4.6,
            "gross_margin_4q_avg": 4.64,
            "net_income": -95897,
            "net_income_4q": null,
            "revenue": 4584191,
            "revenue_4q": null,
            "common_shares": 10266922,
            "book_valuer_per_share": 12.76,
            "book_valuer_per_share_4q_avg": 11.41,
            "equity": 13102481,
            "current_ratio": 93.08,
            "debt_ratio": 42.8,
            "inventory_turnover_ratio": 3.57,
            "account_receivable_turnover_ratio": null,
            "reinvestment_rate": null,
            "research_to_sale_ratio": null,
            "price_fair": 59.5,
            "eps_avg_yearly": 1.7,
            "eps_latest_yearly": 2.44,
            "eps_growth_yearly": 62.28
        },
        "20053": {
            "year_quarter": 20053,
            "year": 2005,
            "quarter": 3,
            "eps": 0.22,
            "eps_growth_year": -46.34,
            "eps_4q": 1.36,
            "eps_4q_growth_year": -4.47,
            "roe": 1.66,
            "roe_4q": 9.879999999999999,
            "gross_profit": 68132,
            "gross_margin": 1.83,
            "gross_margin_4q_avg": 3.82,
            "net_income": 220798,
            "net_income_4q": null,
            "revenue": 3719765,
            "revenue_4q": null,
            "common_shares": 10266922,
            "book_valuer_per_share": 13.09,
            "book_valuer_per_share_4q_avg": 13.38,
            "equity": 13434339,
            "current_ratio": 100.79,
            "debt_ratio": 39.7,
            "inventory_turnover_ratio": 2.86,
            "account_receivable_turnover_ratio": null,
            "reinvestment_rate": null,
            "research_to_sale_ratio": null,
            "price_fair": 59.5,
            "eps_avg_yearly": 1.7,
            "eps_latest_yearly": 2.44,
            "eps_growth_yearly": 62.28
        },
        "20054": {
            "year_quarter": 20054,
            "year": 2005,
            "quarter": 4,
            "eps": 0.21,
            "eps_growth_year": -66.13,
            "eps_4q": 0.93,
            "eps_4q_growth_year": -72.32,
            "roe": 1.53,
            "roe_4q": 6.8,
            "gross_profit": 184414,
            "gross_margin": 8.07,
            "gross_margin_4q_avg": 4.66,
            "net_income": 214418,
            "net_income_4q": null,
            "revenue": 2284977,
            "revenue_4q": null,
            "common_shares": 10266922,
            "book_valuer_per_share": 13.43,
            "book_valuer_per_share_4q_avg": 13.35,
            "equity": 14567554,
            "current_ratio": 90.11,
            "debt_ratio": 37.35,
            "inventory_turnover_ratio": 1.51,
            "account_receivable_turnover_ratio": null,
            "reinvestment_rate": null,
            "research_to_sale_ratio": null,
            "price_fair": 55.2,
            "eps_avg_yearly": 1.58,
            "eps_latest_yearly": 0.84,
            "eps_growth_yearly": 50.78
        },
        "20061": {
            "year_quarter": 20061,
            "year": 2006,
            "quarter": 1,
            "eps": 0.97,
            "eps_growth_year": 59.02,
            "eps_4q": 1.3,
            "eps_4q_growth_year": -59.9,
            "roe": 6.71,
            "roe_4q": 9.21,
            "gross_profit": 254997,
            "gross_margin": 17.34,
            "gross_margin_4q_avg": 7.96,
            "net_income": 983751,
            "net_income_4q": null,
            "revenue": 1470394,
            "revenue_4q": null,
            "common_shares": 10266922,
            "book_valuer_per_share": 14.38,
            "book_valuer_per_share_4q_avg": 13.42,
            "equity": 14763461,
            "current_ratio": 101.82,
            "debt_ratio": 25.05,
            "inventory_turnover_ratio": 0.92,
            "account_receivable_turnover_ratio": null,
            "reinvestment_rate": null,
            "research_to_sale_ratio": null,
            "price_fair": 65.28,
            "eps_avg_yearly": 1.87,
            "eps_latest_yearly": 3.88,
            "eps_growth_yearly": 225.39
        },
        "20062": {
            "year_quarter": 20062,
            "year": 2006,
            "quarter": 2,
            "eps": 0.93,
            "eps_growth_year": null,
            "eps_4q": 2.34,
            "eps_4q_growth_year": 10.7,
            "roe": 6.2,
            "roe_4q": 16.099999999999998,
            "gross_profit": 213265,
            "gross_margin": 14.86,
            "gross_margin_4q_avg": 10.53,
            "net_income": 935056,
            "net_income_4q": null,
            "revenue": 1435313,
            "revenue_4q": null,
            "common_shares": 10266922,
            "book_valuer_per_share": 15.01,
            "book_valuer_per_share_4q_avg": 13.98,
            "equity": 15412472,
            "current_ratio": 107.32,
            "debt_ratio": 24.8,
            "inventory_turnover_ratio": 1.27,
            "account_receivable_turnover_ratio": null,
            "reinvestment_rate": null,
            "research_to_sale_ratio": null,
            "price_fair": 72.49,
            "eps_avg_yearly": 2.07,
            "eps_latest_yearly": 3.72,
            "eps_growth_yearly": 198.51
        },
        "20063": {
            "year_quarter": 20063,
            "year": 2006,
            "quarter": 3,
            "eps": 1.48,
            "eps_growth_year": 572.73,
            "eps_4q": 3.59,
            "eps_4q_growth_year": 164.17,
            "roe": 9.4,
            "roe_4q": 23.840000000000003,
            "gross_profit": 282371,
            "gross_margin": 24.7,
            "gross_margin_4q_avg": 16.24,
            "net_income": 1496284,
            "net_income_4q": null,
            "revenue": 1143033,
            "revenue_4q": null,
            "common_shares": 10266922,
            "book_valuer_per_share": 16.01,
            "book_valuer_per_share_4q_avg": 14.71,
            "equity": 16437198,
            "current_ratio": 114.88,
            "debt_ratio": 21.33,
            "inventory_turnover_ratio": 1.25,
            "account_receivable_turnover_ratio": null,
            "reinvestment_rate": null,
            "research_to_sale_ratio": null,
            "price_fair": 85.96,
            "eps_avg_yearly": 2.46,
            "eps_latest_yearly": 5.92,
            "eps_growth_yearly": 202.32
        },
        "20064": {
            "year_quarter": 20064,
            "year": 2006,
            "quarter": 4,
            "eps": 0.81,
            "eps_growth_year": 285.71,
            "eps_4q": 4.18,
            "eps_4q_growth_year": 347.55,
            "roe": 4.69,
            "roe_4q": 27,
            "gross_profit": 325375,
            "gross_margin": 32.37,
            "gross_margin_4q_avg": 22.32,
            "net_income": 821481,
            "net_income_4q": null,
            "revenue": 1005024,
            "revenue_4q": null,
            "common_shares": 10266922,
            "book_valuer_per_share": 16.88,
            "book_valuer_per_share_4q_avg": 15.57,
            "equity": 18578345,
            "current_ratio": 171.24,
            "debt_ratio": 22.86,
            "inventory_turnover_ratio": 1.12,
            "account_receivable_turnover_ratio": null,
            "reinvestment_rate": -39.36,
            "research_to_sale_ratio": null,
            "price_fair": 88.45,
            "eps_avg_yearly": 2.53,
            "eps_latest_yearly": 3.24,
            "eps_growth_yearly": 167.46
        },
        "20071": {
            "year_quarter": 20071,
            "year": 2007,
            "quarter": 1,
            "eps": 1.01,
            "eps_growth_year": 4.12,
            "eps_4q": 4.22,
            "eps_4q_growth_year": 223.82,
            "roe": 5.49,
            "roe_4q": 25.779999999999998,
            "gross_profit": 269402,
            "gross_margin": 30.05,
            "gross_margin_4q_avg": 25.5,
            "net_income": 1022065,
            "net_income_4q": null,
            "revenue": 896598,
            "revenue_4q": null,
            "common_shares": 10266922,
            "book_valuer_per_share": 18.15,
            "book_valuer_per_share_4q_avg": 16.51,
            "equity": 18632814,
            "current_ratio": 104.23,
            "debt_ratio": 19.23,
            "inventory_turnover_ratio": 0.99,
            "account_receivable_turnover_ratio": null,
            "reinvestment_rate": -22.81,
            "research_to_sale_ratio": null,
            "price_fair": 92.87,
            "eps_avg_yearly": 2.65,
            "eps_latest_yearly": 4.04,
            "eps_growth_yearly": 161.74
        },
        "20072": {
            "year_quarter": 20072,
            "year": 2007,
            "quarter": 2,
            "eps": -0.38,
            "eps_growth_year": -140.86,
            "eps_4q": 2.87,
            "eps_4q_growth_year": 22.56,
            "roe": -2.2,
            "roe_4q": 17.380000000000003,
            "gross_profit": 299148,
            "gross_margin": 29.67,
            "gross_margin_4q_avg": 29.2,
            "net_income": -393675,
            "net_income_4q": null,
            "revenue": 1008345,
            "revenue_4q": null,
            "common_shares": 10266922,
            "book_valuer_per_share": 16.64,
            "book_valuer_per_share_4q_avg": 16.92,
            "equity": 17085801,
            "current_ratio": 119.81,
            "debt_ratio": 23.07,
            "inventory_turnover_ratio": 0.99,
            "account_receivable_turnover_ratio": null,
            "reinvestment_rate": -10.03,
            "research_to_sale_ratio": null,
            "price_fair": 92.87,
            "eps_avg_yearly": 2.65,
            "eps_latest_yearly": 4.04,
            "eps_growth_yearly": 161.74
        },
        "20073": {
            "year_quarter": 20073,
            "year": 2007,
            "quarter": 3,
            "eps": -0.07,
            "eps_growth_year": -104.73,
            "eps_4q": 1.31,
            "eps_4q_growth_year": -63.61,
            "roe": -0.4,
            "roe_4q": 7.58,
            "gross_profit": 317791,
            "gross_margin": 22.65,
            "gross_margin_4q_avg": 28.69,
            "net_income": -68440,
            "net_income_4q": null,
            "revenue": 1403133,
            "revenue_4q": null,
            "common_shares": 10574930,
            "book_valuer_per_share": 15.92,
            "book_valuer_per_share_4q_avg": 16.9,
            "equity": 16831641,
            "current_ratio": 259.43,
            "debt_ratio": 16.87,
            "inventory_turnover_ratio": 1.35,
            "account_receivable_turnover_ratio": null,
            "reinvestment_rate": -7.99,
            "research_to_sale_ratio": null,
            "price_fair": 92.87,
            "eps_avg_yearly": 2.65,
            "eps_latest_yearly": 4.04,
            "eps_growth_yearly": 161.74
        },
        "20074": {
            "year_quarter": 20074,
            "year": 2007,
            "quarter": 4,
            "eps": -0.23,
            "eps_growth_year": -128.4,
            "eps_4q": 0.41,
            "eps_4q_growth_year": -90.26,
            "roe": -1.37,
            "roe_4q": 1.52,
            "gross_profit": 160343,
            "gross_margin": 12.91,
            "gross_margin_4q_avg": 23.82,
            "net_income": -235964,
            "net_income_4q": null,
            "revenue": 1241963,
            "revenue_4q": null,
            "common_shares": 10574930,
            "book_valuer_per_share": 15.53,
            "book_valuer_per_share_4q_avg": 16.56,
            "equity": 17616308,
            "current_ratio": 225.61,
            "debt_ratio": 18.33,
            "inventory_turnover_ratio": 1.19,
            "account_receivable_turnover_ratio": null,
            "reinvestment_rate": -2.78,
            "research_to_sale_ratio": null,
            "price_fair": 98.76,
            "eps_avg_yearly": 2.82,
            "eps_latest_yearly": 4.04,
            "eps_growth_yearly": 192.03
        },
        "20081": {
            "year_quarter": 20081,
            "year": 2008,
            "quarter": 1,
            "eps": -1.17,
            "eps_growth_year": -215.84,
            "eps_4q": -1.76,
            "eps_4q_growth_year": -141.71,
            "roe": -7.5,
            "roe_4q": -11.470000000000002,
            "gross_profit": 14165,
            "gross_margin": 1.18,
            "gross_margin_4q_avg": 16.6,
            "net_income": -1270768,
            "net_income_4q": null,
            "revenue": 1205067,
            "revenue_4q": null,
            "common_shares": 10574930,
            "book_valuer_per_share": 14.29,
            "book_valuer_per_share_4q_avg": 15.6,
            "equity": 16251032,
            "current_ratio": 183.88,
            "debt_ratio": 20.77,
            "inventory_turnover_ratio": 1.38,
            "account_receivable_turnover_ratio": null,
            "reinvestment_rate": 3.65,
            "research_to_sale_ratio": null,
            "price_fair": 104.44,
            "eps_avg_yearly": 2.98,
            "eps_latest_yearly": 4.04,
            "eps_growth_yearly": 191.23
        },
        "20082": {
            "year_quarter": 20082,
            "year": 2008,
            "quarter": 2,
            "eps": -0.61,
            "eps_growth_year": null,
            "eps_4q": -2.04,
            "eps_4q_growth_year": -170.96,
            "roe": -4.22,
            "roe_4q": -13.49,
            "gross_profit": 268289,
            "gross_margin": 20.07,
            "gross_margin_4q_avg": 14.2,
            "net_income": -670763,
            "net_income_4q": null,
            "revenue": 1336612,
            "revenue_4q": null,
            "common_shares": 10574930,
            "book_valuer_per_share": 13.7,
            "book_valuer_per_share_4q_avg": 14.86,
            "equity": 15571000,
            "current_ratio": 160.43,
            "debt_ratio": 22.99,
            "inventory_turnover_ratio": 1.42,
            "account_receivable_turnover_ratio": null,
            "reinvestment_rate": 10.84,
            "research_to_sale_ratio": null,
            "price_fair": 109.67,
            "eps_avg_yearly": 3.13,
            "eps_latest_yearly": 4.04,
            "eps_growth_yearly": 196.18
        },
        "20083": {
            "year_quarter": 20083,
            "year": 2008,
            "quarter": 3,
            "eps": -0.76,
            "eps_growth_year": null,
            "eps_4q": -2.72,
            "eps_4q_growth_year": -308.51,
            "roe": -5.64,
            "roe_4q": -18.73,
            "gross_profit": 338952,
            "gross_margin": 21.95,
            "gross_margin_4q_avg": 14.03,
            "net_income": -847672,
            "net_income_4q": null,
            "revenue": 1544429,
            "revenue_4q": null,
            "common_shares": 10574930,
            "book_valuer_per_share": 12.73,
            "book_valuer_per_share_4q_avg": 14.06,
            "equity": 14497282,
            "current_ratio": 159.97,
            "debt_ratio": 25.11,
            "inventory_turnover_ratio": 1.59,
            "account_receivable_turnover_ratio": null,
            "reinvestment_rate": 25.41,
            "research_to_sale_ratio": null,
            "price_fair": 116.2,
            "eps_avg_yearly": 3.32,
            "eps_latest_yearly": 4.04,
            "eps_growth_yearly": 220.7
        },
        "20084": {
            "year_quarter": 20084,
            "year": 2008,
            "quarter": 4,
            "eps": -6.84,
            "eps_growth_year": null,
            "eps_4q": -9.17,
            "eps_4q_growth_year": -2351.97,
            "roe": -64.91,
            "roe_4q": -82.27,
            "gross_profit": -206629,
            "gross_margin": -17.77,
            "gross_margin_4q_avg": 6.36,
            "net_income": -7210920,
            "net_income_4q": null,
            "revenue": 1162893,
            "revenue_4q": null,
            "common_shares": 10574930,
            "book_valuer_per_share": 6.4,
            "book_valuer_per_share_4q_avg": 11.78,
            "equity": 7722037,
            "current_ratio": 119.39,
            "debt_ratio": 38.13,
            "inventory_turnover_ratio": 1.85,
            "account_receivable_turnover_ratio": 4.13,
            "reinvestment_rate": null,
            "research_to_sale_ratio": null,
            "price_fair": 120.4,
            "eps_avg_yearly": 3.44,
            "eps_latest_yearly": 4.04,
            "eps_growth_yearly": 222.96
        },
        "20091": {
            "year_quarter": 20091,
            "year": 2009,
            "quarter": 1,
            "eps": -0.47,
            "eps_growth_year": null,
            "eps_4q": -8.57,
            "eps_4q_growth_year": null,
            "roe": -6.9,
            "roe_4q": -81.67,
            "gross_profit": -154713,
            "gross_margin": -33.63,
            "gross_margin_4q_avg": -2.35,
            "net_income": -515478,
            "net_income_4q": null,
            "revenue": 460111,
            "revenue_4q": null,
            "common_shares": 10574930,
            "book_valuer_per_share": 5.94,
            "book_valuer_per_share_4q_avg": 9.69,
            "equity": 7219941,
            "current_ratio": 117.02,
            "debt_ratio": 37.72,
            "inventory_turnover_ratio": 0.85,
            "account_receivable_turnover_ratio": 0.98,
            "reinvestment_rate": null,
            "research_to_sale_ratio": null,
            "price_fair": 126.23,
            "eps_avg_yearly": 3.61,
            "eps_latest_yearly": 4.04,
            "eps_growth_yearly": 261.2
        },
        "20092": {
            "year_quarter": 20092,
            "year": 2009,
            "quarter": 2,
            "eps": -0.41,
            "eps_growth_year": null,
            "eps_4q": -8.37,
            "eps_4q_growth_year": null,
            "roe": -6.71,
            "roe_4q": -84.16,
            "gross_profit": -73309,
            "gross_margin": -10.07,
            "gross_margin_4q_avg": -9.88,
            "net_income": -468536,
            "net_income_4q": null,
            "revenue": 727764,
            "revenue_4q": null,
            "common_shares": 10574930,
            "book_valuer_per_share": 5.52,
            "book_valuer_per_share_4q_avg": 7.65,
            "equity": 6736591,
            "current_ratio": 115.15,
            "debt_ratio": 39.51,
            "inventory_turnover_ratio": 1.27,
            "account_receivable_turnover_ratio": 1.6,
            "reinvestment_rate": null,
            "research_to_sale_ratio": null,
            "price_fair": 126.23,
            "eps_avg_yearly": 3.61,
            "eps_latest_yearly": 4.04,
            "eps_growth_yearly": 261.2
        },
        "20093": {
            "year_quarter": 20093,
            "year": 2009,
            "quarter": 3,
            "eps": -0.35,
            "eps_growth_year": null,
            "eps_4q": -14.33,
            "eps_4q_growth_year": null,
            "roe": -3.5,
            "roe_4q": -82.02,
            "gross_profit": 18752,
            "gross_margin": 2.14,
            "gross_margin_4q_avg": -14.83,
            "net_income": -224602,
            "net_income_4q": null,
            "revenue": 875246,
            "revenue_4q": null,
            "common_shares": 5763337,
            "book_valuer_per_share": 9.77,
            "book_valuer_per_share_4q_avg": 6.91,
            "equity": 6103664,
            "current_ratio": 101.98,
            "debt_ratio": 40.87,
            "inventory_turnover_ratio": 1.68,
            "account_receivable_turnover_ratio": 1.53,
            "reinvestment_rate": null,
            "research_to_sale_ratio": null,
            "price_fair": 126.23,
            "eps_avg_yearly": 3.61,
            "eps_latest_yearly": 4.04,
            "eps_growth_yearly": 261.2
        },
        "20094": {
            "year_quarter": 20094,
            "year": 2009,
            "quarter": 4,
            "eps": 0.82,
            "eps_growth_year": null,
            "eps_4q": -1.15,
            "eps_4q_growth_year": null,
            "roe": 7.27,
            "roe_4q": -9.84,
            "gross_profit": 73801,
            "gross_margin": 7.29,
            "gross_margin_4q_avg": -8.57,
            "net_income": 462452,
            "net_income_4q": null,
            "revenue": 1012107,
            "revenue_4q": null,
            "common_shares": 5763337,
            "book_valuer_per_share": 10.69,
            "book_valuer_per_share_4q_avg": 7.98,
            "equity": 6625138,
            "current_ratio": 104.21,
            "debt_ratio": 38.94,
            "inventory_turnover_ratio": 2.19,
            "account_receivable_turnover_ratio": 3.25,
            "reinvestment_rate": null,
            "research_to_sale_ratio": null,
            "price_fair": 145.6,
            "eps_avg_yearly": 4.16,
            "eps_latest_yearly": 4.04,
            "eps_growth_yearly": 317.07
        },
        "20101": {
            "year_quarter": 20101,
            "year": 2010,
            "quarter": 1,
            "eps": 0.21,
            "eps_growth_year": null,
            "eps_4q": -0.07,
            "eps_4q_growth_year": null,
            "roe": 1.66,
            "roe_4q": -1.2800000000000002,
            "gross_profit": 125025,
            "gross_margin": 11.59,
            "gross_margin_4q_avg": 2.74,
            "net_income": 109547,
            "net_income_4q": null,
            "revenue": 1079174,
            "revenue_4q": null,
            "common_shares": 5763337,
            "book_valuer_per_share": 10.68,
            "book_valuer_per_share_4q_avg": 9.17,
            "equity": 6610868,
            "current_ratio": 109.14,
            "debt_ratio": 37.66,
            "inventory_turnover_ratio": 2.45,
            "account_receivable_turnover_ratio": 1.64,
            "reinvestment_rate": null,
            "research_to_sale_ratio": 4.45,
            "price_fair": 10.66,
            "eps_avg_yearly": 3.55,
            "eps_latest_yearly": 0.84,
            "eps_growth_yearly": -31.96
        },
        "20102": {
            "year_quarter": 20102,
            "year": 2010,
            "quarter": 2,
            "eps": 0.63,
            "eps_growth_year": null,
            "eps_4q": 1.3,
            "eps_4q_growth_year": null,
            "roe": 5.34,
            "roe_4q": 10.77,
            "gross_profit": 261521,
            "gross_margin": 19.16,
            "gross_margin_4q_avg": 10.05,
            "net_income": 356977,
            "net_income_4q": null,
            "revenue": 1365013,
            "revenue_4q": null,
            "common_shares": 5763337,
            "book_valuer_per_share": 10.96,
            "book_valuer_per_share_4q_avg": 10.53,
            "equity": 6768425,
            "current_ratio": 96.15,
            "debt_ratio": 37.14,
            "inventory_turnover_ratio": 2.94,
            "account_receivable_turnover_ratio": 1.73,
            "reinvestment_rate": null,
            "research_to_sale_ratio": 3.96,
            "price_fair": 115.92,
            "eps_avg_yearly": 3.31,
            "eps_latest_yearly": 2.52,
            "eps_growth_yearly": 131.34
        },
        "20103": {
            "year_quarter": 20103,
            "year": 2010,
            "quarter": 3,
            "eps": -0.59,
            "eps_growth_year": null,
            "eps_4q": 0.82,
            "eps_4q_growth_year": null,
            "roe": -5.76,
            "roe_4q": 8.51,
            "gross_profit": 251818,
            "gross_margin": 18.02,
            "gross_margin_4q_avg": 14.02,
            "net_income": -409376,
            "net_income_4q": null,
            "revenue": 1397375,
            "revenue_4q": null,
            "common_shares": 6763337,
            "book_valuer_per_share": 10.34,
            "book_valuer_per_share_4q_avg": 10.67,
            "equity": 7434049,
            "current_ratio": 136.27,
            "debt_ratio": 32.52,
            "inventory_turnover_ratio": 2.91,
            "account_receivable_turnover_ratio": 1.76,
            "reinvestment_rate": null,
            "research_to_sale_ratio": 3.34,
            "price_fair": 93.1,
            "eps_avg_yearly": 2.66,
            "eps_latest_yearly": 2.52,
            "eps_growth_yearly": 105.03
        },
        "20104": {
            "year_quarter": 20104,
            "year": 2010,
            "quarter": 4,
            "eps": -1.18,
            "eps_growth_year": -243.89,
            "eps_4q": -1.06,
            "eps_4q_growth_year": null,
            "roe": -11.83,
            "roe_4q": -10.59,
            "gross_profit": -29746,
            "gross_margin": -2.86,
            "gross_margin_4q_avg": 11.48,
            "net_income": -828396,
            "net_income_4q": null,
            "revenue": 1039247,
            "revenue_4q": null,
            "common_shares": 6763337,
            "book_valuer_per_share": 9.11,
            "book_valuer_per_share_4q_avg": 10.27,
            "equity": 6570939,
            "current_ratio": 127.18,
            "debt_ratio": 33.73,
            "inventory_turnover_ratio": 2.57,
            "account_receivable_turnover_ratio": 1.9,
            "reinvestment_rate": null,
            "research_to_sale_ratio": 5.51,
            "price_fair": 86.33,
            "eps_avg_yearly": 2.47,
            "eps_latest_yearly": 2.52,
            "eps_growth_yearly": 200.4
        },
        "20111": {
            "year_quarter": 20111,
            "year": 2011,
            "quarter": 1,
            "eps": -0.46,
            "eps_growth_year": -319.05,
            "eps_4q": -1.7,
            "eps_4q_growth_year": null,
            "roe": -5.02,
            "roe_4q": -17.27,
            "gross_profit": 159729,
            "gross_margin": 16,
            "gross_margin_4q_avg": 12.58,
            "net_income": -322084,
            "net_income_4q": null,
            "revenue": 998346,
            "revenue_4q": null,
            "common_shares": 6763337,
            "book_valuer_per_share": 8.65,
            "book_valuer_per_share_4q_avg": 9.77,
            "equity": 6252215,
            "current_ratio": 124.83,
            "debt_ratio": 35.18,
            "inventory_turnover_ratio": 1.46,
            "account_receivable_turnover_ratio": 2,
            "reinvestment_rate": null,
            "research_to_sale_ratio": 4.37,
            "price_fair": 58.8,
            "eps_avg_yearly": 1.68,
            "eps_latest_yearly": 2.52,
            "eps_growth_yearly": 251.22
        },
        "20112": {
            "year_quarter": 20112,
            "year": 2011,
            "quarter": 2,
            "eps": -1,
            "eps_growth_year": -260.61,
            "eps_4q": -3.24,
            "eps_4q_growth_year": -348.08,
            "roe": -11.88,
            "roe_4q": -34.489999999999995,
            "gross_profit": -141597,
            "gross_margin": -11.51,
            "gross_margin_4q_avg": 4.91,
            "net_income": -693073,
            "net_income_4q": null,
            "revenue": 1230554,
            "revenue_4q": null,
            "common_shares": 6763337,
            "book_valuer_per_share": 7.44,
            "book_valuer_per_share_4q_avg": 8.89,
            "equity": 5417765,
            "current_ratio": 116.07,
            "debt_ratio": 37.46,
            "inventory_turnover_ratio": 2.44,
            "account_receivable_turnover_ratio": 1.85,
            "reinvestment_rate": null,
            "research_to_sale_ratio": 3.6,
            "price_fair": 58.8,
            "eps_avg_yearly": 1.68,
            "eps_latest_yearly": 2.52,
            "eps_growth_yearly": 251.22
        },
        "20113": {
            "year_quarter": 20113,
            "year": 2011,
            "quarter": 3,
            "eps": -0.2,
            "eps_growth_year": null,
            "eps_4q": -2.85,
            "eps_4q_growth_year": -446.23,
            "roe": -2.65,
            "roe_4q": -31.380000000000003,
            "gross_profit": -158844,
            "gross_margin": -15.75,
            "gross_margin_4q_avg": -3.53,
            "net_income": -136680,
            "net_income_4q": null,
            "revenue": 1008641,
            "revenue_4q": null,
            "common_shares": 6763337,
            "book_valuer_per_share": 6.83,
            "book_valuer_per_share_4q_avg": 8.01,
            "equity": 4887293,
            "current_ratio": 115.63,
            "debt_ratio": 41.17,
            "inventory_turnover_ratio": 2.71,
            "account_receivable_turnover_ratio": 1.46,
            "reinvestment_rate": null,
            "research_to_sale_ratio": 4.64,
            "price_fair": 58.8,
            "eps_avg_yearly": 1.68,
            "eps_latest_yearly": 2.52,
            "eps_growth_yearly": 251.22
        },
        "20114": {
            "year_quarter": 20114,
            "year": 2011,
            "quarter": 4,
            "eps": -0.75,
            "eps_growth_year": null,
            "eps_4q": -2.42,
            "eps_4q_growth_year": null,
            "roe": -12.58,
            "roe_4q": -32.129999999999995,
            "gross_profit": -325256,
            "gross_margin": -91.01,
            "gross_margin_4q_avg": -25.57,
            "net_income": -572750,
            "net_income_4q": null,
            "revenue": 357368,
            "revenue_4q": null,
            "common_shares": 6763337,
            "book_valuer_per_share": 6.07,
            "book_valuer_per_share_4q_avg": 7.25,
            "equity": 4216385,
            "current_ratio": 106.87,
            "debt_ratio": 39.86,
            "inventory_turnover_ratio": 1.56,
            "account_receivable_turnover_ratio": 0.82,
            "reinvestment_rate": null,
            "research_to_sale_ratio": 17.75,
            "price_fair": 58.8,
            "eps_avg_yearly": 1.68,
            "eps_latest_yearly": 2.52,
            "eps_growth_yearly": 251.22
        },
        "20121": {
            "year_quarter": 20121,
            "year": 2012,
            "quarter": 1,
            "eps": -0.21,
            "eps_growth_year": null,
            "eps_4q": -2.16,
            "eps_4q_growth_year": null,
            "roe": -3.12,
            "roe_4q": -30.229999999999997,
            "gross_profit": -162077,
            "gross_margin": -33.94,
            "gross_margin_4q_avg": -38.05,
            "net_income": -143500,
            "net_income_4q": null,
            "revenue": 477579,
            "revenue_4q": null,
            "common_shares": 6763337,
            "book_valuer_per_share": 7.19,
            "book_valuer_per_share_4q_avg": 6.88,
            "equity": 4969198,
            "current_ratio": 103.87,
            "debt_ratio": 35.84,
            "inventory_turnover_ratio": 1.96,
            "account_receivable_turnover_ratio": 1.51,
            "reinvestment_rate": null,
            "research_to_sale_ratio": 4.96,
            "price_fair": 58.8,
            "eps_avg_yearly": 1.68,
            "eps_latest_yearly": 2.52,
            "eps_growth_yearly": 251.22
        },
        "20122": {
            "year_quarter": 20122,
            "year": 2012,
            "quarter": 2,
            "eps": -0.06,
            "eps_growth_year": null,
            "eps_4q": -1.22,
            "eps_4q_growth_year": null,
            "roe": -0.94,
            "roe_4q": -19.29,
            "gross_profit": -7813,
            "gross_margin": -1.2,
            "gross_margin_4q_avg": -35.48,
            "net_income": -44204,
            "net_income_4q": null,
            "revenue": 650847,
            "revenue_4q": null,
            "common_shares": 6763337,
            "book_valuer_per_share": 6.41,
            "book_valuer_per_share_4q_avg": 6.63,
            "equity": 4435899,
            "current_ratio": 115.85,
            "debt_ratio": 39.23,
            "inventory_turnover_ratio": 2.9,
            "account_receivable_turnover_ratio": 1.34,
            "reinvestment_rate": null,
            "research_to_sale_ratio": 4.02,
            "price_fair": 58.8,
            "eps_avg_yearly": 1.68,
            "eps_latest_yearly": 2.52,
            "eps_growth_yearly": 251.22
        },
        "20123": {
            "year_quarter": 20123,
            "year": 2012,
            "quarter": 3,
            "eps": -0.76,
            "eps_growth_year": null,
            "eps_4q": -2.61,
            "eps_4q_growth_year": null,
            "roe": -6.47,
            "roe_4q": -23.11,
            "gross_profit": -224654,
            "gross_margin": -55.37,
            "gross_margin_4q_avg": -45.38,
            "net_income": -286225,
            "net_income_4q": null,
            "revenue": 405714,
            "revenue_4q": null,
            "common_shares": 3722549,
            "book_valuer_per_share": 11.59,
            "book_valuer_per_share_4q_avg": 7.82,
            "equity": 4414395,
            "current_ratio": 109.91,
            "debt_ratio": 37.45,
            "inventory_turnover_ratio": 2.93,
            "account_receivable_turnover_ratio": 0.89,
            "reinvestment_rate": null,
            "research_to_sale_ratio": 6.12,
            "price_fair": 58.8,
            "eps_avg_yearly": 1.68,
            "eps_latest_yearly": 2.52,
            "eps_growth_yearly": 251.22
        },
        "20124": {
            "year_quarter": 20124,
            "year": 2012,
            "quarter": 4,
            "eps": -1.31,
            "eps_growth_year": null,
            "eps_4q": -2.56,
            "eps_4q_growth_year": null,
            "roe": -12.18,
            "roe_4q": -22.71,
            "gross_profit": -348120,
            "gross_margin": -113.17,
            "gross_margin_4q_avg": -50.92,
            "net_income": -492960,
            "net_income_4q": null,
            "revenue": 307610,
            "revenue_4q": null,
            "common_shares": 3722549,
            "book_valuer_per_share": 9.63,
            "book_valuer_per_share_4q_avg": 8.71,
            "equity": 3680029,
            "current_ratio": 103.21,
            "debt_ratio": 41.23,
            "inventory_turnover_ratio": 2.8,
            "account_receivable_turnover_ratio": 1.08,
            "reinvestment_rate": null,
            "research_to_sale_ratio": 8.76,
            "price_fair": 58.8,
            "eps_avg_yearly": 1.68,
            "eps_latest_yearly": 2.52,
            "eps_growth_yearly": 251.22
        },
        "20131": {
            "year_quarter": 20131,
            "year": 2013,
            "quarter": 1,
            "eps": -0.55,
            "eps_growth_year": null,
            "eps_4q": -2.73,
            "eps_4q_growth_year": null,
            "roe": -5.64,
            "roe_4q": -25.23,
            "gross_profit": -215784,
            "gross_margin": -53.14,
            "gross_margin_4q_avg": -55.72,
            "net_income": -203447,
            "net_income_4q": null,
            "revenue": 406089,
            "revenue_4q": null,
            "common_shares": 3722549,
            "book_valuer_per_share": 9.22,
            "book_valuer_per_share_4q_avg": 9.21,
            "equity": 3530237,
            "current_ratio": 80.4,
            "debt_ratio": 41.52,
            "inventory_turnover_ratio": 2.49,
            "account_receivable_turnover_ratio": 1.69,
            "reinvestment_rate": null,
            "research_to_sale_ratio": 6.42,
            "price_fair": 58.8,
            "eps_avg_yearly": 1.68,
            "eps_latest_yearly": 2.52,
            "eps_growth_yearly": 251.22
        },
        "20132": {
            "year_quarter": 20132,
            "year": 2013,
            "quarter": 2,
            "eps": -1.4,
            "eps_growth_year": null,
            "eps_4q": -4.01,
            "eps_4q_growth_year": null,
            "roe": -15.63,
            "roe_4q": -39.92,
            "gross_profit": -216037,
            "gross_margin": -51.4,
            "gross_margin_4q_avg": -68.27,
            "net_income": -522982,
            "net_income_4q": null,
            "revenue": 420274,
            "revenue_4q": null,
            "common_shares": 3722549,
            "book_valuer_per_share": 8.23,
            "book_valuer_per_share_4q_avg": 9.67,
            "equity": 3159941,
            "current_ratio": 84.98,
            "debt_ratio": 42.82,
            "inventory_turnover_ratio": 2.74,
            "account_receivable_turnover_ratio": 1.71,
            "reinvestment_rate": null,
            "research_to_sale_ratio": 6.28,
            "price_fair": 58.8,
            "eps_avg_yearly": 1.68,
            "eps_latest_yearly": 2.52,
            "eps_growth_yearly": 251.22
        },
        "20133": {
            "year_quarter": 20133,
            "year": 2013,
            "quarter": 3,
            "eps": -0.43,
            "eps_growth_year": null,
            "eps_4q": -3.68,
            "eps_4q_growth_year": null,
            "roe": -5.3,
            "roe_4q": -38.75,
            "gross_profit": -174504,
            "gross_margin": -37.15,
            "gross_margin_4q_avg": -63.72,
            "net_income": -161614,
            "net_income_4q": null,
            "revenue": 469768,
            "revenue_4q": null,
            "common_shares": 3722549,
            "book_valuer_per_share": 7.66,
            "book_valuer_per_share_4q_avg": 8.69,
            "equity": 2943917,
            "current_ratio": 84.92,
            "debt_ratio": 44.7,
            "inventory_turnover_ratio": 3.01,
            "account_receivable_turnover_ratio": 1.8,
            "reinvestment_rate": null,
            "research_to_sale_ratio": 6.04,
            "price_fair": 58.8,
            "eps_avg_yearly": 1.68,
            "eps_latest_yearly": 2.52,
            "eps_growth_yearly": 251.22
        },
        "20134": {
            "year_quarter": 20134,
            "year": 2013,
            "quarter": 4,
            "eps": -0.8,
            "eps_growth_year": null,
            "eps_4q": -3.17,
            "eps_4q_growth_year": null,
            "roe": -10.71,
            "roe_4q": -37.28,
            "gross_profit": -181967,
            "gross_margin": -41.4,
            "gross_margin_4q_avg": -45.77,
            "net_income": -300288,
            "net_income_4q": null,
            "revenue": 439513,
            "revenue_4q": null,
            "common_shares": 3722549,
            "book_valuer_per_share": 6.91,
            "book_valuer_per_share_4q_avg": 8.01,
            "equity": 2665200,
            "current_ratio": 65.1,
            "debt_ratio": 46.34,
            "inventory_turnover_ratio": 3.42,
            "account_receivable_turnover_ratio": 1.61,
            "reinvestment_rate": null,
            "research_to_sale_ratio": 7.56,
            "price_fair": 58.8,
            "eps_avg_yearly": 1.68,
            "eps_latest_yearly": 2.52,
            "eps_growth_yearly": 251.22
        },
        "20141": {
            "year_quarter": 20141,
            "year": 2014,
            "quarter": 1,
            "eps": 0.13,
            "eps_growth_year": null,
            "eps_4q": -2.49,
            "eps_4q_growth_year": null,
            "roe": 1.8,
            "roe_4q": -29.840000000000003,
            "gross_profit": -90861,
            "gross_margin": -19.77,
            "gross_margin_4q_avg": -37.43,
            "net_income": 47437,
            "net_income_4q": null,
            "revenue": 459673,
            "revenue_4q": null,
            "common_shares": 3722549,
            "book_valuer_per_share": 6.75,
            "book_valuer_per_share_4q_avg": 7.39,
            "equity": 2601112,
            "current_ratio": 75.84,
            "debt_ratio": 46.67,
            "inventory_turnover_ratio": 3.16,
            "account_receivable_turnover_ratio": 1.69,
            "reinvestment_rate": null,
            "research_to_sale_ratio": 6.58,
            "price_fair": 88.2,
            "eps_avg_yearly": 2.52,
            "eps_latest_yearly": 2.52,
            "eps_growth_yearly": 800
        },
        "20142": {
            "year_quarter": 20142,
            "year": 2014,
            "quarter": 2,
            "eps": -0.31,
            "eps_growth_year": null,
            "eps_4q": -1.41,
            "eps_4q_growth_year": null,
            "roe": -4.71,
            "roe_4q": -18.92,
            "gross_profit": -112088,
            "gross_margin": -21.73,
            "gross_margin_4q_avg": -30.01,
            "net_income": -118453,
            "net_income_4q": null,
            "revenue": 515743,
            "revenue_4q": null,
            "common_shares": 3722549,
            "book_valuer_per_share": 6.29,
            "book_valuer_per_share_4q_avg": 6.9,
            "equity": 2429660,
            "current_ratio": 75.26,
            "debt_ratio": 47.36,
            "inventory_turnover_ratio": 3.45,
            "account_receivable_turnover_ratio": 1.73,
            "reinvestment_rate": null,
            "research_to_sale_ratio": 6,
            "price_fair": 0,
            "eps_avg_yearly": 0,
            "eps_latest_yearly": 0,
            "eps_growth_yearly": 0
        },
        "20143": {
            "year_quarter": 20143,
            "year": 2014,
            "quarter": 3,
            "eps": -0.57,
            "eps_growth_year": null,
            "eps_4q": -1.54,
            "eps_4q_growth_year": null,
            "roe": -9.24,
            "roe_4q": -22.86,
            "gross_profit": -160473,
            "gross_margin": -41.66,
            "gross_margin_4q_avg": -31.14,
            "net_income": -214334,
            "net_income_4q": null,
            "revenue": 385152,
            "revenue_4q": null,
            "common_shares": 3722549,
            "book_valuer_per_share": 5.71,
            "book_valuer_per_share_4q_avg": 6.42,
            "equity": 2208036,
            "current_ratio": 67.8,
            "debt_ratio": 48.68,
            "inventory_turnover_ratio": 3.66,
            "account_receivable_turnover_ratio": 1.39,
            "reinvestment_rate": null,
            "research_to_sale_ratio": 8.31,
            "price_fair": 0,
            "eps_avg_yearly": 0,
            "eps_latest_yearly": 0,
            "eps_growth_yearly": 0
        },
        "20144": {
            "year_quarter": 20144,
            "year": 2014,
            "quarter": 4,
            "eps": -0.35,
            "eps_growth_year": null,
            "eps_4q": -1.09,
            "eps_4q_growth_year": null,
            "roe": -6.28,
            "roe_4q": -18.43,
            "gross_profit": -161312,
            "gross_margin": -57.32,
            "gross_margin_4q_avg": -35.12,
            "net_income": -131900,
            "net_income_4q": null,
            "revenue": 281435,
            "revenue_4q": null,
            "common_shares": 3722549,
            "book_valuer_per_share": 5.13,
            "book_valuer_per_share_4q_avg": 5.97,
            "equity": 1990633,
            "current_ratio": 69.23,
            "debt_ratio": 51.09,
            "inventory_turnover_ratio": 3.06,
            "account_receivable_turnover_ratio": 1.28,
            "reinvestment_rate": null,
            "research_to_sale_ratio": 9.68,
            "price_fair": 0,
            "eps_avg_yearly": 0,
            "eps_latest_yearly": 0,
            "eps_growth_yearly": 0
        },
        "20151": {
            "year_quarter": 20151,
            "year": 2015,
            "quarter": 1,
            "eps": -1.23,
            "eps_growth_year": -1046.15,
            "eps_4q": -2.46,
            "eps_4q_growth_year": null,
            "roe": -26.33,
            "roe_4q": -46.56,
            "gross_profit": -96285,
            "gross_margin": -24.92,
            "gross_margin_4q_avg": -36.41,
            "net_income": -461974,
            "net_income_4q": null,
            "revenue": 386339,
            "revenue_4q": null,
            "common_shares": 3722549,
            "book_valuer_per_share": 3.87,
            "book_valuer_per_share_4q_avg": 5.25,
            "equity": 1517836,
            "current_ratio": 59.78,
            "debt_ratio": 55.24,
            "inventory_turnover_ratio": 3.09,
            "account_receivable_turnover_ratio": 1.73,
            "reinvestment_rate": null,
            "research_to_sale_ratio": 7.76,
            "price_fair": 0,
            "eps_avg_yearly": 0,
            "eps_latest_yearly": 0,
            "eps_growth_yearly": 0
        },
        "20152": {
            "year_quarter": 20152,
            "year": 2015,
            "quarter": 2,
            "eps": -1.05,
            "eps_growth_year": null,
            "eps_4q": -3.2,
            "eps_4q_growth_year": null,
            "roe": -29.86,
            "roe_4q": -71.71,
            "gross_profit": -131842,
            "gross_margin": -33.29,
            "gross_margin_4q_avg": -39.3,
            "net_income": -393237,
            "net_income_4q": null,
            "revenue": 396045,
            "revenue_4q": null,
            "common_shares": 3722549,
            "book_valuer_per_share": 2.8,
            "book_valuer_per_share_4q_avg": 4.38,
            "equity": 1116405,
            "current_ratio": 60.13,
            "debt_ratio": 61.03,
            "inventory_turnover_ratio": 4.05,
            "account_receivable_turnover_ratio": 1.5,
            "reinvestment_rate": null,
            "research_to_sale_ratio": 6.59,
            "price_fair": 0,
            "eps_avg_yearly": 0,
            "eps_latest_yearly": 0,
            "eps_growth_yearly": 0
        },
        "20153": {
            "year_quarter": 20153,
            "year": 2015,
            "quarter": 3,
            "eps": -0.12,
            "eps_growth_year": null,
            "eps_4q": -2.76,
            "eps_4q_growth_year": null,
            "roe": -4.2,
            "roe_4q": -66.67,
            "gross_profit": -54701,
            "gross_margin": -15.98,
            "gross_margin_4q_avg": -32.88,
            "net_income": -45654,
            "net_income_4q": null,
            "revenue": 342241,
            "revenue_4q": null,
            "common_shares": 3722549,
            "book_valuer_per_share": 2.64,
            "book_valuer_per_share_4q_avg": 3.61,
            "equity": 1058547,
            "current_ratio": 60.24,
            "debt_ratio": 61.65,
            "inventory_turnover_ratio": 3.46,
            "account_receivable_turnover_ratio": 1.35,
            "reinvestment_rate": null,
            "research_to_sale_ratio": 3.77,
            "price_fair": 0,
            "eps_avg_yearly": 0,
            "eps_latest_yearly": 0,
            "eps_growth_yearly": 0
        },
        "20154": {
            "year_quarter": 20154,
            "year": 2015,
            "quarter": 4,
            "eps": -0.24,
            "eps_growth_year": null,
            "eps_4q": -2.65,
            "eps_4q_growth_year": null,
            "roe": -9.16,
            "roe_4q": -69.55,
            "gross_profit": -23041,
            "gross_margin": -7.51,
            "gross_margin_4q_avg": -20.43,
            "net_income": -92644,
            "net_income_4q": null,
            "revenue": 306943,
            "revenue_4q": null,
            "common_shares": 3722549,
            "book_valuer_per_share": 2.4,
            "book_valuer_per_share_4q_avg": 2.93,
            "equity": 965355,
            "current_ratio": 84.22,
            "debt_ratio": 62.78,
            "inventory_turnover_ratio": 2.87,
            "account_receivable_turnover_ratio": 1.34,
            "reinvestment_rate": null,
            "research_to_sale_ratio": 6.51,
            "price_fair": 0,
            "eps_avg_yearly": 0,
            "eps_latest_yearly": 0,
            "eps_growth_yearly": 0
        },
        "20161": {
            "year_quarter": 20161,
            "year": 2016,
            "quarter": 1,
            "eps": -0.26,
            "eps_growth_year": null,
            "eps_4q": -1.68,
            "eps_4q_growth_year": null,
            "roe": -10.89,
            "roe_4q": -54.11,
            "gross_profit": 31387,
            "gross_margin": 9.48,
            "gross_margin_4q_avg": -11.83,
            "net_income": -99431,
            "net_income_4q": null,
            "revenue": 331090,
            "revenue_4q": null,
            "common_shares": 3722549,
            "book_valuer_per_share": 2.13,
            "book_valuer_per_share_4q_avg": 2.49,
            "equity": 861215,
            "current_ratio": 81.94,
            "debt_ratio": 64.96,
            "inventory_turnover_ratio": 2.66,
            "account_receivable_turnover_ratio": 1.5,
            "reinvestment_rate": null,
            "research_to_sale_ratio": 4.47,
            "price_fair": 0,
            "eps_avg_yearly": 0,
            "eps_latest_yearly": 0,
            "eps_growth_yearly": 0
        },
        "20162": {
            "year_quarter": 20162,
            "year": 2016,
            "quarter": 2,
            "eps": -0.06,
            "eps_growth_year": null,
            "eps_4q": -0.69,
            "eps_4q_growth_year": null,
            "roe": -2.77,
            "roe_4q": -27.02,
            "gross_profit": 51164,
            "gross_margin": 14.6,
            "gross_margin_4q_avg": 0.15,
            "net_income": -23500,
            "net_income_4q": null,
            "revenue": 350480,
            "revenue_4q": null,
            "common_shares": 3722549,
            "book_valuer_per_share": 2.06,
            "book_valuer_per_share_4q_avg": 2.31,
            "equity": 836206,
            "current_ratio": 82.87,
            "debt_ratio": 66.36,
            "inventory_turnover_ratio": 2.45,
            "account_receivable_turnover_ratio": 1.49,
            "reinvestment_rate": null,
            "research_to_sale_ratio": 4.61,
            "price_fair": 0,
            "eps_avg_yearly": 0,
            "eps_latest_yearly": 0,
            "eps_growth_yearly": 0
        },
        "20163": {
            "year_quarter": 20163,
            "year": 2016,
            "quarter": 3,
            "eps": 0.01,
            "eps_growth_year": null,
            "eps_4q": -0.56,
            "eps_4q_growth_year": null,
            "roe": -0.04,
            "roe_4q": -22.86,
            "gross_profit": 82883,
            "gross_margin": 21.3,
            "gross_margin_4q_avg": 9.47,
            "net_income": -331,
            "net_income_4q": null,
            "revenue": 389041,
            "revenue_4q": null,
            "common_shares": 3722549,
            "book_valuer_per_share": 2.07,
            "book_valuer_per_share_4q_avg": 2.17,
            "equity": 834581,
            "current_ratio": 83.34,
            "debt_ratio": 63.56,
            "inventory_turnover_ratio": 2.2,
            "account_receivable_turnover_ratio": 1.42,
            "reinvestment_rate": null,
            "research_to_sale_ratio": 4.4,
            "price_fair": 0,
            "eps_avg_yearly": 0,
            "eps_latest_yearly": 0,
            "eps_growth_yearly": 0
        },
        "20164": {
            "year_quarter": 20164,
            "year": 2016,
            "quarter": 4,
            "eps": -0.01,
            "eps_growth_year": null,
            "eps_4q": -0.33,
            "eps_4q_growth_year": null,
            "roe": -0.83,
            "roe_4q": -14.530000000000001,
            "gross_profit": 78203,
            "gross_margin": 20.52,
            "gross_margin_4q_avg": 16.48,
            "net_income": -6871,
            "net_income_4q": null,
            "revenue": 381097,
            "revenue_4q": null,
            "common_shares": 3722549,
            "book_valuer_per_share": 2.02,
            "book_valuer_per_share_4q_avg": 2.07,
            "equity": 814239,
            "current_ratio": 87.25,
            "debt_ratio": 64.01,
            "inventory_turnover_ratio": 1.99,
            "account_receivable_turnover_ratio": 1.3,
            "reinvestment_rate": null,
            "research_to_sale_ratio": 4.16,
            "price_fair": 0,
            "eps_avg_yearly": 0,
            "eps_latest_yearly": 0,
            "eps_growth_yearly": 0
        },
        "20171": {
            "year_quarter": 20171,
            "year": 2017,
            "quarter": 1,
            "eps": -0.1,
            "eps_growth_year": null,
            "eps_4q": -0.16,
            "eps_4q_growth_year": null,
            "roe": -5.12,
            "roe_4q": -8.76,
            "gross_profit": 69036,
            "gross_margin": 16.44,
            "gross_margin_4q_avg": 18.22,
            "net_income": -40609,
            "net_income_4q": null,
            "revenue": 420001,
            "revenue_4q": null,
            "common_shares": 3722549,
            "book_valuer_per_share": 1.92,
            "book_valuer_per_share_4q_avg": 2.02,
            "equity": 771992,
            "current_ratio": 86.66,
            "debt_ratio": 65.1,
            "inventory_turnover_ratio": 2.23,
            "account_receivable_turnover_ratio": 1.44,
            "reinvestment_rate": null,
            "research_to_sale_ratio": 4.18,
            "price_fair": 0,
            "eps_avg_yearly": 0,
            "eps_latest_yearly": 0,
            "eps_growth_yearly": 0
        },
        "20172": {
            "year_quarter": 20172,
            "year": 2017,
            "quarter": 2,
            "eps": 0,
            "eps_growth_year": null,
            "eps_4q": -0.1,
            "eps_4q_growth_year": null,
            "roe": -0.3,
            "roe_4q": -6.29,
            "gross_profit": 62669,
            "gross_margin": 15.83,
            "gross_margin_4q_avg": 18.52,
            "net_income": -2289,
            "net_income_4q": null,
            "revenue": 395831,
            "revenue_4q": null,
            "common_shares": 3722549,
            "book_valuer_per_share": 1.93,
            "book_valuer_per_share_4q_avg": 1.99,
            "equity": 773929,
            "current_ratio": 87.21,
            "debt_ratio": 64.43,
            "inventory_turnover_ratio": 2.14,
            "account_receivable_turnover_ratio": 1.3,
            "reinvestment_rate": null,
            "research_to_sale_ratio": 4.54,
            "price_fair": 0,
            "eps_avg_yearly": 0,
            "eps_latest_yearly": 0,
            "eps_growth_yearly": 0
        },
        "20173": {
            "year_quarter": 20173,
            "year": 2017,
            "quarter": 3,
            "eps": 0.15,
            "eps_growth_year": 1400,
            "eps_4q": -0.36,
            "eps_4q_growth_year": null,
            "roe": 1.21,
            "roe_4q": -5.04,
            "gross_profit": 70903,
            "gross_margin": 17.14,
            "gross_margin_4q_avg": 17.48,
            "net_income": 9390,
            "net_income_4q": null,
            "revenue": 413548,
            "revenue_4q": null,
            "common_shares": 751423,
            "book_valuer_per_share": 9.69,
            "book_valuer_per_share_4q_avg": 3.89,
            "equity": 780300,
            "current_ratio": 88.83,
            "debt_ratio": 63.71,
            "inventory_turnover_ratio": 2.24,
            "account_receivable_turnover_ratio": 1.3,
            "reinvestment_rate": null,
            "research_to_sale_ratio": 4.13,
            "price_fair": 0,
            "eps_avg_yearly": 0,
            "eps_latest_yearly": 0,
            "eps_growth_yearly": 0
        },
        "20174": {
            "year_quarter": 20174,
            "year": 2017,
            "quarter": 4,
            "eps": -0,
            "eps_growth_year": null,
            "eps_4q": -0.21,
            "eps_4q_growth_year": null,
            "roe": -0.23,
            "roe_4q": -4.44,
            "gross_profit": 73318,
            "gross_margin": 18.01,
            "gross_margin_4q_avg": 16.86,
            "net_income": -2372,
            "net_income_4q": null,
            "revenue": 407097,
            "revenue_4q": null,
            "common_shares": 1131423,
            "book_valuer_per_share": 10.97,
            "book_valuer_per_share_4q_avg": 6.13,
            "equity": 1291974,
            "current_ratio": 184.99,
            "debt_ratio": 51.42,
            "inventory_turnover_ratio": 2.24,
            "account_receivable_turnover_ratio": 1.31,
            "reinvestment_rate": null,
            "research_to_sale_ratio": 6.51,
            "price_fair": 0,
            "eps_avg_yearly": 0,
            "eps_latest_yearly": 0,
            "eps_growth_yearly": 0
        },
        "20181": {
            "year_quarter": 20181,
            "year": 2018,
            "quarter": 1,
            "eps": 0.14,
            "eps_growth_year": null,
            "eps_4q": 0.24,
            "eps_4q_growth_year": null,
            "roe": 1.27,
            "roe_4q": 1.95,
            "gross_profit": 84241,
            "gross_margin": 19.4,
            "gross_margin_4q_avg": 17.6,
            "net_income": 16517,
            "net_income_4q": null,
            "revenue": 434151,
            "revenue_4q": null,
            "common_shares": 1131423,
            "book_valuer_per_share": 11.09,
            "book_valuer_per_share_4q_avg": 8.42,
            "equity": 1305718,
            "current_ratio": 186.58,
            "debt_ratio": 51.09,
            "inventory_turnover_ratio": 2.31,
            "account_receivable_turnover_ratio": 1.5,
            "reinvestment_rate": null,
            "research_to_sale_ratio": 4.79,
            "price_fair": 0,
            "eps_avg_yearly": 0,
            "eps_latest_yearly": 0,
            "eps_growth_yearly": 0
        },
        "20182": {
            "year_quarter": 20182,
            "year": 2018,
            "quarter": 2,
            "eps": 0.85,
            "eps_growth_year": null,
            "eps_4q": 1.09,
            "eps_4q_growth_year": null,
            "roe": 7.47,
            "roe_4q": 9.719999999999999,
            "gross_profit": 83161,
            "gross_margin": 18.49,
            "gross_margin_4q_avg": 18.26,
            "net_income": 100455,
            "net_income_4q": null,
            "revenue": 449846,
            "revenue_4q": null,
            "common_shares": 1131423,
            "book_valuer_per_share": 12.07,
            "book_valuer_per_share_4q_avg": 10.96,
            "equity": 1384677,
            "current_ratio": 130.73,
            "debt_ratio": 49.76,
            "inventory_turnover_ratio": 2.34,
            "account_receivable_turnover_ratio": 1.54,
            "reinvestment_rate": null,
            "research_to_sale_ratio": 4.67,
            "price_fair": 119,
            "eps_avg_yearly": 3.4,
            "eps_latest_yearly": 3.4,
            "eps_growth_yearly": 2028.57
        },
        "20183": {
            "year_quarter": 20183,
            "year": 2018,
            "quarter": 3,
            "eps": 0.3,
            "eps_growth_year": 100,
            "eps_4q": 1.29,
            "eps_4q_growth_year": null,
            "roe": 2.52,
            "roe_4q": 11.03,
            "gross_profit": 108571,
            "gross_margin": 21.68,
            "gross_margin_4q_avg": 19.4,
            "net_income": 35214,
            "net_income_4q": null,
            "revenue": 500720,
            "revenue_4q": null,
            "common_shares": 1131423,
            "book_valuer_per_share": 12.33,
            "book_valuer_per_share_4q_avg": 11.62,
            "equity": 1415365,
            "current_ratio": 133.61,
            "debt_ratio": 49.5,
            "inventory_turnover_ratio": 2.29,
            "account_receivable_turnover_ratio": 1.52,
            "reinvestment_rate": null,
            "research_to_sale_ratio": 4.19,
            "price_fair": 80.5,
            "eps_avg_yearly": 2.3,
            "eps_latest_yearly": 1.2,
            "eps_growth_yearly": 884.87
        },
        "20184": {
            "year_quarter": 20184,
            "year": 2018,
            "quarter": 4,
            "eps": 0.2,
            "eps_growth_year": null,
            "eps_4q": 1.14,
            "eps_4q_growth_year": null,
            "roe": 1.67,
            "roe_4q": 12.93,
            "gross_profit": 79103,
            "gross_margin": 16.91,
            "gross_margin_4q_avg": 19.12,
            "net_income": 31359,
            "net_income_4q": null,
            "revenue": 467842,
            "revenue_4q": null,
            "common_shares": 1551423,
            "book_valuer_per_share": 14.92,
            "book_valuer_per_share_4q_avg": 12.6,
            "equity": 2335092,
            "current_ratio": 204.73,
            "debt_ratio": 36.86,
            "inventory_turnover_ratio": 2.05,
            "account_receivable_turnover_ratio": 1.41,
            "reinvestment_rate": null,
            "research_to_sale_ratio": 5.64,
            "price_fair": 63,
            "eps_avg_yearly": 1.8,
            "eps_latest_yearly": 0.8,
            "eps_growth_yearly": 545.47
        },
        "20191": {
            "year_quarter": 20191,
            "year": 2019,
            "quarter": 1,
            "eps": -0.18,
            "eps_growth_year": -228.57,
            "eps_4q": 0.86,
            "eps_4q_growth_year": 251.85,
            "roe": -1.21,
            "roe_4q": 10.45,
            "gross_profit": 24390,
            "gross_margin": 6.62,
            "gross_margin_4q_avg": 15.93,
            "net_income": -28052,
            "net_income_4q": null,
            "revenue": 368662,
            "revenue_4q": null,
            "common_shares": 1563423,
            "book_valuer_per_share": 14.65,
            "book_valuer_per_share_4q_avg": 13.49,
            "equity": 2310696,
            "current_ratio": 206.41,
            "debt_ratio": 41.43,
            "inventory_turnover_ratio": 1.9,
            "account_receivable_turnover_ratio": 1.29,
            "reinvestment_rate": null,
            "research_to_sale_ratio": 5.82,
            "price_fair": 63,
            "eps_avg_yearly": 1.8,
            "eps_latest_yearly": 0.8,
            "eps_growth_yearly": 545.47
        },
        "20192": {
            "year_quarter": 20192,
            "year": 2019,
            "quarter": 2,
            "eps": -0.39,
            "eps_growth_year": -145.88,
            "eps_4q": -0.15,
            "eps_4q_growth_year": -113.43,
            "roe": -2.65,
            "roe_4q": 0.33000000000000007,
            "gross_profit": -22588,
            "gross_margin": -8.58,
            "gross_margin_4q_avg": 9.16,
            "net_income": -59814,
            "net_income_4q": null,
            "revenue": 263208,
            "revenue_4q": null,
            "common_shares": 1563423,
            "book_valuer_per_share": 14.01,
            "book_valuer_per_share_4q_avg": 13.98,
            "equity": 2210835,
            "current_ratio": 396.43,
            "debt_ratio": 27.31,
            "inventory_turnover_ratio": 1.81,
            "account_receivable_turnover_ratio": 1.18,
            "reinvestment_rate": null,
            "research_to_sale_ratio": 9.97,
            "price_fair": 63,
            "eps_avg_yearly": 1.8,
            "eps_latest_yearly": 0.8,
            "eps_growth_yearly": 545.47
        },
        "20193": {
            "year_quarter": 20193,
            "year": 2019,
            "quarter": 3,
            "eps": -1.1,
            "eps_growth_year": -466.67,
            "eps_4q": -1.46,
            "eps_4q_growth_year": -213.39,
            "roe": -8.05,
            "roe_4q": -10.24,
            "gross_profit": 39980,
            "gross_margin": 11.98,
            "gross_margin_4q_avg": 6.73,
            "net_income": -171485,
            "net_income_4q": null,
            "revenue": 333735,
            "revenue_4q": null,
            "common_shares": 1563423,
            "book_valuer_per_share": 13,
            "book_valuer_per_share_4q_avg": 14.15,
            "equity": 2051917,
            "current_ratio": 412.2,
            "debt_ratio": 28.65,
            "inventory_turnover_ratio": 1.9,
            "account_receivable_turnover_ratio": 1.53,
            "reinvestment_rate": null,
            "research_to_sale_ratio": 8.76,
            "price_fair": 63,
            "eps_avg_yearly": 1.8,
            "eps_latest_yearly": 0.8,
            "eps_growth_yearly": 545.47
        },
        "20194": {
            "year_quarter": 20194,
            "year": 2019,
            "quarter": 4,
            "eps": -0.88,
            "eps_growth_year": -536.03,
            "eps_4q": -2.54,
            "eps_4q_growth_year": -322.08,
            "roe": -6.87,
            "roe_4q": -18.78,
            "gross_profit": 65183,
            "gross_margin": 16.63,
            "gross_margin_4q_avg": 6.66,
            "net_income": -137572,
            "net_income_4q": null,
            "revenue": 392016,
            "revenue_4q": null,
            "common_shares": 1563423,
            "book_valuer_per_share": 12.35,
            "book_valuer_per_share_4q_avg": 13.5,
            "equity": 1951545,
            "current_ratio": 391.31,
            "debt_ratio": 28.82,
            "inventory_turnover_ratio": 1.91,
            "account_receivable_turnover_ratio": 1.52,
            "reinvestment_rate": null,
            "research_to_sale_ratio": 6.26,
            "price_fair": 63,
            "eps_avg_yearly": 1.8,
            "eps_latest_yearly": 0.8,
            "eps_growth_yearly": 545.47
        },
        "20201": {
            "year_quarter": 20201,
            "year": 2020,
            "quarter": 1,
            "eps": -0.69,
            "eps_growth_year": null,
            "eps_4q": -3.04,
            "eps_4q_growth_year": -455.6,
            "roe": -5.65,
            "roe_4q": -23.22,
            "gross_profit": 62547,
            "gross_margin": 15.76,
            "gross_margin_4q_avg": 8.95,
            "net_income": -106642,
            "net_income_4q": null,
            "revenue": 396948,
            "revenue_4q": null,
            "common_shares": 1562178,
            "book_valuer_per_share": 11.57,
            "book_valuer_per_share_4q_avg": 12.73,
            "equity": 1826381,
            "current_ratio": 397.2,
            "debt_ratio": 30.01,
            "inventory_turnover_ratio": 1.82,
            "account_receivable_turnover_ratio": 1.51,
            "reinvestment_rate": null,
            "research_to_sale_ratio": 6.22,
            "price_fair": 63,
            "eps_avg_yearly": 1.8,
            "eps_latest_yearly": 0.8,
            "eps_growth_yearly": 545.47
        },
        "20202": {
            "year_quarter": 20202,
            "year": 2020,
            "quarter": 2,
            "eps": -0.91,
            "eps_growth_year": null,
            "eps_4q": -3.56,
            "eps_4q_growth_year": null,
            "roe": -8.02,
            "roe_4q": -28.59,
            "gross_profit": 145504,
            "gross_margin": 28.1,
            "gross_margin_4q_avg": 18.12,
            "net_income": -141468,
            "net_income_4q": null,
            "revenue": 517831,
            "revenue_4q": null,
            "common_shares": 1561863,
            "book_valuer_per_share": 10.77,
            "book_valuer_per_share_4q_avg": 11.92,
            "equity": 1700886,
            "current_ratio": 331.15,
            "debt_ratio": 34.16,
            "inventory_turnover_ratio": 1.99,
            "account_receivable_turnover_ratio": 1.77,
            "reinvestment_rate": null,
            "research_to_sale_ratio": 4.2,
            "price_fair": 63,
            "eps_avg_yearly": 1.8,
            "eps_latest_yearly": 0.8,
            "eps_growth_yearly": 545.47
        },
        "20203": {
            "year_quarter": 20203,
            "year": 2020,
            "quarter": 3,
            "eps": 2,
            "eps_growth_year": null,
            "eps_4q": -0.48,
            "eps_4q_growth_year": null,
            "roe": 16.7,
            "roe_4q": -3.8400000000000007,
            "gross_profit": 125589,
            "gross_margin": 25.65,
            "gross_margin_4q_avg": 21.54,
            "net_income": 310620,
            "net_income_4q": null,
            "revenue": 489534,
            "revenue_4q": null,
            "common_shares": 1561863,
            "book_valuer_per_share": 12.8,
            "book_valuer_per_share_4q_avg": 11.87,
            "equity": 2019138,
            "current_ratio": 369.64,
            "debt_ratio": 28.64,
            "inventory_turnover_ratio": 1.82,
            "account_receivable_turnover_ratio": 1.53,
            "reinvestment_rate": null,
            "research_to_sale_ratio": 4.59,
            "price_fair": 63,
            "eps_avg_yearly": 1.8,
            "eps_latest_yearly": 0.8,
            "eps_growth_yearly": 545.47
        },
        "20204": {
            "year_quarter": 20204,
            "year": 2020,
            "quarter": 4,
            "eps": 1.01,
            "eps_growth_year": null,
            "eps_4q": 1.41,
            "eps_4q_growth_year": null,
            "roe": 7.48,
            "roe_4q": 10.51,
            "gross_profit": 84955,
            "gross_margin": 19.25,
            "gross_margin_4q_avg": 22.19,
            "net_income": 157023,
            "net_income_4q": null,
            "revenue": 441339,
            "revenue_4q": null,
            "common_shares": 1561651,
            "book_valuer_per_share": 13.82,
            "book_valuer_per_share_4q_avg": 12.24,
            "equity": 2177973,
            "current_ratio": 394.42,
            "debt_ratio": 26.49,
            "inventory_turnover_ratio": 1.7,
            "account_receivable_turnover_ratio": 1.45,
            "reinvestment_rate": null,
            "research_to_sale_ratio": 5.3,
            "price_fair": 82.6,
            "eps_avg_yearly": 2.36,
            "eps_latest_yearly": 4.04,
            "eps_growth_yearly": 359.6
        },
        "20211": {
            "year_quarter": 20211,
            "year": 2021,
            "quarter": 1,
            "eps": 0.28,
            "eps_growth_year": null,
            "eps_4q": 2.37,
            "eps_4q_growth_year": null,
            "roe": 1.99,
            "roe_4q": 18.150000000000002,
            "gross_profit": 65632,
            "gross_margin": 15.96,
            "gross_margin_4q_avg": 22.24,
            "net_income": 43877,
            "net_income_4q": null,
            "revenue": 411124,
            "revenue_4q": null,
            "common_shares": 1561651,
            "book_valuer_per_share": 14.12,
            "book_valuer_per_share_4q_avg": 12.88,
            "equity": 2224877,
            "current_ratio": 504.96,
            "debt_ratio": 26.39,
            "inventory_turnover_ratio": 1.58,
            "account_receivable_turnover_ratio": 1.49,
            "reinvestment_rate": -666.56,
            "research_to_sale_ratio": 6.08,
            "price_fair": 73.92,
            "eps_avg_yearly": 2.11,
            "eps_latest_yearly": 1.12,
            "eps_growth_yearly": 229.86
        },
        "20212": {
            "year_quarter": 20212,
            "year": 2021,
            "quarter": 2,
            "eps": 0.15,
            "eps_growth_year": null,
            "eps_4q": 3.43,
            "eps_4q_growth_year": null,
            "roe": 1.09,
            "roe_4q": 27.259999999999998,
            "gross_profit": 112586,
            "gross_margin": 23.54,
            "gross_margin_4q_avg": 21.1,
            "net_income": 24480,
            "net_income_4q": null,
            "revenue": 478293,
            "revenue_4q": null,
            "common_shares": 1561567,
            "book_valuer_per_share": 14.27,
            "book_valuer_per_share_4q_avg": 13.75,
            "equity": 2249038,
            "current_ratio": 506.45,
            "debt_ratio": 27.76,
            "inventory_turnover_ratio": 1.62,
            "account_receivable_turnover_ratio": 1.67,
            "reinvestment_rate": -428.26,
            "research_to_sale_ratio": 4.92,
            "price_fair": 65.1,
            "eps_avg_yearly": 1.86,
            "eps_latest_yearly": 0.6,
            "eps_growth_yearly": 160.6
        },
        "20213": {
            "year_quarter": 20213,
            "year": 2021,
            "quarter": 3,
            "eps": 0.61,
            "eps_growth_year": -69.5,
            "eps_4q": 2.05,
            "eps_4q_growth_year": null,
            "roe": 4.24,
            "roe_4q": 14.8,
            "gross_profit": 157225,
            "gross_margin": 29.53,
            "gross_margin_4q_avg": 22.07,
            "net_income": 95834,
            "net_income_4q": null,
            "revenue": 532465,
            "revenue_4q": null,
            "common_shares": 1561567,
            "book_valuer_per_share": 14.4,
            "book_valuer_per_share_4q_avg": 14.15,
            "equity": 2269769,
            "current_ratio": 395.78,
            "debt_ratio": 39.2,
            "inventory_turnover_ratio": 1.71,
            "account_receivable_turnover_ratio": 1.41,
            "reinvestment_rate": -196.73,
            "research_to_sale_ratio": 4.63,
            "price_fair": 68,
            "eps_avg_yearly": 1.94,
            "eps_latest_yearly": 2.44,
            "eps_growth_yearly": 312.89
        },
        "20214": {
            "year_quarter": 20214,
            "year": 2021,
            "quarter": 4,
            "eps": 0.53,
            "eps_growth_year": -47.19,
            "eps_4q": 1.57,
            "eps_4q_growth_year": 11.41,
            "roe": 3.64,
            "roe_4q": 10.96,
            "gross_profit": 154383,
            "gross_margin": 29.12,
            "gross_margin_4q_avg": 24.54,
            "net_income": 83869,
            "net_income_4q": null,
            "revenue": 530085,
            "revenue_4q": null,
            "common_shares": 1561567,
            "book_valuer_per_share": 14.82,
            "book_valuer_per_share_4q_avg": 14.4,
            "equity": 2336822,
            "current_ratio": 408.99,
            "debt_ratio": 40.26,
            "inventory_turnover_ratio": 1.78,
            "account_receivable_turnover_ratio": 1.34,
            "reinvestment_rate": 22.66,
            "research_to_sale_ratio": 4.83,
            "price_fair": 68.78,
            "eps_avg_yearly": 1.97,
            "eps_latest_yearly": 2.12,
            "eps_growth_yearly": 267.22
        },
        "20221": {
            "year_quarter": 20221,
            "year": 2022,
            "quarter": 1,
            "eps": 0.85,
            "eps_growth_year": 203.57,
            "eps_4q": 2.14,
            "eps_4q_growth_year": -9.54,
            "roe": 5.68,
            "roe_4q": 14.65,
            "gross_profit": 146295,
            "gross_margin": 27.87,
            "gross_margin_4q_avg": 27.52,
            "net_income": 134358,
            "net_income_4q": null,
            "revenue": 524895,
            "revenue_4q": null,
            "common_shares": 1561567,
            "book_valuer_per_share": 15.2,
            "book_valuer_per_share_4q_avg": 14.67,
            "equity": 2397459,
            "current_ratio": 368.19,
            "debt_ratio": 39.89,
            "inventory_turnover_ratio": 1.72,
            "account_receivable_turnover_ratio": 1.51,
            "reinvestment_rate": 33.89,
            "research_to_sale_ratio": 5.35,
            "price_fair": 74.36,
            "eps_avg_yearly": 2.12,
            "eps_latest_yearly": 3.4,
            "eps_growth_yearly": 264.37
        },
        "20222": {
            "year_quarter": 20222,
            "year": 2022,
            "quarter": 2,
            "eps": 1.08,
            "eps_growth_year": 620,
            "eps_4q": 3.07,
            "eps_4q_growth_year": -10.42,
            "roe": 6.85,
            "roe_4q": 20.409999999999997,
            "gross_profit": 170030,
            "gross_margin": 29.57,
            "gross_margin_4q_avg": 29.02,
            "net_income": 170020,
            "net_income_4q": null,
            "revenue": 574967,
            "revenue_4q": null,
            "common_shares": 1561567,
            "book_valuer_per_share": 16.25,
            "book_valuer_per_share_4q_avg": 15.17,
            "equity": 2563310,
            "current_ratio": 365.16,
            "debt_ratio": 38.85,
            "inventory_turnover_ratio": 1.7,
            "account_receivable_turnover_ratio": 1.58,
            "reinvestment_rate": -142,
            "research_to_sale_ratio": 5.05,
            "price_fair": 77.93,
            "eps_avg_yearly": 2.23,
            "eps_latest_yearly": 4.32,
            "eps_growth_yearly": 51
        },
        "20223": {
            "year_quarter": 20223,
            "year": 2022,
            "quarter": 3,
            "eps": 1.27,
            "eps_growth_year": 108.2,
            "eps_4q": 3.73,
            "eps_4q_growth_year": 82.59,
            "roe": 7.51,
            "roe_4q": 23.68,
            "gross_profit": 166932,
            "gross_margin": 30.19,
            "gross_margin_4q_avg": 29.19,
            "net_income": 200036,
            "net_income_4q": null,
            "revenue": 552917,
            "revenue_4q": null,
            "common_shares": 1561567,
            "book_valuer_per_share": 17.52,
            "book_valuer_per_share_4q_avg": 15.95,
            "equity": 2762822,
            "current_ratio": 404.61,
            "debt_ratio": 34.58,
            "inventory_turnover_ratio": 1.46,
            "account_receivable_turnover_ratio": 1.46,
            "reinvestment_rate": -98.81,
            "research_to_sale_ratio": 5.39,
            "price_fair": 93.02,
            "eps_avg_yearly": 2.66,
            "eps_latest_yearly": 5.08,
            "eps_growth_yearly": 87.57
        },
        "20224": {
            "year_quarter": 20224,
            "year": 2022,
            "quarter": 4,
            "eps": 0.32,
            "eps_growth_year": -39.76,
            "eps_4q": 3.52,
            "eps_4q_growth_year": 124.36,
            "roe": 1.83,
            "roe_4q": 21.869999999999997,
            "gross_profit": 134612,
            "gross_margin": 26.99,
            "gross_margin_4q_avg": 28.66,
            "net_income": 49874,
            "net_income_4q": null,
            "revenue": 498732,
            "revenue_4q": null,
            "common_shares": 1561567,
            "book_valuer_per_share": 17.05,
            "book_valuer_per_share_4q_avg": 16.51,
            "equity": 2688615,
            "current_ratio": 346.1,
            "debt_ratio": 35.74,
            "inventory_turnover_ratio": 1.27,
            "account_receivable_turnover_ratio": 1.39,
            "reinvestment_rate": -97.52,
            "research_to_sale_ratio": 5.48,
            "price_fair": 94.89,
            "eps_avg_yearly": 2.71,
            "eps_latest_yearly": 1.28,
            "eps_growth_yearly": 69.14
        },
        "20231": {
            "year_quarter": 20231,
            "year": 2023,
            "quarter": 1,
            "eps": -0.3,
            "eps_growth_year": -135.29,
            "eps_4q": 2.37,
            "eps_4q_growth_year": 10.51,
            "roe": -1.83,
            "roe_4q": 14.36,
            "gross_profit": 17965,
            "gross_margin": 4.59,
            "gross_margin_4q_avg": 22.84,
            "net_income": -47305,
            "net_income_4q": null,
            "revenue": 391502,
            "revenue_4q": null,
            "common_shares": 1561567,
            "book_valuer_per_share": 15.75,
            "book_valuer_per_share_4q_avg": 16.64,
            "equity": 2485364,
            "current_ratio": 350.39,
            "debt_ratio": 35.51,
            "inventory_turnover_ratio": 1.35,
            "account_receivable_turnover_ratio": 1.35,
            "reinvestment_rate": -84.85,
            "research_to_sale_ratio": 6.38,
            "price_fair": 94.89,
            "eps_avg_yearly": 2.71,
            "eps_latest_yearly": 1.28,
            "eps_growth_yearly": 69.14
        },
        "20232": {
            "year_quarter": 20232,
            "year": 2023,
            "quarter": 2,
            "eps": 0.02,
            "eps_growth_year": -98.15,
            "eps_4q": 1.31,
            "eps_4q_growth_year": -57.27,
            "roe": 0.13,
            "roe_4q": 7.64,
            "gross_profit": 41115,
            "gross_margin": 11.07,
            "gross_margin_4q_avg": 18.21,
            "net_income": 3314,
            "net_income_4q": null,
            "revenue": 371492,
            "revenue_4q": null,
            "common_shares": 1561567,
            "book_valuer_per_share": 15.71,
            "book_valuer_per_share_4q_avg": 16.51,
            "equity": 2477181,
            "current_ratio": 332.09,
            "debt_ratio": 35.76,
            "inventory_turnover_ratio": 1.24,
            "account_receivable_turnover_ratio": 1.56,
            "reinvestment_rate": -58.56,
            "research_to_sale_ratio": 7.9,
            "price_fair": 94.89,
            "eps_avg_yearly": 2.71,
            "eps_latest_yearly": 1.28,
            "eps_growth_yearly": 69.14
        },
        "20233": {
            "year_quarter": 20233,
            "year": 2023,
            "quarter": 3,
            "eps": -0.05,
            "eps_growth_year": -103.94,
            "eps_4q": -0.01,
            "eps_4q_growth_year": -100.18,
            "roe": -0.31,
            "roe_4q": -0.18000000000000016,
            "gross_profit": 27443,
            "gross_margin": 6.73,
            "gross_margin_4q_avg": 12.35,
            "net_income": -7568,
            "net_income_4q": null,
            "revenue": 407486,
            "revenue_4q": null,
            "common_shares": 1561567,
            "book_valuer_per_share": 15.68,
            "book_valuer_per_share_4q_avg": 16.05,
            "equity": 2471958,
            "current_ratio": 415.53,
            "debt_ratio": 30.54,
            "inventory_turnover_ratio": 1.45,
            "account_receivable_turnover_ratio": 1.49,
            "reinvestment_rate": -23.58,
            "research_to_sale_ratio": 6.69,
            "price_fair": 94.89,
            "eps_avg_yearly": 2.71,
            "eps_latest_yearly": 1.28,
            "eps_growth_yearly": 69.14
        }
    },
    "months": {
        "2001-06": {
            "month": "2001-06",
            "price": "19.08",
            "revenue": 607594
        },
        "2001-07": {
            "month": "2001-07",
            "price": "13.72",
            "revenue": 607931
        },
        "2001-08": {
            "month": "2001-08",
            "price": "12.02",
            "revenue": 411128
        },
        "2001-09": {
            "month": "2001-09",
            "price": "8.27",
            "revenue": 386800
        },
        "2001-10": {
            "month": "2001-10",
            "price": "5.92",
            "revenue": 606785
        },
        "2001-11": {
            "month": "2001-11",
            "price": "7.57",
            "revenue": 536958
        },
        "2001-12": {
            "month": "2001-12",
            "price": "12.53",
            "revenue": 693142
        },
        "2002-01": {
            "month": "2002-01",
            "price": "18.67",
            "revenue": 1085561
        },
        "2002-02": {
            "month": "2002-02",
            "price": "18.92",
            "revenue": 1067932
        },
        "2002-03": {
            "month": "2002-03",
            "price": "18.30",
            "revenue": 1023527
        },
        "2002-04": {
            "month": "2002-04",
            "price": "17.60",
            "revenue": 1058656
        },
        "2002-05": {
            "month": "2002-05",
            "price": "12.58",
            "revenue": 693531
        },
        "2002-06": {
            "month": "2002-06",
            "price": "11.04",
            "revenue": 676948
        },
        "2002-07": {
            "month": "2002-07",
            "price": "10.34",
            "revenue": 654850
        },
        "2002-08": {
            "month": "2002-08",
            "price": "9.63",
            "revenue": 669642
        },
        "2002-09": {
            "month": "2002-09",
            "price": "8.13",
            "revenue": 845644
        },
        "2002-10": {
            "month": "2002-10",
            "price": "6.70",
            "revenue": 1083738
        },
        "2002-11": {
            "month": "2002-11",
            "price": "6.71",
            "revenue": 1086941
        },
        "2002-12": {
            "month": "2002-12",
            "price": "5.51",
            "revenue": 1620861
        },
        "2003-01": {
            "month": "2003-01",
            "price": "5.90",
            "revenue": 1493929
        },
        "2003-02": {
            "month": "2003-02",
            "price": "5.30",
            "revenue": 1339503
        },
        "2003-03": {
            "month": "2003-03",
            "price": "4.81",
            "revenue": 1375254
        },
        "2003-04": {
            "month": "2003-04",
            "price": "3.94",
            "revenue": 2300599
        },
        "2003-05": {
            "month": "2003-05",
            "price": "1.79",
            "revenue": 2092131
        },
        "2003-07": {
            "month": "2003-07",
            "price": "1.64",
            "revenue": 2896513
        },
        "2003-08": {
            "month": "2003-08",
            "price": "2.70",
            "revenue": 3335558
        },
        "2003-09": {
            "month": "2003-09",
            "price": "2.08",
            "revenue": 2655526
        },
        "2003-10": {
            "month": "2003-10",
            "price": "1.94",
            "revenue": 2719480
        },
        "2003-11": {
            "month": "2003-11",
            "price": "2.22",
            "revenue": 1926078
        },
        "2003-12": {
            "month": "2003-12",
            "price": "2.00",
            "revenue": 2240666
        },
        "2004-01": {
            "month": "2004-01",
            "price": "2.64",
            "revenue": 2467249
        },
        "2004-02": {
            "month": "2004-02",
            "price": "3.80",
            "revenue": 2126984
        },
        "2004-03": {
            "month": "2004-03",
            "price": "4.19",
            "revenue": 2476724
        },
        "2004-04": {
            "month": "2004-04",
            "price": "5.35",
            "revenue": 2178034
        },
        "2004-05": {
            "month": "2004-05",
            "price": "7.21",
            "revenue": 2243622
        },
        "2004-06": {
            "month": "2004-06",
            "price": "5.12",
            "revenue": 2128586
        },
        "2004-07": {
            "month": "2004-07",
            "price": "4.45",
            "revenue": 1946798
        },
        "2004-08": {
            "month": "2004-08",
            "price": "3.53",
            "revenue": 2031479
        },
        "2004-09": {
            "month": "2004-09",
            "price": "3.00",
            "revenue": 2020208
        },
        "2004-10": {
            "month": "2004-10",
            "price": "2.74",
            "revenue": 2038842
        },
        "2004-11": {
            "month": "2004-11",
            "price": "2.62",
            "revenue": 2220360
        },
        "2004-12": {
            "month": "2004-12",
            "price": "2.57",
            "revenue": 2076132
        },
        "2005-01": {
            "month": "2005-01",
            "price": "2.38",
            "revenue": 1950149
        },
        "2005-02": {
            "month": "2005-02",
            "price": "2.41",
            "revenue": 1403167
        },
        "2005-03": {
            "month": "2005-03",
            "price": "2.86",
            "revenue": 1704805
        },
        "2005-04": {
            "month": "2005-04",
            "price": "2.94",
            "revenue": 1350326
        },
        "2005-05": {
            "month": "2005-05",
            "price": "8.64",
            "revenue": 1679609
        },
        "2005-06": {
            "month": "2005-06",
            "price": "12.16",
            "revenue": 1554254
        },
        "2005-07": {
            "month": "2005-07",
            "price": "11.96",
            "revenue": 1394163
        },
        "2005-08": {
            "month": "2005-08",
            "price": "10.55",
            "revenue": 1192382
        },
        "2005-09": {
            "month": "2005-09",
            "price": "8.58",
            "revenue": 1133220
        },
        "2005-10": {
            "month": "2005-10",
            "price": "7.42",
            "revenue": 788664
        },
        "2005-11": {
            "month": "2005-11",
            "price": "6.98",
            "revenue": 718497
        },
        "2005-12": {
            "month": "2005-12",
            "price": "8.12",
            "revenue": 777816
        },
        "2006-01": {
            "month": "2006-01",
            "price": "9.70",
            "revenue": 638872
        },
        "2006-02": {
            "month": "2006-02",
            "price": "9.14",
            "revenue": 400242
        },
        "2006-03": {
            "month": "2006-03",
            "price": "8.08",
            "revenue": 431278
        },
        "2006-04": {
            "month": "2006-04",
            "price": "9.05",
            "revenue": 550410
        },
        "2006-05": {
            "month": "2006-05",
            "price": "12.28",
            "revenue": 423504
        },
        "2006-06": {
            "month": "2006-06",
            "price": "13.03",
            "revenue": 461399
        },
        "2006-07": {
            "month": "2006-07",
            "price": "12.95",
            "revenue": 396517
        },
        "2006-08": {
            "month": "2006-08",
            "price": "14.63",
            "revenue": 386402
        },
        "2006-09": {
            "month": "2006-09",
            "price": "14.33",
            "revenue": 360115
        },
        "2006-10": {
            "month": "2006-10",
            "price": "15.86",
            "revenue": 368833
        },
        "2006-11": {
            "month": "2006-11",
            "price": "29.62",
            "revenue": 362132
        },
        "2006-12": {
            "month": "2006-12",
            "price": "32.96",
            "revenue": 274058
        },
        "2007-01": {
            "month": "2007-01",
            "price": "30.91",
            "revenue": 323308
        },
        "2007-02": {
            "month": "2007-02",
            "price": "30.24",
            "revenue": 289915
        },
        "2007-03": {
            "month": "2007-03",
            "price": "33.67",
            "revenue": 283375
        },
        "2007-04": {
            "month": "2007-04",
            "price": "44.03",
            "revenue": 361176
        },
        "2007-05": {
            "month": "2007-05",
            "price": "41.72",
            "revenue": 322110
        },
        "2007-06": {
            "month": "2007-06",
            "price": "43.41",
            "revenue": 325058
        },
        "2007-07": {
            "month": "2007-07",
            "price": "52.94",
            "revenue": 349683
        },
        "2007-08": {
            "month": "2007-08",
            "price": "50.10",
            "revenue": 622730
        },
        "2007-09": {
            "month": "2007-09",
            "price": "40.73",
            "revenue": 430720
        },
        "2007-10": {
            "month": "2007-10",
            "price": "39.52",
            "revenue": 416908
        },
        "2007-11": {
            "month": "2007-11",
            "price": "29.05",
            "revenue": 425501
        },
        "2007-12": {
            "month": "2007-12",
            "price": "27.17",
            "revenue": 399554
        },
        "2008-01": {
            "month": "2008-01",
            "price": "23.15",
            "revenue": 371196
        },
        "2008-02": {
            "month": "2008-02",
            "price": "20.18",
            "revenue": 314835
        },
        "2008-03": {
            "month": "2008-03",
            "price": "24.07",
            "revenue": 409321
        },
        "2008-04": {
            "month": "2008-04",
            "price": "26.72",
            "revenue": 338301
        },
        "2008-05": {
            "month": "2008-05",
            "price": "27.66",
            "revenue": 356989
        },
        "2008-06": {
            "month": "2008-06",
            "price": "23.88",
            "revenue": 486283
        },
        "2008-07": {
            "month": "2008-07",
            "price": "20.83",
            "revenue": 471800
        },
        "2008-08": {
            "month": "2008-08",
            "price": "20.96",
            "revenue": 476272
        },
        "2008-09": {
            "month": "2008-09",
            "price": "14.61",
            "revenue": 490769
        },
        "2008-10": {
            "month": "2008-10",
            "price": "9.58",
            "revenue": 525554
        },
        "2008-11": {
            "month": "2008-11",
            "price": "6.29",
            "revenue": 318863
        },
        "2008-12": {
            "month": "2008-12",
            "price": "6.49",
            "revenue": 220666
        },
        "2009-01": {
            "month": "2009-01",
            "price": "6.41",
            "revenue": 193019
        },
        "2009-02": {
            "month": "2009-02",
            "price": "5.98",
            "revenue": 88318
        },
        "2009-03": {
            "month": "2009-03",
            "price": "7.37",
            "revenue": 114109
        },
        "2009-04": {
            "month": "2009-04",
            "price": "11.96",
            "revenue": 240874
        },
        "2009-05": {
            "month": "2009-05",
            "price": "10.18",
            "revenue": 179476
        },
        "2009-06": {
            "month": "2009-06",
            "price": "8.14",
            "revenue": 234365
        },
        "2009-07": {
            "month": "2009-07",
            "price": "8.13",
            "revenue": 226109
        },
        "2009-08": {
            "month": "2009-08",
            "price": "7.68",
            "revenue": 258815
        },
        "2009-09": {
            "month": "2009-09",
            "price": "7.39",
            "revenue": 319397
        },
        "2009-10": {
            "month": "2009-10",
            "price": "15.05",
            "revenue": 332364
        },
        "2009-11": {
            "month": "2009-11",
            "price": "14.97",
            "revenue": 334580
        },
        "2009-12": {
            "month": "2009-12",
            "price": "17.73",
            "revenue": 254903
        },
        "2010-01": {
            "month": "2010-01",
            "price": "17.38",
            "revenue": 346035
        },
        "2010-02": {
            "month": "2010-02",
            "price": "14.74",
            "revenue": 319011
        },
        "2010-03": {
            "month": "2010-03",
            "price": "15.34",
            "revenue": 341740
        },
        "2010-04": {
            "month": "2010-04",
            "price": "15.61",
            "revenue": 381472
        },
        "2010-05": {
            "month": "2010-05",
            "price": "14.22",
            "revenue": 433682
        },
        "2010-06": {
            "month": "2010-06",
            "price": "13.67",
            "revenue": 456243
        },
        "2010-07": {
            "month": "2010-07",
            "price": "14.84",
            "revenue": 450791
        },
        "2010-08": {
            "month": "2010-08",
            "price": "15.07",
            "revenue": 440429
        },
        "2010-09": {
            "month": "2010-09",
            "price": "17.11",
            "revenue": 427738
        },
        "2010-10": {
            "month": "2010-10",
            "price": "16.32",
            "revenue": 354703
        },
        "2010-11": {
            "month": "2010-11",
            "price": "12.83",
            "revenue": 351550
        },
        "2010-12": {
            "month": "2010-12",
            "price": "13.68",
            "revenue": 254497
        },
        "2011-01": {
            "month": "2011-01",
            "price": "14.38",
            "revenue": 351280
        },
        "2011-02": {
            "month": "2011-02",
            "price": "14.79",
            "revenue": 297680
        },
        "2011-03": {
            "month": "2011-03",
            "price": "14.68",
            "revenue": 281804
        },
        "2011-04": {
            "month": "2011-04",
            "price": "14.08",
            "revenue": 371433
        },
        "2011-05": {
            "month": "2011-05",
            "price": "10.70",
            "revenue": 368410
        },
        "2011-06": {
            "month": "2011-06",
            "price": "9.34",
            "revenue": 414678
        },
        "2011-07": {
            "month": "2011-07",
            "price": "7.88",
            "revenue": 324920
        },
        "2011-08": {
            "month": "2011-08",
            "price": "5.29",
            "revenue": 335163
        },
        "2011-09": {
            "month": "2011-09",
            "price": "4.88",
            "revenue": 286459
        },
        "2011-10": {
            "month": "2011-10",
            "price": "4.80",
            "revenue": 138339
        },
        "2011-11": {
            "month": "2011-11",
            "price": "3.75",
            "revenue": 71528
        },
        "2011-12": {
            "month": "2011-12",
            "price": "3.40",
            "revenue": 102677
        },
        "2012-01": {
            "month": "2012-01",
            "price": "4.08",
            "revenue": 136877
        },
        "2012-02": {
            "month": "2012-02",
            "price": "5.67",
            "revenue": 168901
        },
        "2012-03": {
            "month": "2012-03",
            "price": "5.23",
            "revenue": 171568
        },
        "2012-04": {
            "month": "2012-04",
            "price": "4.00",
            "revenue": 220884
        },
        "2012-05": {
            "month": "2012-05",
            "price": "3.86",
            "revenue": 223633
        },
        "2012-06": {
            "month": "2012-06",
            "price": "3.20",
            "revenue": 207360
        },
        "2012-07": {
            "month": "2012-07",
            "price": "3.02",
            "revenue": 192586
        },
        "2012-08": {
            "month": "2012-08",
            "price": "2.52",
            "revenue": 139233
        },
        "2012-09": {
            "month": "2012-09",
            "price": "2.50",
            "revenue": 73692
        },
        "2012-10": {
            "month": "2012-10",
            "price": "2.06",
            "revenue": 61049
        },
        "2012-11": {
            "month": "2012-11",
            "price": "4.38",
            "revenue": 135197
        },
        "2012-12": {
            "month": "2012-12",
            "price": "7.39",
            "revenue": 111401
        },
        "2013-01": {
            "month": "2013-01",
            "price": "7.25",
            "revenue": 160351
        },
        "2013-02": {
            "month": "2013-02",
            "price": "7.20",
            "revenue": 114688
        },
        "2013-03": {
            "month": "2013-03",
            "price": "7.42",
            "revenue": 131051
        },
        "2013-04": {
            "month": "2013-04",
            "price": "6.87",
            "revenue": 165789
        },
        "2013-05": {
            "month": "2013-05",
            "price": "6.82",
            "revenue": 142436
        },
        "2013-06": {
            "month": "2013-06",
            "price": "6.36",
            "revenue": 112047
        },
        "2013-07": {
            "month": "2013-07",
            "price": "6.24",
            "revenue": 152101
        },
        "2013-08": {
            "month": "2013-08",
            "price": "5.57",
            "revenue": 120771
        },
        "2013-09": {
            "month": "2013-09",
            "price": "5.37",
            "revenue": 196895
        },
        "2013-10": {
            "month": "2013-10",
            "price": "6.32",
            "revenue": 164804
        },
        "2013-11": {
            "month": "2013-11",
            "price": "6.33",
            "revenue": 126666
        },
        "2013-12": {
            "month": "2013-12",
            "price": "6.27",
            "revenue": 148046
        },
        "2014-01": {
            "month": "2014-01",
            "price": "6.77",
            "revenue": 171233
        },
        "2014-02": {
            "month": "2014-02",
            "price": "6.60",
            "revenue": 140817
        },
        "2014-03": {
            "month": "2014-03",
            "price": "6.56",
            "revenue": 147622
        },
        "2014-04": {
            "month": "2014-04",
            "price": "6.25",
            "revenue": 188697
        },
        "2014-05": {
            "month": "2014-05",
            "price": "6.38",
            "revenue": 173165
        },
        "2014-06": {
            "month": "2014-06",
            "price": "9.44",
            "revenue": 153882
        },
        "2014-07": {
            "month": "2014-07",
            "price": "9.21",
            "revenue": 139203
        },
        "2014-08": {
            "month": "2014-08",
            "price": "8.23",
            "revenue": 116527
        },
        "2014-09": {
            "month": "2014-09",
            "price": "7.56",
            "revenue": 129422
        },
        "2014-10": {
            "month": "2014-10",
            "price": "6.66",
            "revenue": 117459
        },
        "2014-11": {
            "month": "2014-11",
            "price": "6.22",
            "revenue": 87897
        },
        "2014-12": {
            "month": "2014-12",
            "price": "6.43",
            "revenue": 76079
        },
        "2015-01": {
            "month": "2015-01",
            "price": "7.23",
            "revenue": 143754
        },
        "2015-02": {
            "month": "2015-02",
            "price": "6.92",
            "revenue": 107848
        },
        "2015-03": {
            "month": "2015-03",
            "price": "6.56",
            "revenue": 134737
        },
        "2015-04": {
            "month": "2015-04",
            "price": "5.37",
            "revenue": 137195
        },
        "2015-05": {
            "month": "2015-05",
            "price": "4.19",
            "revenue": 135735
        },
        "2015-06": {
            "month": "2015-06",
            "price": "3.19",
            "revenue": 123114
        },
        "2015-07": {
            "month": "2015-07",
            "price": "2.78",
            "revenue": 114295
        },
        "2015-08": {
            "month": "2015-08",
            "price": "2.55",
            "revenue": 132397
        },
        "2015-09": {
            "month": "2015-09",
            "price": "2.42",
            "revenue": 95549
        },
        "2015-10": {
            "month": "2015-10",
            "price": "2.42",
            "revenue": 83581
        },
        "2015-11": {
            "month": "2015-11",
            "price": "2.40",
            "revenue": 114064
        },
        "2015-12": {
            "month": "2015-12",
            "price": "2.33",
            "revenue": 109298
        },
        "2016-01": {
            "month": "2016-01",
            "price": "2.62",
            "revenue": 121725
        },
        "2016-02": {
            "month": "2016-02",
            "price": "2.96",
            "revenue": 88048
        },
        "2016-03": {
            "month": "2016-03",
            "price": "2.90",
            "revenue": 121317
        },
        "2016-04": {
            "month": "2016-04",
            "price": "2.87",
            "revenue": 109223
        },
        "2016-05": {
            "month": "2016-05",
            "price": "2.77",
            "revenue": 120584
        },
        "2016-06": {
            "month": "2016-06",
            "price": "2.49",
            "revenue": 120674
        },
        "2016-07": {
            "month": "2016-07",
            "price": "2.29",
            "revenue": 119392
        },
        "2016-08": {
            "month": "2016-08",
            "price": "2.26",
            "revenue": 136343
        },
        "2016-09": {
            "month": "2016-09",
            "price": "2.37",
            "revenue": 133306
        },
        "2016-10": {
            "month": "2016-10",
            "price": "2.32",
            "revenue": 138675
        },
        "2016-11": {
            "month": "2016-11",
            "price": "2.40",
            "revenue": 130849
        },
        "2016-12": {
            "month": "2016-12",
            "price": "2.93",
            "revenue": 111573
        },
        "2017-01": {
            "month": "2017-01",
            "price": "2.84",
            "revenue": 129882
        },
        "2017-02": {
            "month": "2017-02",
            "price": "3.88",
            "revenue": 144995
        },
        "2017-03": {
            "month": "2017-03",
            "price": "4.29",
            "revenue": 145123
        },
        "2017-04": {
            "month": "2017-04",
            "price": "4.05",
            "revenue": 124960
        },
        "2017-05": {
            "month": "2017-05",
            "price": "3.47",
            "revenue": 132149
        },
        "2017-06": {
            "month": "2017-06",
            "price": "3.24",
            "revenue": 138723
        },
        "2017-07": {
            "month": "2017-07",
            "price": "3.13",
            "revenue": 143505
        },
        "2017-08": {
            "month": "2017-08",
            "price": "3.13",
            "revenue": 139767
        },
        "2017-09": {
            "month": "2017-09",
            "price": "4.55",
            "revenue": 130276
        },
        "2017-10": {
            "month": "2017-10",
            "price": "20.33",
            "revenue": 143988
        },
        "2017-11": {
            "month": "2017-11",
            "price": "16.80",
            "revenue": 139631
        },
        "2017-12": {
            "month": "2017-12",
            "price": "17.32",
            "revenue": 123478
        },
        "2018-01": {
            "month": "2018-01",
            "price": "19.92",
            "revenue": 150487
        },
        "2018-02": {
            "month": "2018-02",
            "price": "23.07",
            "revenue": 135950
        },
        "2018-03": {
            "month": "2018-03",
            "price": "27.35",
            "revenue": 147714
        },
        "2018-04": {
            "month": "2018-04",
            "price": "34.18",
            "revenue": 151475
        },
        "2018-05": {
            "month": "2018-05",
            "price": "36.12",
            "revenue": 146961
        },
        "2018-06": {
            "month": "2018-06",
            "price": "49.60",
            "revenue": 151409
        },
        "2018-07": {
            "month": "2018-07",
            "price": "40.80",
            "revenue": 160696
        },
        "2018-08": {
            "month": "2018-08",
            "price": "33.39",
            "revenue": 167718
        },
        "2018-09": {
            "month": "2018-09",
            "price": "31.11",
            "revenue": 172306
        },
        "2018-10": {
            "month": "2018-10",
            "price": "26.38",
            "revenue": 170071
        },
        "2018-11": {
            "month": "2018-11",
            "price": "24.77",
            "revenue": 167155
        },
        "2018-12": {
            "month": "2018-12",
            "price": "22.83",
            "revenue": 130616
        },
        "2019-01": {
            "month": "2019-01",
            "price": "19.75",
            "revenue": 134645
        },
        "2019-02": {
            "month": "2019-02",
            "price": "23.10",
            "revenue": 118481
        },
        "2019-03": {
            "month": "2019-03",
            "price": "22.13",
            "revenue": 115536
        },
        "2019-04": {
            "month": "2019-04",
            "price": "21.86",
            "revenue": 82713
        },
        "2019-05": {
            "month": "2019-05",
            "price": "18.70",
            "revenue": 88163
        },
        "2019-06": {
            "month": "2019-06",
            "price": "19.11",
            "revenue": 92332
        },
        "2019-07": {
            "month": "2019-07",
            "price": "20.77",
            "revenue": 97938
        },
        "2019-08": {
            "month": "2019-08",
            "price": "19.65",
            "revenue": 113317
        },
        "2019-09": {
            "month": "2019-09",
            "price": "20.92",
            "revenue": 122480
        },
        "2019-10": {
            "month": "2019-10",
            "price": "19.63",
            "revenue": 136866
        },
        "2019-11": {
            "month": "2019-11",
            "price": "18.92",
            "revenue": 129097
        },
        "2019-12": {
            "month": "2019-12",
            "price": "19.58",
            "revenue": 126053
        },
        "2020-01": {
            "month": "2020-01",
            "price": "19.15",
            "revenue": 139331
        },
        "2020-02": {
            "month": "2020-02",
            "price": "20.67",
            "revenue": 121714
        },
        "2020-03": {
            "month": "2020-03",
            "price": "24.04",
            "revenue": 135903
        },
        "2020-04": {
            "month": "2020-04",
            "price": "23.58",
            "revenue": 163441
        },
        "2020-05": {
            "month": "2020-05",
            "price": "27.90",
            "revenue": 169880
        },
        "2020-06": {
            "month": "2020-06",
            "price": "29.53",
            "revenue": 184510
        },
        "2020-07": {
            "month": "2020-07",
            "price": "31.00",
            "revenue": 171177
        },
        "2020-08": {
            "month": "2020-08",
            "price": "29.67",
            "revenue": 159312
        },
        "2020-09": {
            "month": "2020-09",
            "price": "28.87",
            "revenue": 159045
        },
        "2020-10": {
            "month": "2020-10",
            "price": "28.04",
            "revenue": 155226
        },
        "2020-11": {
            "month": "2020-11",
            "price": "30.01",
            "revenue": 149961
        },
        "2020-12": {
            "month": "2020-12",
            "price": "36.13",
            "revenue": 136152
        },
        "2021-01": {
            "month": "2021-01",
            "price": "37.42",
            "revenue": 129549
        },
        "2021-02": {
            "month": "2021-02",
            "price": "35.91",
            "revenue": 133404
        },
        "2021-03": {
            "month": "2021-03",
            "price": "37.88",
            "revenue": 148171
        },
        "2021-04": {
            "month": "2021-04",
            "price": "39.79",
            "revenue": 138952
        },
        "2021-05": {
            "month": "2021-05",
            "price": "31.65",
            "revenue": 172198
        },
        "2021-06": {
            "month": "2021-06",
            "price": "34.05",
            "revenue": 167143
        },
        "2021-07": {
            "month": "2021-07",
            "price": "46.32",
            "revenue": 174014
        },
        "2021-08": {
            "month": "2021-08",
            "price": "44.78",
            "revenue": 181216
        },
        "2021-09": {
            "month": "2021-09",
            "price": "46.52",
            "revenue": 177235
        },
        "2021-10": {
            "month": "2021-10",
            "price": "43.04",
            "revenue": 176352
        },
        "2021-11": {
            "month": "2021-11",
            "price": "46.70",
            "revenue": 179615
        },
        "2021-12": {
            "month": "2021-12",
            "price": "49.32",
            "revenue": 174118
        },
        "2022-01": {
            "month": "2022-01",
            "price": "45.88",
            "revenue": 169985
        },
        "2022-02": {
            "month": "2022-02",
            "price": "45.12",
            "revenue": 172905
        },
        "2022-03": {
            "month": "2022-03",
            "price": "43.32",
            "revenue": 182005
        },
        "2022-04": {
            "month": "2022-04",
            "price": "38.77",
            "revenue": 190594
        },
        "2022-05": {
            "month": "2022-05",
            "price": "40.72",
            "revenue": 192286
        },
        "2022-06": {
            "month": "2022-06",
            "price": "42.05",
            "revenue": 192087
        },
        "2022-07": {
            "month": "2022-07",
            "price": "35.50",
            "revenue": 191600
        },
        "2022-08": {
            "month": "2022-08",
            "price": "39.74",
            "revenue": 190849
        },
        "2022-09": {
            "month": "2022-09",
            "price": "39.00",
            "revenue": 170468
        },
        "2022-10": {
            "month": "2022-10",
            "price": "33.54",
            "revenue": 183612
        },
        "2022-11": {
            "month": "2022-11",
            "price": "37.54",
            "revenue": 163631
        },
        "2022-12": {
            "month": "2022-12",
            "price": "39.63",
            "revenue": 151489
        },
        "2023-01": {
            "month": "2023-01",
            "price": "38.54",
            "revenue": 134636
        },
        "2023-02": {
            "month": "2023-02",
            "price": "41.61",
            "revenue": 126550
        },
        "2023-03": {
            "month": "2023-03",
            "price": "42.34",
            "revenue": 130316
        },
        "2023-04": {
            "month": "2023-04",
            "price": "44.81",
            "revenue": 121254
        },
        "2023-05": {
            "month": "2023-05",
            "price": "39.97",
            "revenue": 120227
        },
        "2023-06": {
            "month": "2023-06",
            "price": "40.48",
            "revenue": 130011
        },
        "2023-07": {
            "month": "2023-07",
            "price": "40.68",
            "revenue": 136611
        },
        "2023-08": {
            "month": "2023-08",
            "price": "36.25",
            "revenue": 140174
        },
        "2023-09": {
            "month": "2023-09",
            "price": "36.24",
            "revenue": 130701
        },
        "2023-10": {
            "month": "2023-10",
            "price": "34.84",
            "revenue": 117061
        },
        "2023-11": {
            "month": "2023-11",
            "price": "34.72",
            "revenue": 105302
        },
        "2023-12": {
            "month": "2023-12",
            "price": "34.76",
            "revenue": 90269
        }
    }
}
