{
    "summary": {
        "stock_name": "華邦電",
        "stock_id": "2344",
        "category": "半導體",
        "main_business": "1積體電路2半導體記憶零組件及其系統產品3電腦系統用、數位通訊<br>用、及週邊設備用之半導體零組件及其系統產品4其他半導體零組件<br>5電腦軟體程式設計及資料處理6兼營與業務相關之進出口貿易業務",
        "website_url": "http://www.winbond.com",
        "ceo": "陳沛銘",
        "pe_ratio": -456,
        "report_year_from": 2001,
        "report_year_to": 2023,
        "age": 23,
        "eps_negative_percentage": 43,
        "eps_growth_avg": {
            "last_all": -13.57,
            "last_2y": -1.66,
            "last_4y": -16.95,
            "last_8y": 2.62,
            "last_12y": 2.14,
            "last_16y": -6.37,
            "last_20y": -13.57,
            "at_2006_last_3y": -100,
            "at_2007_last_3y": -100,
            "at_2008_last_3y": -100,
            "at_2009_last_3y": -100,
            "at_2010_last_3y": -100,
            "at_2011_last_3y": -100,
            "at_2012_last_3y": -100,
            "at_2013_last_3y": -100,
            "at_2014_last_3y": 0,
            "at_2015_last_3y": 54.22,
            "at_2016_last_3y": 32.81,
            "at_2017_last_3y": 45.9,
            "at_2018_last_3y": 27.07,
            "at_2019_last_3y": 4.24,
            "at_2020_last_3y": 7.52,
            "at_2021_last_3y": 11.23,
            "at_2022_last_3y": 3.82,
            "at_2023_last_3y": -0.46,
            "at_2024_last_3y": -0.46,
            "at_2006_last_all": -100,
            "at_2007_last_all": -100,
            "at_2008_last_all": -100,
            "at_2009_last_all": -100,
            "at_2010_last_all": -100,
            "at_2011_last_all": -100,
            "at_2012_last_all": -100,
            "at_2013_last_all": -100,
            "at_2014_last_all": -50,
            "at_2015_last_all": -38.31,
            "at_2016_last_all": -33.59,
            "at_2017_last_all": -16.63,
            "at_2018_last_all": -11.46,
            "at_2019_last_all": -19.4,
            "at_2020_last_all": -17.15,
            "at_2021_last_all": -6.5,
            "at_2022_last_all": -6.37,
            "at_2023_last_all": -13.57,
            "at_2024_last_all": -13.57
        },
        "latest_eps": -0.06,
        "latest_price": 27.35,
        "latest_roe": 0.99,
        "latest_gross_margin": 31.71,
        "latest_equity": 94620715,
        "latest_revenue": 19505815,
        "latest_gross_profit": 6184572,
        "latest_net_income": 178227,
        "latest_debt_ratio": 48.43,
        "latest_current_ratio": 197.24,
        "latest_account_receivable_turnover_ratio": 1.84,
        "latest_inventory_turnover_ratio": 0.58,
        "latest_reinvestment_rate": 157,
        "latest_research_to_sale_ratio": 21.64
    },
    "eps_dividends": {
        "1995": {
            "cash": 0,
            "stock": 5,
            "eps": 0
        },
        "1996": {
            "cash": 0,
            "stock": 10,
            "eps": 0
        },
        "1997": {
            "cash": 0,
            "stock": 3,
            "eps": 0
        },
        "1998": {
            "cash": 0,
            "stock": 2.5,
            "eps": 0
        },
        "2000": {
            "cash": 0,
            "stock": 1.1,
            "eps": 0
        },
        "2001": {
            "cash": 0.1,
            "stock": 1.95,
            "eps": -2.43
        },
        "2002": {
            "cash": 0,
            "stock": 0,
            "eps": -0.95
        },
        "2003": {
            "cash": 0,
            "stock": 0,
            "eps": -0.26
        },
        "2004": {
            "cash": 0,
            "stock": 0,
            "eps": 0.8
        },
        "2005": {
            "cash": 0,
            "stock": 0,
            "eps": -0.35
        },
        "2006": {
            "cash": 0,
            "stock": 0,
            "eps": 0.61
        },
        "2007": {
            "cash": 0.3,
            "stock": 0,
            "eps": -1.57
        },
        "2008": {
            "cash": 0,
            "stock": 0,
            "eps": -2.01
        },
        "2009": {
            "cash": 0,
            "stock": 0,
            "eps": -2.37
        },
        "2010": {
            "cash": 0,
            "stock": 0,
            "eps": 0.98
        },
        "2011": {
            "cash": 0,
            "stock": 0,
            "eps": -0.23
        },
        "2012": {
            "cash": 0,
            "stock": 0,
            "eps": -0.51
        },
        "2013": {
            "cash": 0,
            "stock": 0,
            "eps": 0.06
        },
        "2014": {
            "cash": 0,
            "stock": 0,
            "eps": 0.83
        },
        "2015": {
            "cash": 0,
            "stock": 0,
            "eps": 0.9
        },
        "2016": {
            "cash": 0.1,
            "stock": 0,
            "eps": 0.81
        },
        "2017": {
            "cash": 0.6,
            "stock": 0,
            "eps": 1.5
        },
        "2018": {
            "cash": 1,
            "stock": 0,
            "eps": 1.87
        },
        "2019": {
            "cash": 1,
            "stock": 0,
            "eps": 0.32
        },
        "2020": {
            "cash": 0.1,
            "stock": 0,
            "eps": 0.33
        },
        "2021": {
            "cash": 0.2,
            "stock": 0,
            "eps": 3.42
        },
        "2022": {
            "cash": 1,
            "stock": 0,
            "eps": 3.25
        },
        "2023": {
            "cash": 1,
            "stock": 0,
            "eps": -0.19
        }
    },
    "dividends": {
        "1995-03-17": {
            "cash": 0,
            "stock": 5
        },
        "1996-04-09": {
            "cash": 0,
            "stock": 10
        },
        "1997-04-22": {
            "cash": 0,
            "stock": 3
        },
        "1998-04-17": {
            "cash": 0,
            "stock": 2.5
        },
        "2000-04-27": {
            "cash": 0,
            "stock": 1.1
        },
        "2001-04-16": {
            "cash": 0.1,
            "stock": 1.95
        },
        "2007-02-02": {
            "cash": 0.3,
            "stock": 0
        },
        "2016-09-14": {
            "cash": 0.1,
            "stock": 0
        },
        "2017-09-05": {
            "cash": 0.6,
            "stock": 0
        },
        "2018-09-07": {
            "cash": 1,
            "stock": 0
        },
        "2019-08-09": {
            "cash": 1,
            "stock": 0
        },
        "2020-07-31": {
            "cash": 0.1,
            "stock": 0
        },
        "2021-07-30": {
            "cash": 0.2,
            "stock": 0
        },
        "2022-07-07": {
            "cash": 1,
            "stock": 0
        },
        "2023-10-06": {
            "cash": 1,
            "stock": 0
        }
    },
    "prices": {
        "200101": "39.94",
        "200102": "39.11",
        "200103": "39.59",
        "200104": "39.61",
        "200105": "32.99",
        "200106": "29.19",
        "200107": "23.67",
        "200108": "21.15",
        "200109": "13.62",
        "200110": "10.99",
        "200111": "13.90",
        "200112": "18.76",
        "200201": "26.11",
        "200202": "27.26",
        "200203": "26.62",
        "200204": "25.74",
        "200205": "19.90",
        "200206": "20.01",
        "200207": "20.70",
        "200208": "20.39",
        "200209": "18.27",
        "200210": "16.00",
        "200211": "17.76",
        "200212": "15.82",
        "200301": "15.88",
        "200302": "13.88",
        "200303": "13.77",
        "200304": "13.67",
        "200305": "13.91",
        "200306": "17.92",
        "200307": "20.20",
        "200308": "19.72",
        "200309": "19.12",
        "200310": "17.55",
        "200311": "16.12",
        "200312": "15.67",
        "200401": "17.41",
        "200402": "16.96",
        "200403": "17.89",
        "200404": "19.60",
        "200405": "16.07",
        "200406": "14.98",
        "200407": "14.59",
        "200408": "13.59",
        "200409": "14.14",
        "200410": "13.45",
        "200411": "12.51",
        "200412": "12.43",
        "200501": "11.79",
        "200502": "11.77",
        "200503": "11.46",
        "200504": "9.72",
        "200505": "9.89",
        "200506": "10.85",
        "200507": "12.24",
        "200508": "11.50",
        "200509": "9.81",
        "200510": "8.91",
        "200511": "9.18",
        "200512": "9.93",
        "200601": "10.49",
        "200602": "10.29",
        "200603": "9.37",
        "200604": "10.37",
        "200605": "10.63",
        "200606": "9.47",
        "200607": "9.16",
        "200608": "9.19",
        "200609": "9.46",
        "200610": "10.25",
        "200611": "11.68",
        "200612": "12.79",
        "200701": "12.87",
        "200702": "12.38",
        "200703": "11.58",
        "200704": "11.68",
        "200705": "11.53",
        "200706": "11.98",
        "200707": "12.80",
        "200708": "11.09",
        "200709": "10.18",
        "200710": "10.53",
        "200711": "9.20",
        "200712": "8.64",
        "200801": "8.92",
        "200802": "8.55",
        "200803": "8.73",
        "200804": "9.17",
        "200805": "8.98",
        "200806": "7.61",
        "200807": "5.99",
        "200808": "5.71",
        "200809": "4.29",
        "200810": "3.65",
        "200811": "2.84",
        "200812": "2.70",
        "200901": "3.08",
        "200902": "3.30",
        "200903": "3.66",
        "200904": "5.76",
        "200905": "6.44",
        "200906": "5.63",
        "200907": "5.85",
        "200908": "6.34",
        "200909": "6.38",
        "200910": "6.23",
        "200911": "6.73",
        "200912": "7.33",
        "201001": "8.84",
        "201002": "7.40",
        "201003": "8.35",
        "201004": "9.24",
        "201005": "8.14",
        "201006": "8.36",
        "201007": "8.25",
        "201008": "8.37",
        "201009": "8.11",
        "201010": "8.02",
        "201011": "7.78",
        "201012": "8.68",
        "201101": "9.84",
        "201102": "10.12",
        "201103": "9.32",
        "201104": "9.16",
        "201105": "8.85",
        "201106": "8.75",
        "201107": "7.97",
        "201108": "6.38",
        "201109": "6.10",
        "201110": "5.85",
        "201111": "4.82",
        "201112": "3.91",
        "201201": "4.25",
        "201202": "5.92",
        "201203": "5.96",
        "201204": "4.87",
        "201205": "4.80",
        "201206": "4.29",
        "201207": "4.36",
        "201208": "4.43",
        "201209": "4.47",
        "201210": "4.17",
        "201211": "4.09",
        "201212": "4.87",
        "201301": "5.51",
        "201302": "5.77",
        "201303": "5.85",
        "201304": "7.66",
        "201305": "8.75",
        "201306": "8.89",
        "201307": "7.58",
        "201308": "6.89",
        "201309": "7.74",
        "201310": "7.89",
        "201311": "7.16",
        "201312": "7.39",
        "201401": "7.94",
        "201402": "8.17",
        "201403": "8.07",
        "201404": "8.18",
        "201405": "10.24",
        "201406": "11.54",
        "201407": "11.77",
        "201408": "10.44",
        "201409": "9.43",
        "201410": "8.70",
        "201411": "9.06",
        "201412": "9.66",
        "201501": "10.37",
        "201502": "10.52",
        "201503": "10.60",
        "201504": "10.33",
        "201505": "9.76",
        "201506": "8.54",
        "201507": "6.88",
        "201508": "6.72",
        "201509": "7.17",
        "201510": "7.67",
        "201511": "7.77",
        "201512": "7.93",
        "201601": "7.77",
        "201602": "9.16",
        "201603": "9.51",
        "201604": "9.08",
        "201605": "8.43",
        "201606": "8.55",
        "201607": "9.32",
        "201608": "9.97",
        "201609": "10.16",
        "201610": "10.04",
        "201611": "9.83",
        "201612": "9.89",
        "201701": "10.68",
        "201702": "11.78",
        "201703": "13.13",
        "201704": "17.08",
        "201705": "16.82",
        "201706": "18.42",
        "201707": "18.33",
        "201708": "19.76",
        "201709": "25.42",
        "201710": "27.34",
        "201711": "27.77",
        "201712": "24.50",
        "201801": "23.80",
        "201802": "20.04",
        "201803": "20.03",
        "201804": "18.52",
        "201805": "19.30",
        "201806": "19.88",
        "201807": "19.29",
        "201808": "17.67",
        "201809": "14.93",
        "201810": "13.02",
        "201811": "14.00",
        "201812": "14.06",
        "201901": "13.76",
        "201902": "14.80",
        "201903": "14.55",
        "201904": "16.21",
        "201905": "14.57",
        "201906": "14.51",
        "201907": "17.24",
        "201908": "17.41",
        "201909": "18.35",
        "201910": "17.56",
        "201911": "16.94",
        "201912": "19.08",
        "202001": "19.04",
        "202002": "16.78",
        "202003": "13.25",
        "202004": "12.96",
        "202005": "13.28",
        "202006": "13.58",
        "202007": "13.35",
        "202008": "12.74",
        "202009": "13.22",
        "202010": "15.58",
        "202011": "17.61",
        "202012": "25.10",
        "202101": "27.53",
        "202102": "29.62",
        "202103": "28.34",
        "202104": "34.64",
        "202105": "30.69",
        "202106": "34.06",
        "202107": "34.30",
        "202108": "31.09",
        "202109": "28.69",
        "202110": "25.39",
        "202111": "29.30",
        "202112": "31.41",
        "202201": "30.44",
        "202202": "33.32",
        "202203": "33.20",
        "202204": "27.84",
        "202205": "28.22",
        "202206": "25.75",
        "202207": "21.30",
        "202208": "22.15",
        "202209": "20.49",
        "202210": "19.88",
        "202211": "21.22",
        "202212": "20.68",
        "202301": "20.67",
        "202302": "22.89",
        "202303": "24.62",
        "202304": "25.88",
        "202305": "25.23",
        "202306": "28.27",
        "202307": "27.75",
        "202308": "26.44",
        "202309": "26.78",
        "202310": "26.23",
        "202311": "26.72",
        "202312": "28.26"
    },
    "quarters": {
        "20011": {
            "year_quarter": 20011,
            "year": 2001,
            "quarter": 1,
            "eps": -0.12,
            "eps_growth_year": -118.46,
            "eps_4q": 2.16,
            "eps_4q_growth_year": 9.59,
            "roe": -0.55,
            "roe_4q": -0.55,
            "gross_profit": 1082027,
            "gross_margin": 15.39,
            "gross_margin_4q_avg": 15.39,
            "net_income": -424905,
            "net_income_4q": null,
            "revenue": 7031739,
            "revenue_4q": null,
            "common_shares": 36198008,
            "book_valuer_per_share": 21.49,
            "book_valuer_per_share_4q_avg": 21.49,
            "equity": 77773219,
            "current_ratio": 187.08,
            "debt_ratio": 23.59,
            "inventory_turnover_ratio": 0.81,
            "account_receivable_turnover_ratio": null,
            "reinvestment_rate": null,
            "research_to_sale_ratio": null,
            "price_fair": 0,
            "eps_avg_yearly": 0,
            "eps_latest_yearly": 0,
            "eps_growth_yearly": 0
        },
        "20012": {
            "year_quarter": 20012,
            "year": 2001,
            "quarter": 2,
            "eps": -0.48,
            "eps_growth_year": -160,
            "eps_4q": 0.61,
            "eps_4q_growth_year": -75.12,
            "roe": -2.79,
            "roe_4q": -3.34,
            "gross_profit": 510034,
            "gross_margin": 8.19,
            "gross_margin_4q_avg": 11.79,
            "net_income": -2134941,
            "net_income_4q": null,
            "revenue": 6229501,
            "revenue_4q": null,
            "common_shares": 44252490,
            "book_valuer_per_share": 16.99,
            "book_valuer_per_share_4q_avg": 19.24,
            "equity": 75163939,
            "current_ratio": 204.76,
            "debt_ratio": 22.92,
            "inventory_turnover_ratio": 0.75,
            "account_receivable_turnover_ratio": null,
            "reinvestment_rate": null,
            "research_to_sale_ratio": null,
            "price_fair": 0,
            "eps_avg_yearly": 0,
            "eps_latest_yearly": 0,
            "eps_growth_yearly": 0
        },
        "20013": {
            "year_quarter": 20013,
            "year": 2001,
            "quarter": 3,
            "eps": -0.9,
            "eps_growth_year": -170.87,
            "eps_4q": -1.31,
            "eps_4q_growth_year": -137.08,
            "roe": -5.45,
            "roe_4q": -8.790000000000001,
            "gross_profit": -1328054,
            "gross_margin": -27,
            "gross_margin_4q_avg": -1.14,
            "net_income": -3983469,
            "net_income_4q": null,
            "revenue": 4918487,
            "revenue_4q": null,
            "common_shares": 44252490,
            "book_valuer_per_share": 16.02,
            "book_valuer_per_share_4q_avg": 18.17,
            "equity": 70886184,
            "current_ratio": 241.9,
            "debt_ratio": 26.41,
            "inventory_turnover_ratio": 0.87,
            "account_receivable_turnover_ratio": null,
            "reinvestment_rate": null,
            "research_to_sale_ratio": null,
            "price_fair": 0,
            "eps_avg_yearly": 0,
            "eps_latest_yearly": 0,
            "eps_growth_yearly": 0
        },
        "20014": {
            "year_quarter": 20014,
            "year": 2001,
            "quarter": 4,
            "eps": -0.93,
            "eps_growth_year": -542.86,
            "eps_4q": -2.39,
            "eps_4q_growth_year": -184.35,
            "roe": -5.98,
            "roe_4q": -14.77,
            "gross_profit": -1805248,
            "gross_margin": -31.63,
            "gross_margin_4q_avg": -8.76,
            "net_income": -4114668,
            "net_income_4q": null,
            "revenue": 5707023,
            "revenue_4q": null,
            "common_shares": 44252490,
            "book_valuer_per_share": 15.09,
            "book_valuer_per_share_4q_avg": 17.4,
            "equity": 66760514,
            "current_ratio": 255.79,
            "debt_ratio": 27.38,
            "inventory_turnover_ratio": 1.21,
            "account_receivable_turnover_ratio": null,
            "reinvestment_rate": null,
            "research_to_sale_ratio": null,
            "price_fair": 0,
            "eps_avg_yearly": 0,
            "eps_latest_yearly": 0,
            "eps_growth_yearly": 0
        },
        "20021": {
            "year_quarter": 20021,
            "year": 2002,
            "quarter": 1,
            "eps": 0.03,
            "eps_growth_year": null,
            "eps_4q": -2.07,
            "eps_4q_growth_year": -195.57,
            "roe": 0.22,
            "roe_4q": -14,
            "gross_profit": 1388548,
            "gross_margin": 17.07,
            "gross_margin_4q_avg": -8.34,
            "net_income": 146498,
            "net_income_4q": null,
            "revenue": 8132506,
            "revenue_4q": null,
            "common_shares": 44252972,
            "book_valuer_per_share": 15.13,
            "book_valuer_per_share_4q_avg": 15.81,
            "equity": 66973557,
            "current_ratio": 294.64,
            "debt_ratio": 24.68,
            "inventory_turnover_ratio": 1.18,
            "account_receivable_turnover_ratio": null,
            "reinvestment_rate": null,
            "research_to_sale_ratio": null,
            "price_fair": 0,
            "eps_avg_yearly": 0,
            "eps_latest_yearly": 0,
            "eps_growth_yearly": 0
        },
        "20022": {
            "year_quarter": 20022,
            "year": 2002,
            "quarter": 2,
            "eps": -0.48,
            "eps_growth_year": null,
            "eps_4q": -2.28,
            "eps_4q_growth_year": -475.73,
            "roe": -3.27,
            "roe_4q": -14.48,
            "gross_profit": 1387416,
            "gross_margin": 17.98,
            "gross_margin_4q_avg": -5.9,
            "net_income": -2139283,
            "net_income_4q": null,
            "revenue": 7715510,
            "revenue_4q": null,
            "common_shares": 44252972,
            "book_valuer_per_share": 14.4,
            "book_valuer_per_share_4q_avg": 15.16,
            "equity": 63702360,
            "current_ratio": 193.66,
            "debt_ratio": 23.42,
            "inventory_turnover_ratio": 1.21,
            "account_receivable_turnover_ratio": null,
            "reinvestment_rate": null,
            "research_to_sale_ratio": null,
            "price_fair": 0,
            "eps_avg_yearly": 0,
            "eps_latest_yearly": 0,
            "eps_growth_yearly": 0
        },
        "20023": {
            "year_quarter": 20023,
            "year": 2002,
            "quarter": 3,
            "eps": -0.06,
            "eps_growth_year": null,
            "eps_4q": -1.44,
            "eps_4q_growth_year": null,
            "roe": -0.45,
            "roe_4q": -9.48,
            "gross_profit": 1641708,
            "gross_margin": 21.14,
            "gross_margin_4q_avg": 6.14,
            "net_income": -282932,
            "net_income_4q": null,
            "revenue": 7766717,
            "revenue_4q": null,
            "common_shares": 44252972,
            "book_valuer_per_share": 14.24,
            "book_valuer_per_share_4q_avg": 14.72,
            "equity": 62997152,
            "current_ratio": 183.35,
            "debt_ratio": 20.95,
            "inventory_turnover_ratio": 1.27,
            "account_receivable_turnover_ratio": null,
            "reinvestment_rate": null,
            "research_to_sale_ratio": null,
            "price_fair": 0,
            "eps_avg_yearly": 0,
            "eps_latest_yearly": 0,
            "eps_growth_yearly": 0
        },
        "20024": {
            "year_quarter": 20024,
            "year": 2002,
            "quarter": 4,
            "eps": -0.44,
            "eps_growth_year": null,
            "eps_4q": -0.93,
            "eps_4q_growth_year": null,
            "roe": -3.09,
            "roe_4q": -6.590000000000001,
            "gross_profit": 1760812,
            "gross_margin": 20.78,
            "gross_margin_4q_avg": 19.24,
            "net_income": -1917688,
            "net_income_4q": null,
            "revenue": 8474737,
            "revenue_4q": null,
            "common_shares": 44252972,
            "book_valuer_per_share": 13.79,
            "book_valuer_per_share_4q_avg": 14.39,
            "equity": 61040998,
            "current_ratio": 206.06,
            "debt_ratio": 20.03,
            "inventory_turnover_ratio": 1.38,
            "account_receivable_turnover_ratio": null,
            "reinvestment_rate": null,
            "research_to_sale_ratio": null,
            "price_fair": 0,
            "eps_avg_yearly": 0,
            "eps_latest_yearly": 0,
            "eps_growth_yearly": 0
        },
        "20031": {
            "year_quarter": 20031,
            "year": 2003,
            "quarter": 1,
            "eps": -0.21,
            "eps_growth_year": -800,
            "eps_4q": -1.23,
            "eps_4q_growth_year": null,
            "roe": -1.47,
            "roe_4q": -8.28,
            "gross_profit": 608065,
            "gross_margin": 9.04,
            "gross_margin_4q_avg": 17.24,
            "net_income": -891721,
            "net_income_4q": null,
            "revenue": 6727443,
            "revenue_4q": null,
            "common_shares": 44252972,
            "book_valuer_per_share": 13.58,
            "book_valuer_per_share_4q_avg": 14,
            "equity": 60080964,
            "current_ratio": 253.45,
            "debt_ratio": 18.03,
            "inventory_turnover_ratio": 1.36,
            "account_receivable_turnover_ratio": null,
            "reinvestment_rate": null,
            "research_to_sale_ratio": null,
            "price_fair": 0,
            "eps_avg_yearly": 0,
            "eps_latest_yearly": 0,
            "eps_growth_yearly": 0
        },
        "20032": {
            "year_quarter": 20032,
            "year": 2003,
            "quarter": 2,
            "eps": -0.18,
            "eps_growth_year": null,
            "eps_4q": -0.88,
            "eps_4q_growth_year": null,
            "roe": -1.33,
            "roe_4q": -6.34,
            "gross_profit": 604296,
            "gross_margin": 9.7,
            "gross_margin_4q_avg": 15.17,
            "net_income": -790402,
            "net_income_4q": null,
            "revenue": 6227838,
            "revenue_4q": null,
            "common_shares": 44252972,
            "book_valuer_per_share": 13.33,
            "book_valuer_per_share_4q_avg": 13.74,
            "equity": 58980865,
            "current_ratio": 280.73,
            "debt_ratio": 15.88,
            "inventory_turnover_ratio": 1.25,
            "account_receivable_turnover_ratio": null,
            "reinvestment_rate": null,
            "research_to_sale_ratio": null,
            "price_fair": 0,
            "eps_avg_yearly": 0,
            "eps_latest_yearly": 0,
            "eps_growth_yearly": 0
        },
        "20033": {
            "year_quarter": 20033,
            "year": 2003,
            "quarter": 3,
            "eps": 0.08,
            "eps_growth_year": null,
            "eps_4q": -0.72,
            "eps_4q_growth_year": null,
            "roe": 0.6,
            "roe_4q": -5.29,
            "gross_profit": 1640771,
            "gross_margin": 19.66,
            "gross_margin_4q_avg": 14.8,
            "net_income": 358059,
            "net_income_4q": null,
            "revenue": 8344288,
            "revenue_4q": null,
            "common_shares": 44252972,
            "book_valuer_per_share": 13.47,
            "book_valuer_per_share_4q_avg": 13.54,
            "equity": 59619859,
            "current_ratio": 216.19,
            "debt_ratio": 15.53,
            "inventory_turnover_ratio": 1.42,
            "account_receivable_turnover_ratio": null,
            "reinvestment_rate": null,
            "research_to_sale_ratio": null,
            "price_fair": 0,
            "eps_avg_yearly": 0,
            "eps_latest_yearly": 0,
            "eps_growth_yearly": 0
        },
        "20034": {
            "year_quarter": 20034,
            "year": 2003,
            "quarter": 4,
            "eps": 0.05,
            "eps_growth_year": null,
            "eps_4q": -0.26,
            "eps_4q_growth_year": null,
            "roe": 0.36,
            "roe_4q": -1.84,
            "gross_profit": 1785288,
            "gross_margin": 21.64,
            "gross_margin_4q_avg": 15.01,
            "net_income": 211132,
            "net_income_4q": null,
            "revenue": 8249584,
            "revenue_4q": null,
            "common_shares": 44308722,
            "book_valuer_per_share": 13.39,
            "book_valuer_per_share_4q_avg": 13.44,
            "equity": 59341276,
            "current_ratio": 224.91,
            "debt_ratio": 16.64,
            "inventory_turnover_ratio": 1.45,
            "account_receivable_turnover_ratio": null,
            "reinvestment_rate": null,
            "research_to_sale_ratio": null,
            "price_fair": 0.6,
            "eps_avg_yearly": 0.2,
            "eps_latest_yearly": 0.2,
            "eps_growth_yearly": -150
        },
        "20041": {
            "year_quarter": 20041,
            "year": 2004,
            "quarter": 1,
            "eps": 0.16,
            "eps_growth_year": null,
            "eps_4q": 0.11,
            "eps_4q_growth_year": null,
            "roe": 1.11,
            "roe_4q": 0.7400000000000002,
            "gross_profit": 2224098,
            "gross_margin": 27.87,
            "gross_margin_4q_avg": 19.72,
            "net_income": 661501,
            "net_income_4q": null,
            "revenue": 7979998,
            "revenue_4q": null,
            "common_shares": 44343822,
            "book_valuer_per_share": 13.53,
            "book_valuer_per_share_4q_avg": 13.43,
            "equity": 60003876,
            "current_ratio": 249.95,
            "debt_ratio": 16.49,
            "inventory_turnover_ratio": 1.3,
            "account_receivable_turnover_ratio": null,
            "reinvestment_rate": null,
            "research_to_sale_ratio": null,
            "price_fair": 14.7,
            "eps_avg_yearly": 0.42,
            "eps_latest_yearly": 0.64,
            "eps_growth_yearly": 365
        },
        "20042": {
            "year_quarter": 20042,
            "year": 2004,
            "quarter": 2,
            "eps": 0.42,
            "eps_growth_year": null,
            "eps_4q": 0.71,
            "eps_4q_growth_year": null,
            "roe": 2.96,
            "roe_4q": 5.03,
            "gross_profit": 3034530,
            "gross_margin": 33.26,
            "gross_margin_4q_avg": 25.61,
            "net_income": 1794997,
            "net_income_4q": null,
            "revenue": 9123733,
            "revenue_4q": null,
            "common_shares": 44357802,
            "book_valuer_per_share": 13.86,
            "book_valuer_per_share_4q_avg": 13.56,
            "equity": 61474069,
            "current_ratio": 285.43,
            "debt_ratio": 15.17,
            "inventory_turnover_ratio": 1.31,
            "account_receivable_turnover_ratio": null,
            "reinvestment_rate": null,
            "research_to_sale_ratio": null,
            "price_fair": 29.4,
            "eps_avg_yearly": 0.84,
            "eps_latest_yearly": 1.68,
            "eps_growth_yearly": 460
        },
        "20043": {
            "year_quarter": 20043,
            "year": 2004,
            "quarter": 3,
            "eps": 0.2,
            "eps_growth_year": 150,
            "eps_4q": 0.82,
            "eps_4q_growth_year": null,
            "roe": 1.39,
            "roe_4q": 5.82,
            "gross_profit": 2563555,
            "gross_margin": 34.15,
            "gross_margin_4q_avg": 29.23,
            "net_income": 855069,
            "net_income_4q": null,
            "revenue": 7505795,
            "revenue_4q": null,
            "common_shares": 43712192,
            "book_valuer_per_share": 14.02,
            "book_valuer_per_share_4q_avg": 13.7,
            "equity": 61273446,
            "current_ratio": 419.35,
            "debt_ratio": 10.25,
            "inventory_turnover_ratio": 0.99,
            "account_receivable_turnover_ratio": null,
            "reinvestment_rate": null,
            "research_to_sale_ratio": null,
            "price_fair": 29.05,
            "eps_avg_yearly": 0.83,
            "eps_latest_yearly": 0.8,
            "eps_growth_yearly": 292.62
        },
        "20044": {
            "year_quarter": 20044,
            "year": 2004,
            "quarter": 4,
            "eps": 0.02,
            "eps_growth_year": -60,
            "eps_4q": 0.72,
            "eps_4q_growth_year": null,
            "roe": 0.15,
            "roe_4q": 5.61,
            "gross_profit": 1837520,
            "gross_margin": 27.82,
            "gross_margin_4q_avg": 30.78,
            "net_income": 94016,
            "net_income_4q": null,
            "revenue": 6605184,
            "revenue_4q": null,
            "common_shares": 43252472,
            "book_valuer_per_share": 13.94,
            "book_valuer_per_share_4q_avg": 13.84,
            "equity": 60300954,
            "current_ratio": 454.09,
            "debt_ratio": 9.14,
            "inventory_turnover_ratio": 0.89,
            "account_receivable_turnover_ratio": null,
            "reinvestment_rate": null,
            "research_to_sale_ratio": null,
            "price_fair": 23.8,
            "eps_avg_yearly": 0.68,
            "eps_latest_yearly": 0.08,
            "eps_growth_yearly": 162.1
        },
        "20051": {
            "year_quarter": 20051,
            "year": 2005,
            "quarter": 1,
            "eps": -0.4,
            "eps_growth_year": -350,
            "eps_4q": 0.26,
            "eps_4q_growth_year": 147.99,
            "roe": -2.78,
            "roe_4q": 1.72,
            "gross_profit": 518165,
            "gross_margin": 9.41,
            "gross_margin_4q_avg": 26.16,
            "net_income": -1652826,
            "net_income_4q": null,
            "revenue": 5508629,
            "revenue_4q": null,
            "common_shares": 43260052,
            "book_valuer_per_share": 13.54,
            "book_valuer_per_share_4q_avg": 13.84,
            "equity": 58580953,
            "current_ratio": 397.18,
            "debt_ratio": 10.17,
            "inventory_turnover_ratio": 0.98,
            "account_receivable_turnover_ratio": null,
            "reinvestment_rate": null,
            "research_to_sale_ratio": null,
            "price_fair": 23.8,
            "eps_avg_yearly": 0.68,
            "eps_latest_yearly": 0.08,
            "eps_growth_yearly": 162.1
        },
        "20052": {
            "year_quarter": 20052,
            "year": 2005,
            "quarter": 2,
            "eps": 0.08,
            "eps_growth_year": -80.95,
            "eps_4q": -0.09,
            "eps_4q_growth_year": -113.26,
            "roe": 0.55,
            "roe_4q": -0.6899999999999997,
            "gross_profit": 1092187,
            "gross_margin": 15.7,
            "gross_margin_4q_avg": 21.77,
            "net_income": 323825,
            "net_income_4q": null,
            "revenue": 6954757,
            "revenue_4q": null,
            "common_shares": 42842732,
            "book_valuer_per_share": 13.59,
            "book_valuer_per_share_4q_avg": 13.77,
            "equity": 58211206,
            "current_ratio": 140.6,
            "debt_ratio": 27.94,
            "inventory_turnover_ratio": 1.26,
            "account_receivable_turnover_ratio": null,
            "reinvestment_rate": null,
            "research_to_sale_ratio": null,
            "price_fair": 23.8,
            "eps_avg_yearly": 0.68,
            "eps_latest_yearly": 0.08,
            "eps_growth_yearly": 162.1
        },
        "20053": {
            "year_quarter": 20053,
            "year": 2005,
            "quarter": 3,
            "eps": -0.01,
            "eps_growth_year": -105,
            "eps_4q": -0.3,
            "eps_4q_growth_year": -136.2,
            "roe": -0.08,
            "roe_4q": -2.1599999999999997,
            "gross_profit": 1749730,
            "gross_margin": 22.38,
            "gross_margin_4q_avg": 18.83,
            "net_income": -43098,
            "net_income_4q": null,
            "revenue": 7818917,
            "revenue_4q": null,
            "common_shares": 42855532,
            "book_valuer_per_share": 13.24,
            "book_valuer_per_share_4q_avg": 13.58,
            "equity": 56740968,
            "current_ratio": 154.43,
            "debt_ratio": 24.76,
            "inventory_turnover_ratio": 1.41,
            "account_receivable_turnover_ratio": null,
            "reinvestment_rate": null,
            "research_to_sale_ratio": null,
            "price_fair": 23.8,
            "eps_avg_yearly": 0.68,
            "eps_latest_yearly": 0.08,
            "eps_growth_yearly": 162.1
        },
        "20054": {
            "year_quarter": 20054,
            "year": 2005,
            "quarter": 4,
            "eps": -0.02,
            "eps_growth_year": -200,
            "eps_4q": -0.33,
            "eps_4q_growth_year": -145.58,
            "roe": -0.11,
            "roe_4q": -2.42,
            "gross_profit": 1511316,
            "gross_margin": 20.06,
            "gross_margin_4q_avg": 16.89,
            "net_income": -62972,
            "net_income_4q": null,
            "revenue": 7532767,
            "revenue_4q": null,
            "common_shares": 41555982,
            "book_valuer_per_share": 13.28,
            "book_valuer_per_share_4q_avg": 13.41,
            "equity": 55230786,
            "current_ratio": 144,
            "debt_ratio": 32.49,
            "inventory_turnover_ratio": 1.51,
            "account_receivable_turnover_ratio": null,
            "reinvestment_rate": null,
            "research_to_sale_ratio": null,
            "price_fair": 23.8,
            "eps_avg_yearly": 0.68,
            "eps_latest_yearly": 0.08,
            "eps_growth_yearly": 162.1
        },
        "20061": {
            "year_quarter": 20061,
            "year": 2006,
            "quarter": 1,
            "eps": 0.03,
            "eps_growth_year": null,
            "eps_4q": 0.08,
            "eps_4q_growth_year": -68.74,
            "roe": 0.23,
            "roe_4q": 0.5900000000000001,
            "gross_profit": 1525194,
            "gross_margin": 24.58,
            "gross_margin_4q_avg": 20.68,
            "net_income": 124290,
            "net_income_4q": null,
            "revenue": 6205731,
            "revenue_4q": null,
            "common_shares": 41557152,
            "book_valuer_per_share": 13.16,
            "book_valuer_per_share_4q_avg": 13.32,
            "equity": 54702447,
            "current_ratio": 144.1,
            "debt_ratio": 33.05,
            "inventory_turnover_ratio": 1.09,
            "account_receivable_turnover_ratio": null,
            "reinvestment_rate": null,
            "research_to_sale_ratio": null,
            "price_fair": 23.8,
            "eps_avg_yearly": 0.68,
            "eps_latest_yearly": 0.08,
            "eps_growth_yearly": 162.1
        },
        "20062": {
            "year_quarter": 20062,
            "year": 2006,
            "quarter": 2,
            "eps": -0.03,
            "eps_growth_year": -137.5,
            "eps_4q": -0.02,
            "eps_4q_growth_year": null,
            "roe": -0.22,
            "roe_4q": -0.18,
            "gross_profit": 1659036,
            "gross_margin": 21.28,
            "gross_margin_4q_avg": 22.08,
            "net_income": -117413,
            "net_income_4q": null,
            "revenue": 7797171,
            "revenue_4q": null,
            "common_shares": 39887432,
            "book_valuer_per_share": 13.33,
            "book_valuer_per_share_4q_avg": 13.25,
            "equity": 53170712,
            "current_ratio": 183.33,
            "debt_ratio": 39.33,
            "inventory_turnover_ratio": 1.26,
            "account_receivable_turnover_ratio": null,
            "reinvestment_rate": null,
            "research_to_sale_ratio": null,
            "price_fair": 23.8,
            "eps_avg_yearly": 0.68,
            "eps_latest_yearly": 0.08,
            "eps_growth_yearly": 162.1
        },
        "20063": {
            "year_quarter": 20063,
            "year": 2006,
            "quarter": 3,
            "eps": 0.16,
            "eps_growth_year": null,
            "eps_4q": 0.15,
            "eps_4q_growth_year": null,
            "roe": 1.17,
            "roe_4q": 1.0699999999999998,
            "gross_profit": 2755086,
            "gross_margin": 29.54,
            "gross_margin_4q_avg": 23.87,
            "net_income": 630784,
            "net_income_4q": null,
            "revenue": 9325425,
            "revenue_4q": null,
            "common_shares": 39887432,
            "book_valuer_per_share": 13.64,
            "book_valuer_per_share_4q_avg": 13.35,
            "equity": 54406909,
            "current_ratio": 177.66,
            "debt_ratio": 40.71,
            "inventory_turnover_ratio": 1.17,
            "account_receivable_turnover_ratio": null,
            "reinvestment_rate": null,
            "research_to_sale_ratio": null,
            "price_fair": 23.8,
            "eps_avg_yearly": 0.68,
            "eps_latest_yearly": 0.08,
            "eps_growth_yearly": 162.1
        },
        "20064": {
            "year_quarter": 20064,
            "year": 2006,
            "quarter": 4,
            "eps": 0.45,
            "eps_growth_year": null,
            "eps_4q": 0.62,
            "eps_4q_growth_year": null,
            "roe": 3.1,
            "roe_4q": 4.28,
            "gross_profit": 3904398,
            "gross_margin": 34.99,
            "gross_margin_4q_avg": 27.6,
            "net_income": 1726709,
            "net_income_4q": null,
            "revenue": 11160059,
            "revenue_4q": null,
            "common_shares": 38705002,
            "book_valuer_per_share": 14.71,
            "book_valuer_per_share_4q_avg": 13.71,
            "equity": 56960014,
            "current_ratio": 231.67,
            "debt_ratio": 38.76,
            "inventory_turnover_ratio": 1.19,
            "account_receivable_turnover_ratio": null,
            "reinvestment_rate": 599.58,
            "research_to_sale_ratio": null,
            "price_fair": 30.33,
            "eps_avg_yearly": 0.87,
            "eps_latest_yearly": 1.8,
            "eps_growth_yearly": 255.91
        },
        "20071": {
            "year_quarter": 20071,
            "year": 2007,
            "quarter": 1,
            "eps": 0.1,
            "eps_growth_year": 233.33,
            "eps_4q": 0.73,
            "eps_4q_growth_year": 778.28,
            "roe": 0.63,
            "roe_4q": 4.680000000000001,
            "gross_profit": 2210125,
            "gross_margin": 23.27,
            "gross_margin_4q_avg": 27.27,
            "net_income": 358353,
            "net_income_4q": null,
            "revenue": 9497821,
            "revenue_4q": null,
            "common_shares": 38705002,
            "book_valuer_per_share": 14.75,
            "book_valuer_per_share_4q_avg": 14.11,
            "equity": 57074806,
            "current_ratio": 226.88,
            "debt_ratio": 38.4,
            "inventory_turnover_ratio": 1.2,
            "account_receivable_turnover_ratio": null,
            "reinvestment_rate": 485.08,
            "research_to_sale_ratio": null,
            "price_fair": 28,
            "eps_avg_yearly": 0.8,
            "eps_latest_yearly": 0.4,
            "eps_growth_yearly": 174.91
        },
        "20072": {
            "year_quarter": 20072,
            "year": 2007,
            "quarter": 2,
            "eps": -0.37,
            "eps_growth_year": null,
            "eps_4q": 0.35,
            "eps_4q_growth_year": null,
            "roe": -2.44,
            "roe_4q": 2.46,
            "gross_profit": 210662,
            "gross_margin": 2.9,
            "gross_margin_4q_avg": 22.68,
            "net_income": -1374444,
            "net_income_4q": null,
            "revenue": 7266759,
            "revenue_4q": null,
            "common_shares": 38705002,
            "book_valuer_per_share": 14.35,
            "book_valuer_per_share_4q_avg": 14.36,
            "equity": 55555565,
            "current_ratio": 118.11,
            "debt_ratio": 39.68,
            "inventory_turnover_ratio": 1.17,
            "account_receivable_turnover_ratio": null,
            "reinvestment_rate": 544.28,
            "research_to_sale_ratio": null,
            "price_fair": 28,
            "eps_avg_yearly": 0.8,
            "eps_latest_yearly": 0.4,
            "eps_growth_yearly": 174.91
        },
        "20073": {
            "year_quarter": 20073,
            "year": 2007,
            "quarter": 3,
            "eps": -0.18,
            "eps_growth_year": -212.5,
            "eps_4q": 0.01,
            "eps_4q_growth_year": -90.08,
            "roe": -1.19,
            "roe_4q": 0.10000000000000009,
            "gross_profit": 612092,
            "gross_margin": 7.18,
            "gross_margin_4q_avg": 17.09,
            "net_income": -654667,
            "net_income_4q": null,
            "revenue": 8519871,
            "revenue_4q": null,
            "common_shares": 38705002,
            "book_valuer_per_share": 14.15,
            "book_valuer_per_share_4q_avg": 14.49,
            "equity": 54782386,
            "current_ratio": 128.39,
            "debt_ratio": 39.18,
            "inventory_turnover_ratio": 1.3,
            "account_receivable_turnover_ratio": null,
            "reinvestment_rate": 746.74,
            "research_to_sale_ratio": null,
            "price_fair": 28,
            "eps_avg_yearly": 0.8,
            "eps_latest_yearly": 0.4,
            "eps_growth_yearly": 174.91
        },
        "20074": {
            "year_quarter": 20074,
            "year": 2007,
            "quarter": 4,
            "eps": -1.12,
            "eps_growth_year": -348.89,
            "eps_4q": -1.57,
            "eps_4q_growth_year": -354.59,
            "roe": -7.84,
            "roe_4q": -10.839999999999998,
            "gross_profit": -1044272,
            "gross_margin": -15.31,
            "gross_margin_4q_avg": 4.51,
            "net_income": -4141389,
            "net_income_4q": null,
            "revenue": 6819984,
            "revenue_4q": null,
            "common_shares": 37906612,
            "book_valuer_per_share": 13.42,
            "book_valuer_per_share_4q_avg": 14.17,
            "equity": 50871192,
            "current_ratio": 127.7,
            "debt_ratio": 46.7,
            "inventory_turnover_ratio": 1.4,
            "account_receivable_turnover_ratio": null,
            "reinvestment_rate": null,
            "research_to_sale_ratio": null,
            "price_fair": 31.5,
            "eps_avg_yearly": 0.9,
            "eps_latest_yearly": 0.4,
            "eps_growth_yearly": 229.06
        },
        "20081": {
            "year_quarter": 20081,
            "year": 2008,
            "quarter": 1,
            "eps": -0.48,
            "eps_growth_year": -580,
            "eps_4q": -2.16,
            "eps_4q_growth_year": -397.76,
            "roe": -3.56,
            "roe_4q": -15.03,
            "gross_profit": -255978,
            "gross_margin": -3.79,
            "gross_margin_4q_avg": -2.26,
            "net_income": -1762790,
            "net_income_4q": null,
            "revenue": 6757359,
            "revenue_4q": null,
            "common_shares": 37906612,
            "book_valuer_per_share": 12.73,
            "book_valuer_per_share_4q_avg": 13.66,
            "equity": 48276843,
            "current_ratio": 116.92,
            "debt_ratio": 42.35,
            "inventory_turnover_ratio": 1.51,
            "account_receivable_turnover_ratio": null,
            "reinvestment_rate": null,
            "research_to_sale_ratio": null,
            "price_fair": 33.32,
            "eps_avg_yearly": 0.95,
            "eps_latest_yearly": 0.4,
            "eps_growth_yearly": 98.87
        },
        "20082": {
            "year_quarter": 20082,
            "year": 2008,
            "quarter": 2,
            "eps": -0.35,
            "eps_growth_year": null,
            "eps_4q": -2.09,
            "eps_4q_growth_year": -702.54,
            "roe": -2.72,
            "roe_4q": -15.31,
            "gross_profit": 207902,
            "gross_margin": 3.17,
            "gross_margin_4q_avg": -2.19,
            "net_income": -1276230,
            "net_income_4q": null,
            "revenue": 6567324,
            "revenue_4q": null,
            "common_shares": 37506612,
            "book_valuer_per_share": 12.15,
            "book_valuer_per_share_4q_avg": 13.11,
            "equity": 45601693,
            "current_ratio": 130.53,
            "debt_ratio": 43.86,
            "inventory_turnover_ratio": 1.47,
            "account_receivable_turnover_ratio": null,
            "reinvestment_rate": null,
            "research_to_sale_ratio": null,
            "price_fair": 2.31,
            "eps_avg_yearly": 0.77,
            "eps_latest_yearly": 0.4,
            "eps_growth_yearly": -38.91
        },
        "20083": {
            "year_quarter": 20083,
            "year": 2008,
            "quarter": 3,
            "eps": -0.24,
            "eps_growth_year": null,
            "eps_4q": -2.16,
            "eps_4q_growth_year": -15074.53,
            "roe": -2.01,
            "roe_4q": -16.130000000000003,
            "gross_profit": 396217,
            "gross_margin": 5.48,
            "gross_margin_4q_avg": -2.61,
            "net_income": -891881,
            "net_income_4q": null,
            "revenue": 7230283,
            "revenue_4q": null,
            "common_shares": 37273812,
            "book_valuer_per_share": 11.52,
            "book_valuer_per_share_4q_avg": 12.46,
            "equity": 42937354,
            "current_ratio": 124.19,
            "debt_ratio": 47.54,
            "inventory_turnover_ratio": 1.45,
            "account_receivable_turnover_ratio": null,
            "reinvestment_rate": null,
            "research_to_sale_ratio": null,
            "price_fair": 21.25,
            "eps_avg_yearly": 0.76,
            "eps_latest_yearly": 0.4,
            "eps_growth_yearly": 17.96
        },
        "20084": {
            "year_quarter": 20084,
            "year": 2008,
            "quarter": 4,
            "eps": -0.94,
            "eps_growth_year": null,
            "eps_4q": -2,
            "eps_4q_growth_year": null,
            "roe": -8.47,
            "roe_4q": -16.76,
            "gross_profit": -1173980,
            "gross_margin": -23.06,
            "gross_margin_4q_avg": -4.55,
            "net_income": -3437564,
            "net_income_4q": null,
            "revenue": 5090187,
            "revenue_4q": null,
            "common_shares": 37273812,
            "book_valuer_per_share": 10.26,
            "book_valuer_per_share_4q_avg": 11.67,
            "equity": 38254309,
            "current_ratio": 107.31,
            "debt_ratio": 49.41,
            "inventory_turnover_ratio": 1.3,
            "account_receivable_turnover_ratio": 4.01,
            "reinvestment_rate": null,
            "research_to_sale_ratio": null,
            "price_fair": 38.5,
            "eps_avg_yearly": 1.1,
            "eps_latest_yearly": 0.4,
            "eps_growth_yearly": 206.94
        },
        "20091": {
            "year_quarter": 20091,
            "year": 2009,
            "quarter": 1,
            "eps": -1.43,
            "eps_growth_year": null,
            "eps_4q": -2.96,
            "eps_4q_growth_year": null,
            "roe": -14.21,
            "roe_4q": -27.409999999999997,
            "gross_profit": -1692394,
            "gross_margin": -38.55,
            "gross_margin_4q_avg": -13.24,
            "net_income": -5218041,
            "net_income_4q": null,
            "revenue": 4390442,
            "revenue_4q": null,
            "common_shares": 36564972,
            "book_valuer_per_share": 9.63,
            "book_valuer_per_share_4q_avg": 10.89,
            "equity": 35198016,
            "current_ratio": 95.77,
            "debt_ratio": 51.47,
            "inventory_turnover_ratio": 1.39,
            "account_receivable_turnover_ratio": 1.86,
            "reinvestment_rate": null,
            "research_to_sale_ratio": null,
            "price_fair": 38.5,
            "eps_avg_yearly": 1.1,
            "eps_latest_yearly": 0.4,
            "eps_growth_yearly": 206.94
        },
        "20092": {
            "year_quarter": 20092,
            "year": 2009,
            "quarter": 2,
            "eps": -0.76,
            "eps_growth_year": null,
            "eps_4q": -3.36,
            "eps_4q_growth_year": null,
            "roe": -8.03,
            "roe_4q": -32.72,
            "gross_profit": -829668,
            "gross_margin": -13.19,
            "gross_margin_4q_avg": -17.33,
            "net_income": -2750059,
            "net_income_4q": null,
            "revenue": 6289382,
            "revenue_4q": null,
            "common_shares": 36564972,
            "book_valuer_per_share": 9.08,
            "book_valuer_per_share_4q_avg": 10.12,
            "equity": 33332173,
            "current_ratio": 79.41,
            "debt_ratio": 51.09,
            "inventory_turnover_ratio": 1.78,
            "account_receivable_turnover_ratio": 2.57,
            "reinvestment_rate": null,
            "research_to_sale_ratio": null,
            "price_fair": 38.5,
            "eps_avg_yearly": 1.1,
            "eps_latest_yearly": 0.4,
            "eps_growth_yearly": 206.94
        },
        "20093": {
            "year_quarter": 20093,
            "year": 2009,
            "quarter": 3,
            "eps": -0.27,
            "eps_growth_year": null,
            "eps_4q": -3.39,
            "eps_4q_growth_year": null,
            "roe": -2.94,
            "roe_4q": -33.65,
            "gross_profit": 759169,
            "gross_margin": 9.78,
            "gross_margin_4q_avg": -16.26,
            "net_income": -974493,
            "net_income_4q": null,
            "revenue": 7763270,
            "revenue_4q": null,
            "common_shares": 36564972,
            "book_valuer_per_share": 8.97,
            "book_valuer_per_share_4q_avg": 9.49,
            "equity": 32932923,
            "current_ratio": 94.11,
            "debt_ratio": 51.52,
            "inventory_turnover_ratio": 1.74,
            "account_receivable_turnover_ratio": 2.5,
            "reinvestment_rate": null,
            "research_to_sale_ratio": null,
            "price_fair": 38.5,
            "eps_avg_yearly": 1.1,
            "eps_latest_yearly": 0.4,
            "eps_growth_yearly": 206.94
        },
        "20094": {
            "year_quarter": 20094,
            "year": 2009,
            "quarter": 4,
            "eps": 0.09,
            "eps_growth_year": null,
            "eps_4q": -2.36,
            "eps_4q_growth_year": null,
            "roe": 1.06,
            "roe_4q": -24.12,
            "gross_profit": 1759635,
            "gross_margin": 21.32,
            "gross_margin_4q_avg": -5.16,
            "net_income": 355542,
            "net_income_4q": null,
            "revenue": 8252275,
            "revenue_4q": null,
            "common_shares": 36564972,
            "book_valuer_per_share": 9.28,
            "book_valuer_per_share_4q_avg": 9.24,
            "equity": 34415656,
            "current_ratio": 95.63,
            "debt_ratio": 48.97,
            "inventory_turnover_ratio": 1.4,
            "account_receivable_turnover_ratio": 4.63,
            "reinvestment_rate": null,
            "research_to_sale_ratio": null,
            "price_fair": 38.5,
            "eps_avg_yearly": 1.1,
            "eps_latest_yearly": 0.4,
            "eps_growth_yearly": 206.94
        },
        "20101": {
            "year_quarter": 20101,
            "year": 2010,
            "quarter": 1,
            "eps": 0.11,
            "eps_growth_year": null,
            "eps_4q": -0.83,
            "eps_4q_growth_year": null,
            "roe": 1.23,
            "roe_4q": -8.68,
            "gross_profit": 1994463,
            "gross_margin": 22.37,
            "gross_margin_4q_avg": 10.07,
            "net_income": 426468,
            "net_income_4q": null,
            "revenue": 8916853,
            "revenue_4q": null,
            "common_shares": 36564972,
            "book_valuer_per_share": 9.36,
            "book_valuer_per_share_4q_avg": 9.17,
            "equity": 34782335,
            "current_ratio": 99.24,
            "debt_ratio": 49.38,
            "inventory_turnover_ratio": 1.26,
            "account_receivable_turnover_ratio": 2.27,
            "reinvestment_rate": null,
            "research_to_sale_ratio": 10.15,
            "price_fair": 30.8,
            "eps_avg_yearly": 0.88,
            "eps_latest_yearly": 0.44,
            "eps_growth_yearly": 167.59
        },
        "20102": {
            "year_quarter": 20102,
            "year": 2010,
            "quarter": 2,
            "eps": 0.34,
            "eps_growth_year": null,
            "eps_4q": 0.27,
            "eps_4q_growth_year": null,
            "roe": 3.71,
            "roe_4q": 3.06,
            "gross_profit": 3163260,
            "gross_margin": 29.16,
            "gross_margin_4q_avg": 20.66,
            "net_income": 1310749,
            "net_income_4q": null,
            "revenue": 10847217,
            "revenue_4q": null,
            "common_shares": 36564972,
            "book_valuer_per_share": 9.66,
            "book_valuer_per_share_4q_avg": 9.32,
            "equity": 35907194,
            "current_ratio": 109.87,
            "debt_ratio": 47.61,
            "inventory_turnover_ratio": 1.24,
            "account_receivable_turnover_ratio": 2.22,
            "reinvestment_rate": null,
            "research_to_sale_ratio": 9.28,
            "price_fair": 35,
            "eps_avg_yearly": 1,
            "eps_latest_yearly": 1.36,
            "eps_growth_yearly": 334.79
        },
        "20103": {
            "year_quarter": 20103,
            "year": 2010,
            "quarter": 3,
            "eps": 0.52,
            "eps_growth_year": null,
            "eps_4q": 1.06,
            "eps_4q_growth_year": null,
            "roe": 5.3,
            "roe_4q": 11.3,
            "gross_profit": 2990556,
            "gross_margin": 27.92,
            "gross_margin_4q_avg": 25.19,
            "net_income": 1974174,
            "net_income_4q": null,
            "revenue": 10709971,
            "revenue_4q": null,
            "common_shares": 36564972,
            "book_valuer_per_share": 10.29,
            "book_valuer_per_share_4q_avg": 9.65,
            "equity": 38609373,
            "current_ratio": 120.53,
            "debt_ratio": 46.48,
            "inventory_turnover_ratio": 1.16,
            "account_receivable_turnover_ratio": 1.98,
            "reinvestment_rate": null,
            "research_to_sale_ratio": 8.93,
            "price_fair": 42.56,
            "eps_avg_yearly": 1.22,
            "eps_latest_yearly": 2.08,
            "eps_growth_yearly": 310.18
        },
        "20104": {
            "year_quarter": 20104,
            "year": 2010,
            "quarter": 4,
            "eps": 0.01,
            "eps_growth_year": -90.85,
            "eps_4q": 0.97,
            "eps_4q_growth_year": null,
            "roe": 0.17,
            "roe_4q": 10.41,
            "gross_profit": 1640314,
            "gross_margin": 17.34,
            "gross_margin_4q_avg": 24.2,
            "net_income": 65275,
            "net_income_4q": null,
            "revenue": 9460317,
            "revenue_4q": null,
            "common_shares": 36693502,
            "book_valuer_per_share": 10.22,
            "book_valuer_per_share_4q_avg": 9.88,
            "equity": 38566674,
            "current_ratio": 113.87,
            "debt_ratio": 42.07,
            "inventory_turnover_ratio": 1.2,
            "account_receivable_turnover_ratio": 1.93,
            "reinvestment_rate": null,
            "research_to_sale_ratio": 10.57,
            "price_fair": 30.24,
            "eps_avg_yearly": 0.86,
            "eps_latest_yearly": 0.04,
            "eps_growth_yearly": 86.72
        },
        "20111": {
            "year_quarter": 20111,
            "year": 2011,
            "quarter": 1,
            "eps": 0.03,
            "eps_growth_year": -72.73,
            "eps_4q": 0.9,
            "eps_4q_growth_year": null,
            "roe": 0.37,
            "roe_4q": 9.55,
            "gross_profit": 1720989,
            "gross_margin": 19.41,
            "gross_margin_4q_avg": 23.46,
            "net_income": 141584,
            "net_income_4q": null,
            "revenue": 8866645,
            "revenue_4q": null,
            "common_shares": 36721112,
            "book_valuer_per_share": 10.19,
            "book_valuer_per_share_4q_avg": 10.09,
            "equity": 38519487,
            "current_ratio": 115.31,
            "debt_ratio": 41.8,
            "inventory_turnover_ratio": 1.13,
            "account_receivable_turnover_ratio": 1.97,
            "reinvestment_rate": null,
            "research_to_sale_ratio": 11.16,
            "price_fair": 28.28,
            "eps_avg_yearly": 0.81,
            "eps_latest_yearly": 0.12,
            "eps_growth_yearly": 308.94
        },
        "20112": {
            "year_quarter": 20112,
            "year": 2011,
            "quarter": 2,
            "eps": 0.07,
            "eps_growth_year": -78.3,
            "eps_4q": 0.63,
            "eps_4q_growth_year": 135.74,
            "roe": 0.91,
            "roe_4q": 6.75,
            "gross_profit": 2138170,
            "gross_margin": 22.17,
            "gross_margin_4q_avg": 21.71,
            "net_income": 350639,
            "net_income_4q": null,
            "revenue": 9644367,
            "revenue_4q": null,
            "common_shares": 36725692,
            "book_valuer_per_share": 10.2,
            "book_valuer_per_share_4q_avg": 10.23,
            "equity": 38373787,
            "current_ratio": 117.11,
            "debt_ratio": 41.35,
            "inventory_turnover_ratio": 1.17,
            "account_receivable_turnover_ratio": 1.94,
            "reinvestment_rate": null,
            "research_to_sale_ratio": 11.69,
            "price_fair": 25.2,
            "eps_avg_yearly": 0.72,
            "eps_latest_yearly": 0.28,
            "eps_growth_yearly": 346.34
        },
        "20113": {
            "year_quarter": 20113,
            "year": 2011,
            "quarter": 3,
            "eps": -0.01,
            "eps_growth_year": -102.15,
            "eps_4q": 0.1,
            "eps_4q_growth_year": -90.31,
            "roe": 0,
            "roe_4q": 1.45,
            "gross_profit": 1642855,
            "gross_margin": 18.55,
            "gross_margin_4q_avg": 19.37,
            "net_income": 215,
            "net_income_4q": null,
            "revenue": 8855461,
            "revenue_4q": null,
            "common_shares": 36733072,
            "book_valuer_per_share": 10.01,
            "book_valuer_per_share_4q_avg": 10.16,
            "equity": 37761610,
            "current_ratio": 113.17,
            "debt_ratio": 41.98,
            "inventory_turnover_ratio": 1.09,
            "account_receivable_turnover_ratio": 1.64,
            "reinvestment_rate": null,
            "research_to_sale_ratio": 12.07,
            "price_fair": 25.2,
            "eps_avg_yearly": 0.72,
            "eps_latest_yearly": 0.28,
            "eps_growth_yearly": 346.34
        },
        "20114": {
            "year_quarter": 20114,
            "year": 2011,
            "quarter": 4,
            "eps": -0.32,
            "eps_growth_year": -4031.16,
            "eps_4q": -0.23,
            "eps_4q_growth_year": -123.68,
            "roe": -3.16,
            "roe_4q": -1.88,
            "gross_profit": 558182,
            "gross_margin": 7.61,
            "gross_margin_4q_avg": 16.94,
            "net_income": -1171406,
            "net_income_4q": null,
            "revenue": 7330377,
            "revenue_4q": null,
            "common_shares": 36802302,
            "book_valuer_per_share": 9.63,
            "book_valuer_per_share_4q_avg": 10.01,
            "equity": 36425083,
            "current_ratio": 119.54,
            "debt_ratio": 40.21,
            "inventory_turnover_ratio": 0.97,
            "account_receivable_turnover_ratio": 1.53,
            "reinvestment_rate": null,
            "research_to_sale_ratio": 15.28,
            "price_fair": 25.2,
            "eps_avg_yearly": 0.72,
            "eps_latest_yearly": 0.28,
            "eps_growth_yearly": 346.34
        },
        "20121": {
            "year_quarter": 20121,
            "year": 2012,
            "quarter": 1,
            "eps": -0.18,
            "eps_growth_year": -700,
            "eps_4q": -0.44,
            "eps_4q_growth_year": -148.78,
            "roe": -1.68,
            "roe_4q": -3.9299999999999997,
            "gross_profit": 1005888,
            "gross_margin": 13.44,
            "gross_margin_4q_avg": 15.44,
            "net_income": -608187,
            "net_income_4q": null,
            "revenue": 7486215,
            "revenue_4q": null,
            "common_shares": 36834072,
            "book_valuer_per_share": 9.5,
            "book_valuer_per_share_4q_avg": 9.84,
            "equity": 36016368,
            "current_ratio": 127.88,
            "debt_ratio": 41.11,
            "inventory_turnover_ratio": 0.87,
            "account_receivable_turnover_ratio": 1.74,
            "reinvestment_rate": null,
            "research_to_sale_ratio": 14.22,
            "price_fair": 25.2,
            "eps_avg_yearly": 0.72,
            "eps_latest_yearly": 0.28,
            "eps_growth_yearly": 346.34
        },
        "20122": {
            "year_quarter": 20122,
            "year": 2012,
            "quarter": 2,
            "eps": -0.09,
            "eps_growth_year": -220.65,
            "eps_4q": -0.6,
            "eps_4q_growth_year": -194.71,
            "roe": -0.59,
            "roe_4q": -5.43,
            "gross_profit": 1447155,
            "gross_margin": 15.96,
            "gross_margin_4q_avg": 13.89,
            "net_income": -209672,
            "net_income_4q": null,
            "revenue": 9069128,
            "revenue_4q": null,
            "common_shares": 36843332,
            "book_valuer_per_share": 9.37,
            "book_valuer_per_share_4q_avg": 9.63,
            "equity": 35539363,
            "current_ratio": 113.42,
            "debt_ratio": 40.57,
            "inventory_turnover_ratio": 0.99,
            "account_receivable_turnover_ratio": 1.95,
            "reinvestment_rate": null,
            "research_to_sale_ratio": 11.27,
            "price_fair": 25.2,
            "eps_avg_yearly": 0.72,
            "eps_latest_yearly": 0.28,
            "eps_growth_yearly": 346.34
        },
        "20123": {
            "year_quarter": 20123,
            "year": 2012,
            "quarter": 3,
            "eps": -0.09,
            "eps_growth_year": null,
            "eps_4q": -0.68,
            "eps_4q_growth_year": -758.86,
            "roe": -0.72,
            "roe_4q": -6.15,
            "gross_profit": 1546350,
            "gross_margin": 18.11,
            "gross_margin_4q_avg": 13.78,
            "net_income": -255651,
            "net_income_4q": null,
            "revenue": 8540442,
            "revenue_4q": null,
            "common_shares": 36850722,
            "book_valuer_per_share": 9.27,
            "book_valuer_per_share_4q_avg": 9.44,
            "equity": 35230321,
            "current_ratio": 126.24,
            "debt_ratio": 39.07,
            "inventory_turnover_ratio": 0.88,
            "account_receivable_turnover_ratio": 1.72,
            "reinvestment_rate": null,
            "research_to_sale_ratio": 12.94,
            "price_fair": 25.2,
            "eps_avg_yearly": 0.72,
            "eps_latest_yearly": 0.28,
            "eps_growth_yearly": 346.34
        },
        "20124": {
            "year_quarter": 20124,
            "year": 2012,
            "quarter": 4,
            "eps": -0.15,
            "eps_growth_year": null,
            "eps_4q": -0.5,
            "eps_4q_growth_year": null,
            "roe": -1.55,
            "roe_4q": -4.54,
            "gross_profit": 1160965,
            "gross_margin": 14.75,
            "gross_margin_4q_avg": 15.57,
            "net_income": -541598,
            "net_income_4q": null,
            "revenue": 7869498,
            "revenue_4q": null,
            "common_shares": 36856012,
            "book_valuer_per_share": 9.1,
            "book_valuer_per_share_4q_avg": 9.31,
            "equity": 34657966,
            "current_ratio": 141.1,
            "debt_ratio": 38.35,
            "inventory_turnover_ratio": 0.83,
            "account_receivable_turnover_ratio": 1.61,
            "reinvestment_rate": null,
            "research_to_sale_ratio": 14.06,
            "price_fair": 25.2,
            "eps_avg_yearly": 0.72,
            "eps_latest_yearly": 0.28,
            "eps_growth_yearly": 346.34
        },
        "20131": {
            "year_quarter": 20131,
            "year": 2013,
            "quarter": 1,
            "eps": -0.1,
            "eps_growth_year": null,
            "eps_4q": -0.43,
            "eps_4q_growth_year": null,
            "roe": -0.98,
            "roe_4q": -3.84,
            "gross_profit": 1248993,
            "gross_margin": 16.27,
            "gross_margin_4q_avg": 16.27,
            "net_income": -337392,
            "net_income_4q": null,
            "revenue": 7675106,
            "revenue_4q": null,
            "common_shares": 36868262,
            "book_valuer_per_share": 9.01,
            "book_valuer_per_share_4q_avg": 9.19,
            "equity": 34299862,
            "current_ratio": 153.13,
            "debt_ratio": 38.44,
            "inventory_turnover_ratio": 0.79,
            "account_receivable_turnover_ratio": 1.63,
            "reinvestment_rate": null,
            "research_to_sale_ratio": 13.59,
            "price_fair": 25.2,
            "eps_avg_yearly": 0.72,
            "eps_latest_yearly": 0.28,
            "eps_growth_yearly": 346.34
        },
        "20132": {
            "year_quarter": 20132,
            "year": 2013,
            "quarter": 2,
            "eps": 0.1,
            "eps_growth_year": null,
            "eps_4q": -0.24,
            "eps_4q_growth_year": null,
            "roe": 1.19,
            "roe_4q": -2.06,
            "gross_profit": 2065759,
            "gross_margin": 23.35,
            "gross_margin_4q_avg": 18.12,
            "net_income": 416373,
            "net_income_4q": null,
            "revenue": 8845828,
            "revenue_4q": null,
            "common_shares": 36888322,
            "book_valuer_per_share": 9.44,
            "book_valuer_per_share_4q_avg": 9.21,
            "equity": 35822218,
            "current_ratio": 201.01,
            "debt_ratio": 35.72,
            "inventory_turnover_ratio": 0.83,
            "account_receivable_turnover_ratio": 1.77,
            "reinvestment_rate": -7542.74,
            "research_to_sale_ratio": 11.81,
            "price_fair": 25.2,
            "eps_avg_yearly": 0.72,
            "eps_latest_yearly": 0.28,
            "eps_growth_yearly": 346.34
        },
        "20133": {
            "year_quarter": 20133,
            "year": 2013,
            "quarter": 3,
            "eps": 0.04,
            "eps_growth_year": null,
            "eps_4q": -0.11,
            "eps_4q_growth_year": null,
            "roe": 0.38,
            "roe_4q": -0.9600000000000002,
            "gross_profit": 1818943,
            "gross_margin": 21.89,
            "gross_margin_4q_avg": 19.07,
            "net_income": 136625,
            "net_income_4q": null,
            "revenue": 8309158,
            "revenue_4q": null,
            "common_shares": 36919672,
            "book_valuer_per_share": 9.46,
            "book_valuer_per_share_4q_avg": 9.25,
            "equity": 35927942,
            "current_ratio": 236.59,
            "debt_ratio": 33.25,
            "inventory_turnover_ratio": 0.83,
            "account_receivable_turnover_ratio": 1.64,
            "reinvestment_rate": -1143.4,
            "research_to_sale_ratio": 12.28,
            "price_fair": 22.4,
            "eps_avg_yearly": 0.64,
            "eps_latest_yearly": 0.16,
            "eps_growth_yearly": 262.58
        },
        "20134": {
            "year_quarter": 20134,
            "year": 2013,
            "quarter": 4,
            "eps": 0.02,
            "eps_growth_year": null,
            "eps_4q": 0.06,
            "eps_4q_growth_year": null,
            "roe": 0.2,
            "roe_4q": 0.79,
            "gross_profit": 1775237,
            "gross_margin": 21.37,
            "gross_margin_4q_avg": 20.72,
            "net_income": 71760,
            "net_income_4q": null,
            "revenue": 8305356,
            "revenue_4q": null,
            "common_shares": 36940232,
            "book_valuer_per_share": 9.44,
            "book_valuer_per_share_4q_avg": 9.34,
            "equity": 35888102,
            "current_ratio": 179.24,
            "debt_ratio": 35.54,
            "inventory_turnover_ratio": 0.9,
            "account_receivable_turnover_ratio": 1.68,
            "reinvestment_rate": -1540.03,
            "research_to_sale_ratio": 13.03,
            "price_fair": 19.95,
            "eps_avg_yearly": 0.57,
            "eps_latest_yearly": 0.08,
            "eps_growth_yearly": 204.76
        },
        "20141": {
            "year_quarter": 20141,
            "year": 2014,
            "quarter": 1,
            "eps": 0.1,
            "eps_growth_year": null,
            "eps_4q": 0.26,
            "eps_4q_growth_year": null,
            "roe": 1.1,
            "roe_4q": 2.87,
            "gross_profit": 2255035,
            "gross_margin": 25.77,
            "gross_margin_4q_avg": 23.1,
            "net_income": 397344,
            "net_income_4q": null,
            "revenue": 8751022,
            "revenue_4q": null,
            "common_shares": 36944662,
            "book_valuer_per_share": 9.6,
            "book_valuer_per_share_4q_avg": 9.49,
            "equity": 36500105,
            "current_ratio": 145.11,
            "debt_ratio": 37.81,
            "inventory_turnover_ratio": 0.96,
            "account_receivable_turnover_ratio": 1.76,
            "reinvestment_rate": -1161.96,
            "research_to_sale_ratio": 13.88,
            "price_fair": 19.78,
            "eps_avg_yearly": 0.57,
            "eps_latest_yearly": 0.4,
            "eps_growth_yearly": 393.64
        },
        "20142": {
            "year_quarter": 20142,
            "year": 2014,
            "quarter": 2,
            "eps": 0.19,
            "eps_growth_year": 90,
            "eps_4q": 0.35,
            "eps_4q_growth_year": null,
            "roe": 2.11,
            "roe_4q": 3.79,
            "gross_profit": 2772167,
            "gross_margin": 28.45,
            "gross_margin_4q_avg": 24.37,
            "net_income": 784293,
            "net_income_4q": null,
            "revenue": 9742354,
            "revenue_4q": null,
            "common_shares": 36946402,
            "book_valuer_per_share": 9.96,
            "book_valuer_per_share_4q_avg": 9.62,
            "equity": 37780725,
            "current_ratio": 149.15,
            "debt_ratio": 36.84,
            "inventory_turnover_ratio": 1.11,
            "account_receivable_turnover_ratio": 1.87,
            "reinvestment_rate": -1685.44,
            "research_to_sale_ratio": 13.27,
            "price_fair": 17.15,
            "eps_avg_yearly": 0.49,
            "eps_latest_yearly": 0.76,
            "eps_growth_yearly": 334.1
        },
        "20143": {
            "year_quarter": 20143,
            "year": 2014,
            "quarter": 3,
            "eps": 0.25,
            "eps_growth_year": 525,
            "eps_4q": 0.57,
            "eps_4q_growth_year": null,
            "roe": 2.53,
            "roe_4q": 5.94,
            "gross_profit": 2804751,
            "gross_margin": 28.24,
            "gross_margin_4q_avg": 25.96,
            "net_income": 961655,
            "net_income_4q": null,
            "revenue": 9931448,
            "revenue_4q": null,
            "common_shares": 36949822,
            "book_valuer_per_share": 10.03,
            "book_valuer_per_share_4q_avg": 9.76,
            "equity": 38095367,
            "current_ratio": 145.5,
            "debt_ratio": 37.34,
            "inventory_turnover_ratio": 1.21,
            "account_receivable_turnover_ratio": 1.78,
            "reinvestment_rate": null,
            "research_to_sale_ratio": 11.28,
            "price_fair": 12.43,
            "eps_avg_yearly": 0.36,
            "eps_latest_yearly": 1,
            "eps_growth_yearly": 323.42
        },
        "20144": {
            "year_quarter": 20144,
            "year": 2014,
            "quarter": 4,
            "eps": 0.29,
            "eps_growth_year": 1592.66,
            "eps_4q": 0.83,
            "eps_4q_growth_year": 1388.74,
            "roe": 2.76,
            "roe_4q": 8.499999999999998,
            "gross_profit": 2958508,
            "gross_margin": 30.93,
            "gross_margin_4q_avg": 28.35,
            "net_income": 1067252,
            "net_income_4q": null,
            "revenue": 9564836,
            "revenue_4q": null,
            "common_shares": 36949822,
            "book_valuer_per_share": 10.35,
            "book_valuer_per_share_4q_avg": 9.99,
            "equity": 39300091,
            "current_ratio": 158.99,
            "debt_ratio": 39.44,
            "inventory_turnover_ratio": 1.09,
            "account_receivable_turnover_ratio": 1.7,
            "reinvestment_rate": -670.73,
            "research_to_sale_ratio": 13.22,
            "price_fair": 17.33,
            "eps_avg_yearly": 0.5,
            "eps_latest_yearly": 1.16,
            "eps_growth_yearly": 380.46
        },
        "20151": {
            "year_quarter": 20151,
            "year": 2015,
            "quarter": 1,
            "eps": 0.27,
            "eps_growth_year": 170,
            "eps_4q": 1,
            "eps_4q_growth_year": 289.18,
            "roe": 2.62,
            "roe_4q": 10.02,
            "gross_profit": 3132075,
            "gross_margin": 32.21,
            "gross_margin_4q_avg": 29.96,
            "net_income": 1036975,
            "net_income_4q": null,
            "revenue": 9723826,
            "revenue_4q": null,
            "common_shares": 36949822,
            "book_valuer_per_share": 10.53,
            "book_valuer_per_share_4q_avg": 10.22,
            "equity": 39976958,
            "current_ratio": 178.65,
            "debt_ratio": 37.92,
            "inventory_turnover_ratio": 1.02,
            "account_receivable_turnover_ratio": 1.8,
            "reinvestment_rate": -260.89,
            "research_to_sale_ratio": 13.36,
            "price_fair": 21.53,
            "eps_avg_yearly": 0.62,
            "eps_latest_yearly": 1.08,
            "eps_growth_yearly": 277.01
        },
        "20152": {
            "year_quarter": 20152,
            "year": 2015,
            "quarter": 2,
            "eps": 0.22,
            "eps_growth_year": 15.79,
            "eps_4q": 1.03,
            "eps_4q_growth_year": 192.81,
            "roe": 2.17,
            "roe_4q": 10.08,
            "gross_profit": 2954109,
            "gross_margin": 31.93,
            "gross_margin_4q_avg": 30.83,
            "net_income": 863149,
            "net_income_4q": null,
            "revenue": 9252129,
            "revenue_4q": null,
            "common_shares": 36949822,
            "book_valuer_per_share": 10.45,
            "book_valuer_per_share_4q_avg": 10.34,
            "equity": 39637122,
            "current_ratio": 189.96,
            "debt_ratio": 37.7,
            "inventory_turnover_ratio": 0.9,
            "account_receivable_turnover_ratio": 1.71,
            "reinvestment_rate": -195.67,
            "research_to_sale_ratio": 14.57,
            "price_fair": 24.15,
            "eps_avg_yearly": 0.69,
            "eps_latest_yearly": 0.88,
            "eps_growth_yearly": 201.08
        },
        "20153": {
            "year_quarter": 20153,
            "year": 2015,
            "quarter": 3,
            "eps": 0.18,
            "eps_growth_year": -28,
            "eps_4q": 0.98,
            "eps_4q_growth_year": 73.09,
            "roe": 1.85,
            "roe_4q": 9.399999999999999,
            "gross_profit": 2684596,
            "gross_margin": 28.16,
            "gross_margin_4q_avg": 30.81,
            "net_income": 730568,
            "net_income_4q": null,
            "revenue": 9533927,
            "revenue_4q": null,
            "common_shares": 36949822,
            "book_valuer_per_share": 10.61,
            "book_valuer_per_share_4q_avg": 10.49,
            "equity": 39474002,
            "current_ratio": 193.47,
            "debt_ratio": 37.97,
            "inventory_turnover_ratio": 0.89,
            "account_receivable_turnover_ratio": 1.73,
            "reinvestment_rate": -135.17,
            "research_to_sale_ratio": 13.19,
            "price_fair": 24.27,
            "eps_avg_yearly": 0.69,
            "eps_latest_yearly": 0.72,
            "eps_growth_yearly": 170.66
        },
        "20154": {
            "year_quarter": 20154,
            "year": 2015,
            "quarter": 4,
            "eps": 0.23,
            "eps_growth_year": -19.99,
            "eps_4q": 0.92,
            "eps_4q_growth_year": 10.44,
            "roe": 2.12,
            "roe_4q": 8.760000000000002,
            "gross_profit": 3050873,
            "gross_margin": 31,
            "gross_margin_4q_avg": 30.83,
            "net_income": 842181,
            "net_income_4q": null,
            "revenue": 9840433,
            "revenue_4q": null,
            "common_shares": 35800002,
            "book_valuer_per_share": 10.89,
            "book_valuer_per_share_4q_avg": 10.62,
            "equity": 40098539,
            "current_ratio": 200.38,
            "debt_ratio": 35.94,
            "inventory_turnover_ratio": 0.82,
            "account_receivable_turnover_ratio": 1.82,
            "reinvestment_rate": -53.86,
            "research_to_sale_ratio": 13.8,
            "price_fair": 25.06,
            "eps_avg_yearly": 0.72,
            "eps_latest_yearly": 0.92,
            "eps_growth_yearly": 164.7
        },
        "20161": {
            "year_quarter": 20161,
            "year": 2016,
            "quarter": 1,
            "eps": 0.22,
            "eps_growth_year": -18.52,
            "eps_4q": 0.86,
            "eps_4q_growth_year": -14.35,
            "roe": 1.98,
            "roe_4q": 8.12,
            "gross_profit": 3038300,
            "gross_margin": 30.12,
            "gross_margin_4q_avg": 30.3,
            "net_income": 807537,
            "net_income_4q": null,
            "revenue": 10086944,
            "revenue_4q": null,
            "common_shares": 35800002,
            "book_valuer_per_share": 11.25,
            "book_valuer_per_share_4q_avg": 10.8,
            "equity": 41431122,
            "current_ratio": 219.75,
            "debt_ratio": 34.87,
            "inventory_turnover_ratio": 0.82,
            "account_receivable_turnover_ratio": 1.9,
            "reinvestment_rate": -27.08,
            "research_to_sale_ratio": 13.91,
            "price_fair": 25.58,
            "eps_avg_yearly": 0.73,
            "eps_latest_yearly": 0.88,
            "eps_growth_yearly": 148.15
        },
        "20162": {
            "year_quarter": 20162,
            "year": 2016,
            "quarter": 2,
            "eps": 0.18,
            "eps_growth_year": -18.18,
            "eps_4q": 0.81,
            "eps_4q_growth_year": -20.63,
            "roe": 1.78,
            "roe_4q": 7.73,
            "gross_profit": 2964563,
            "gross_margin": 28.24,
            "gross_margin_4q_avg": 29.38,
            "net_income": 744532,
            "net_income_4q": null,
            "revenue": 10496888,
            "revenue_4q": null,
            "common_shares": 35800002,
            "book_valuer_per_share": 11.42,
            "book_valuer_per_share_4q_avg": 11.04,
            "equity": 41993876,
            "current_ratio": 224.57,
            "debt_ratio": 33.4,
            "inventory_turnover_ratio": 0.89,
            "account_receivable_turnover_ratio": 1.93,
            "reinvestment_rate": -9.4,
            "research_to_sale_ratio": 13.91,
            "price_fair": 25.55,
            "eps_avg_yearly": 0.73,
            "eps_latest_yearly": 0.72,
            "eps_growth_yearly": 129.74
        },
        "20163": {
            "year_quarter": 20163,
            "year": 2016,
            "quarter": 3,
            "eps": 0.18,
            "eps_growth_year": 0,
            "eps_4q": 0.81,
            "eps_4q_growth_year": -17.11,
            "roe": 1.67,
            "roe_4q": 7.55,
            "gross_profit": 2974074,
            "gross_margin": 27.71,
            "gross_margin_4q_avg": 29.27,
            "net_income": 717138,
            "net_income_4q": null,
            "revenue": 10732716,
            "revenue_4q": null,
            "common_shares": 35800002,
            "book_valuer_per_share": 11.92,
            "book_valuer_per_share_4q_avg": 11.37,
            "equity": 43840428,
            "current_ratio": 230.29,
            "debt_ratio": 32.8,
            "inventory_turnover_ratio": 0.97,
            "account_receivable_turnover_ratio": 1.9,
            "reinvestment_rate": 29.86,
            "research_to_sale_ratio": 13.6,
            "price_fair": 25.52,
            "eps_avg_yearly": 0.73,
            "eps_latest_yearly": 0.72,
            "eps_growth_yearly": 119.76
        },
        "20164": {
            "year_quarter": 20164,
            "year": 2016,
            "quarter": 4,
            "eps": 0.23,
            "eps_growth_year": 0.19,
            "eps_4q": 0.81,
            "eps_4q_growth_year": -11.95,
            "roe": 1.96,
            "roe_4q": 7.390000000000001,
            "gross_profit": 3040835,
            "gross_margin": 28.22,
            "gross_margin_4q_avg": 28.57,
            "net_income": 870867,
            "net_income_4q": null,
            "revenue": 10775161,
            "revenue_4q": null,
            "common_shares": 35800002,
            "book_valuer_per_share": 12.29,
            "book_valuer_per_share_4q_avg": 11.72,
            "equity": 45220799,
            "current_ratio": 186.64,
            "debt_ratio": 33.49,
            "inventory_turnover_ratio": 1.01,
            "account_receivable_turnover_ratio": 1.86,
            "reinvestment_rate": 67.24,
            "research_to_sale_ratio": 13.26,
            "price_fair": 26,
            "eps_avg_yearly": 0.74,
            "eps_latest_yearly": 0.92,
            "eps_growth_yearly": 119.15
        },
        "20171": {
            "year_quarter": 20171,
            "year": 2017,
            "quarter": 1,
            "eps": 0.19,
            "eps_growth_year": -13.64,
            "eps_4q": 0.79,
            "eps_4q_growth_year": -8.44,
            "roe": 1.56,
            "roe_4q": 6.97,
            "gross_profit": 2988769,
            "gross_margin": 28.67,
            "gross_margin_4q_avg": 28.21,
            "net_income": 723463,
            "net_income_4q": null,
            "revenue": 10424963,
            "revenue_4q": null,
            "common_shares": 35800002,
            "book_valuer_per_share": 12.86,
            "book_valuer_per_share_4q_avg": 12.12,
            "equity": 47266900,
            "current_ratio": 195.96,
            "debt_ratio": 31.36,
            "inventory_turnover_ratio": 0.97,
            "account_receivable_turnover_ratio": 1.87,
            "reinvestment_rate": 88.96,
            "research_to_sale_ratio": 13.96,
            "price_fair": 26.04,
            "eps_avg_yearly": 0.74,
            "eps_latest_yearly": 0.76,
            "eps_growth_yearly": 106.56
        },
        "20172": {
            "year_quarter": 20172,
            "year": 2017,
            "quarter": 2,
            "eps": 0.28,
            "eps_growth_year": 55.56,
            "eps_4q": 0.88,
            "eps_4q_growth_year": 8.49,
            "roe": 2.32,
            "roe_4q": 7.51,
            "gross_profit": 3714565,
            "gross_margin": 32.55,
            "gross_margin_4q_avg": 29.29,
            "net_income": 1086540,
            "net_income_4q": null,
            "revenue": 11411277,
            "revenue_4q": null,
            "common_shares": 35800002,
            "book_valuer_per_share": 12.58,
            "book_valuer_per_share_4q_avg": 12.41,
            "equity": 46210394,
            "current_ratio": 149.94,
            "debt_ratio": 37.22,
            "inventory_turnover_ratio": 0.98,
            "account_receivable_turnover_ratio": 1.97,
            "reinvestment_rate": 133.11,
            "research_to_sale_ratio": 14.14,
            "price_fair": 26.86,
            "eps_avg_yearly": 0.77,
            "eps_latest_yearly": 1.12,
            "eps_growth_yearly": 111.75
        },
        "20173": {
            "year_quarter": 20173,
            "year": 2017,
            "quarter": 3,
            "eps": 0.58,
            "eps_growth_year": 222.22,
            "eps_4q": 1.28,
            "eps_4q_growth_year": 57.81,
            "roe": 4.49,
            "roe_4q": 10.330000000000002,
            "gross_profit": 4627890,
            "gross_margin": 36.88,
            "gross_margin_4q_avg": 31.58,
            "net_income": 2166153,
            "net_income_4q": null,
            "revenue": 12549903,
            "revenue_4q": null,
            "common_shares": 35800002,
            "book_valuer_per_share": 13.63,
            "book_valuer_per_share_4q_avg": 12.84,
            "equity": 50193064,
            "current_ratio": 174.1,
            "debt_ratio": 34.9,
            "inventory_turnover_ratio": 1,
            "account_receivable_turnover_ratio": 1.92,
            "reinvestment_rate": 144.81,
            "research_to_sale_ratio": 14.04,
            "price_fair": 31.59,
            "eps_avg_yearly": 0.9,
            "eps_latest_yearly": 2.32,
            "eps_growth_yearly": 153.53
        },
        "20174": {
            "year_quarter": 20174,
            "year": 2017,
            "quarter": 4,
            "eps": 0.45,
            "eps_growth_year": 96.11,
            "eps_4q": 1.39,
            "eps_4q_growth_year": 71.93,
            "roe": 3.3,
            "roe_4q": 11.67,
            "gross_profit": 4992463,
            "gross_margin": 37.81,
            "gross_margin_4q_avg": 33.98,
            "net_income": 1846794,
            "net_income_4q": null,
            "revenue": 13205649,
            "revenue_4q": null,
            "common_shares": 39800002,
            "book_valuer_per_share": 15.13,
            "book_valuer_per_share_4q_avg": 13.55,
            "equity": 61626991,
            "current_ratio": 229.31,
            "debt_ratio": 30.06,
            "inventory_turnover_ratio": 1.02,
            "account_receivable_turnover_ratio": 1.94,
            "reinvestment_rate": 139.34,
            "research_to_sale_ratio": 14.36,
            "price_fair": 35.35,
            "eps_avg_yearly": 1.01,
            "eps_latest_yearly": 1.8,
            "eps_growth_yearly": 160.43
        },
        "20181": {
            "year_quarter": 20181,
            "year": 2018,
            "quarter": 1,
            "eps": 0.4,
            "eps_growth_year": 110.53,
            "eps_4q": 1.62,
            "eps_4q_growth_year": 105.7,
            "roe": 2.58,
            "roe_4q": 12.690000000000001,
            "gross_profit": 4578979,
            "gross_margin": 37.67,
            "gross_margin_4q_avg": 36.23,
            "net_income": 1612170,
            "net_income_4q": null,
            "revenue": 12156183,
            "revenue_4q": null,
            "common_shares": 39800002,
            "book_valuer_per_share": 15.54,
            "book_valuer_per_share_4q_avg": 14.22,
            "equity": 63302285,
            "current_ratio": 228.91,
            "debt_ratio": 28.45,
            "inventory_turnover_ratio": 0.9,
            "account_receivable_turnover_ratio": 1.88,
            "reinvestment_rate": 122.35,
            "research_to_sale_ratio": 14.96,
            "price_fair": 37.98,
            "eps_avg_yearly": 1.09,
            "eps_latest_yearly": 1.6,
            "eps_growth_yearly": 57.65
        },
        "20182": {
            "year_quarter": 20182,
            "year": 2018,
            "quarter": 2,
            "eps": 0.54,
            "eps_growth_year": 92.86,
            "eps_4q": 1.91,
            "eps_4q_growth_year": 116.2,
            "roe": 3.51,
            "roe_4q": 13.88,
            "gross_profit": 5250528,
            "gross_margin": 38.94,
            "gross_margin_4q_avg": 37.83,
            "net_income": 2258354,
            "net_income_4q": null,
            "revenue": 13485223,
            "revenue_4q": null,
            "common_shares": 39800002,
            "book_valuer_per_share": 16.08,
            "book_valuer_per_share_4q_avg": 15.1,
            "equity": 65357639,
            "current_ratio": 195.46,
            "debt_ratio": 29.56,
            "inventory_turnover_ratio": 0.91,
            "account_receivable_turnover_ratio": 2.01,
            "reinvestment_rate": 113.7,
            "research_to_sale_ratio": 14.39,
            "price_fair": 41.04,
            "eps_avg_yearly": 1.17,
            "eps_latest_yearly": 2.16,
            "eps_growth_yearly": 43.9
        },
        "20183": {
            "year_quarter": 20183,
            "year": 2018,
            "quarter": 3,
            "eps": 0.71,
            "eps_growth_year": 22.41,
            "eps_4q": 2.1,
            "eps_4q_growth_year": 64.12,
            "roe": 4.47,
            "roe_4q": 13.86,
            "gross_profit": 5249597,
            "gross_margin": 38.37,
            "gross_margin_4q_avg": 38.2,
            "net_income": 2916830,
            "net_income_4q": null,
            "revenue": 13680653,
            "revenue_4q": null,
            "common_shares": 39800002,
            "book_valuer_per_share": 16.02,
            "book_valuer_per_share_4q_avg": 15.69,
            "equity": 65164957,
            "current_ratio": 277.17,
            "debt_ratio": 34.02,
            "inventory_turnover_ratio": 0.88,
            "account_receivable_turnover_ratio": 1.87,
            "reinvestment_rate": 100.08,
            "research_to_sale_ratio": 14.37,
            "price_fair": 45.06,
            "eps_avg_yearly": 1.29,
            "eps_latest_yearly": 2.84,
            "eps_growth_yearly": 43.88
        },
        "20184": {
            "year_quarter": 20184,
            "year": 2018,
            "quarter": 4,
            "eps": 0.22,
            "eps_growth_year": -50.89,
            "eps_4q": 1.87,
            "eps_4q_growth_year": 34.16,
            "roe": 1.46,
            "roe_4q": 12.02,
            "gross_profit": 4071999,
            "gross_margin": 34.31,
            "gross_margin_4q_avg": 37.32,
            "net_income": 940304,
            "net_income_4q": null,
            "revenue": 11868264,
            "revenue_4q": null,
            "common_shares": 39800002,
            "book_valuer_per_share": 15.69,
            "book_valuer_per_share_4q_avg": 15.83,
            "equity": 63891097,
            "current_ratio": 227.86,
            "debt_ratio": 33.48,
            "inventory_turnover_ratio": 0.75,
            "account_receivable_turnover_ratio": 1.71,
            "reinvestment_rate": 98.22,
            "research_to_sale_ratio": 16.62,
            "price_fair": 41.43,
            "eps_avg_yearly": 1.27,
            "eps_latest_yearly": 0.88,
            "eps_growth_yearly": 22.62
        },
        "20191": {
            "year_quarter": 20191,
            "year": 2019,
            "quarter": 1,
            "eps": 0.1,
            "eps_growth_year": -75,
            "eps_4q": 1.58,
            "eps_4q_growth_year": -2.28,
            "roe": 0.66,
            "roe_4q": 10.1,
            "gross_profit": 3448449,
            "gross_margin": 31.68,
            "gross_margin_4q_avg": 35.83,
            "net_income": 428224,
            "net_income_4q": null,
            "revenue": 10886768,
            "revenue_4q": null,
            "common_shares": 39800002,
            "book_valuer_per_share": 16.03,
            "book_valuer_per_share_4q_avg": 15.96,
            "equity": 65285335,
            "current_ratio": 231.3,
            "debt_ratio": 33.96,
            "inventory_turnover_ratio": 0.67,
            "account_receivable_turnover_ratio": 1.73,
            "reinvestment_rate": 114,
            "research_to_sale_ratio": 18.25,
            "price_fair": 25.42,
            "eps_avg_yearly": 1.23,
            "eps_latest_yearly": 0.4,
            "eps_growth_yearly": 10.71
        },
        "20192": {
            "year_quarter": 20192,
            "year": 2019,
            "quarter": 2,
            "eps": 0.12,
            "eps_growth_year": -77.78,
            "eps_4q": 1.15,
            "eps_4q_growth_year": -39.53,
            "roe": 0.85,
            "roe_4q": 7.4399999999999995,
            "gross_profit": 3155373,
            "gross_margin": 26.27,
            "gross_margin_4q_avg": 32.66,
            "net_income": 534806,
            "net_income_4q": null,
            "revenue": 12011669,
            "revenue_4q": null,
            "common_shares": 39800002,
            "book_valuer_per_share": 14.8,
            "book_valuer_per_share_4q_avg": 15.64,
            "equity": 60266692,
            "current_ratio": 175.15,
            "debt_ratio": 41.65,
            "inventory_turnover_ratio": 0.79,
            "account_receivable_turnover_ratio": 1.92,
            "reinvestment_rate": 130.61,
            "research_to_sale_ratio": 17.12,
            "price_fair": 36.48,
            "eps_avg_yearly": 1.2,
            "eps_latest_yearly": 0.48,
            "eps_growth_yearly": 20.34
        },
        "20193": {
            "year_quarter": 20193,
            "year": 2019,
            "quarter": 3,
            "eps": 0.15,
            "eps_growth_year": -78.87,
            "eps_4q": 0.59,
            "eps_4q_growth_year": -71.91,
            "roe": 1.09,
            "roe_4q": 4.0600000000000005,
            "gross_profit": 3555331,
            "gross_margin": 26.49,
            "gross_margin_4q_avg": 29.69,
            "net_income": 660785,
            "net_income_4q": null,
            "revenue": 13420329,
            "revenue_4q": null,
            "common_shares": 39800002,
            "book_valuer_per_share": 15.04,
            "book_valuer_per_share_4q_avg": 15.39,
            "equity": 61318148,
            "current_ratio": 200.57,
            "debt_ratio": 39.26,
            "inventory_turnover_ratio": 0.91,
            "account_receivable_turnover_ratio": 1.96,
            "reinvestment_rate": 140.8,
            "research_to_sale_ratio": 15.66,
            "price_fair": 41.83,
            "eps_avg_yearly": 1.2,
            "eps_latest_yearly": 0.6,
            "eps_growth_yearly": 31.14
        },
        "20194": {
            "year_quarter": 20194,
            "year": 2019,
            "quarter": 4,
            "eps": -0.05,
            "eps_growth_year": -124.15,
            "eps_4q": 0.32,
            "eps_4q_growth_year": -83.13,
            "roe": -0.23,
            "roe_4q": 2.37,
            "gross_profit": 2754699,
            "gross_margin": 22.12,
            "gross_margin_4q_avg": 26.64,
            "net_income": -146528,
            "net_income_4q": null,
            "revenue": 12452668,
            "revenue_4q": null,
            "common_shares": 39800002,
            "book_valuer_per_share": 15.33,
            "book_valuer_per_share_4q_avg": 15.3,
            "equity": 63857187,
            "current_ratio": 214.42,
            "debt_ratio": 39.07,
            "inventory_turnover_ratio": 0.93,
            "account_receivable_turnover_ratio": 1.86,
            "reinvestment_rate": 158.35,
            "research_to_sale_ratio": 15.96,
            "price_fair": 42.47,
            "eps_avg_yearly": 1.21,
            "eps_latest_yearly": 0.6,
            "eps_growth_yearly": 25.8
        },
        "20201": {
            "year_quarter": 20201,
            "year": 2020,
            "quarter": 1,
            "eps": -0.02,
            "eps_growth_year": -120,
            "eps_4q": 0.19,
            "eps_4q_growth_year": -88.01,
            "roe": -0.13,
            "roe_4q": 1.58,
            "gross_profit": 2786454,
            "gross_margin": 24.13,
            "gross_margin_4q_avg": 24.75,
            "net_income": -81526,
            "net_income_4q": null,
            "revenue": 11549003,
            "revenue_4q": null,
            "common_shares": 39800002,
            "book_valuer_per_share": 14.35,
            "book_valuer_per_share_4q_avg": 14.88,
            "equity": 59923883,
            "current_ratio": 218.13,
            "debt_ratio": 39.63,
            "inventory_turnover_ratio": 0.84,
            "account_receivable_turnover_ratio": 1.86,
            "reinvestment_rate": 149.68,
            "research_to_sale_ratio": 16.55,
            "price_fair": 43.3,
            "eps_avg_yearly": 1.24,
            "eps_latest_yearly": 0.6,
            "eps_growth_yearly": 28.89
        },
        "20202": {
            "year_quarter": 20202,
            "year": 2020,
            "quarter": 2,
            "eps": 0.18,
            "eps_growth_year": 50,
            "eps_4q": 0.25,
            "eps_4q_growth_year": -78.21,
            "roe": 1.37,
            "roe_4q": 2.1000000000000005,
            "gross_profit": 3738170,
            "gross_margin": 29.31,
            "gross_margin_4q_avg": 25.51,
            "net_income": 838253,
            "net_income_4q": null,
            "revenue": 12752595,
            "revenue_4q": null,
            "common_shares": 39800002,
            "book_valuer_per_share": 14.89,
            "book_valuer_per_share_4q_avg": 14.9,
            "equity": 62093178,
            "current_ratio": 229.35,
            "debt_ratio": 40.03,
            "inventory_turnover_ratio": 0.85,
            "account_receivable_turnover_ratio": 1.97,
            "reinvestment_rate": 155.81,
            "research_to_sale_ratio": 15.51,
            "price_fair": 44.69,
            "eps_avg_yearly": 1.28,
            "eps_latest_yearly": 0.6,
            "eps_growth_yearly": 36.71
        },
        "20203": {
            "year_quarter": 20203,
            "year": 2020,
            "quarter": 3,
            "eps": 0.08,
            "eps_growth_year": -46.67,
            "eps_4q": 0.19,
            "eps_4q_growth_year": -68.42,
            "roe": 0.6,
            "roe_4q": 1.6100000000000003,
            "gross_profit": 4323031,
            "gross_margin": 26.96,
            "gross_margin_4q_avg": 25.63,
            "net_income": 376993,
            "net_income_4q": null,
            "revenue": 16033721,
            "revenue_4q": null,
            "common_shares": 39800002,
            "book_valuer_per_share": 15.18,
            "book_valuer_per_share_4q_avg": 14.94,
            "equity": 63489825,
            "current_ratio": 186.72,
            "debt_ratio": 47.74,
            "inventory_turnover_ratio": 0.94,
            "account_receivable_turnover_ratio": 1.87,
            "reinvestment_rate": 197.31,
            "research_to_sale_ratio": 17.11,
            "price_fair": 36.9,
            "eps_avg_yearly": 1.25,
            "eps_latest_yearly": 0.32,
            "eps_growth_yearly": 19.61
        },
        "20204": {
            "year_quarter": 20204,
            "year": 2020,
            "quarter": 4,
            "eps": 0.09,
            "eps_growth_year": null,
            "eps_4q": 0.33,
            "eps_4q_growth_year": 3.79,
            "roe": 0.57,
            "roe_4q": 2.41,
            "gross_profit": 6192481,
            "gross_margin": 30.43,
            "gross_margin_4q_avg": 27.71,
            "net_income": 385323,
            "net_income_4q": null,
            "revenue": 20347852,
            "revenue_4q": null,
            "common_shares": 39800002,
            "book_valuer_per_share": 16.44,
            "book_valuer_per_share_4q_avg": 15.22,
            "equity": 70592687,
            "current_ratio": 186.58,
            "debt_ratio": 43.99,
            "inventory_turnover_ratio": 0.99,
            "account_receivable_turnover_ratio": 2.01,
            "reinvestment_rate": 192.25,
            "research_to_sale_ratio": 19.04,
            "price_fair": 29.97,
            "eps_avg_yearly": 1.2,
            "eps_latest_yearly": 0.36,
            "eps_growth_yearly": 14.91
        },
        "20211": {
            "year_quarter": 20211,
            "year": 2021,
            "quarter": 1,
            "eps": 0.4,
            "eps_growth_year": null,
            "eps_4q": 0.75,
            "eps_4q_growth_year": 294.67,
            "roe": 2.37,
            "roe_4q": 4.91,
            "gross_profit": 8010618,
            "gross_margin": 37.56,
            "gross_margin_4q_avg": 31.07,
            "net_income": 1709102,
            "net_income_4q": null,
            "revenue": 21325358,
            "revenue_4q": null,
            "common_shares": 39800002,
            "book_valuer_per_share": 17.12,
            "book_valuer_per_share_4q_avg": 15.91,
            "equity": 73536869,
            "current_ratio": 201.98,
            "debt_ratio": 42.58,
            "inventory_turnover_ratio": 0.93,
            "account_receivable_turnover_ratio": 2.07,
            "reinvestment_rate": 164.99,
            "research_to_sale_ratio": 17.86,
            "price_fair": 44.37,
            "eps_avg_yearly": 1.27,
            "eps_latest_yearly": 1.6,
            "eps_growth_yearly": 126.25
        },
        "20212": {
            "year_quarter": 20212,
            "year": 2021,
            "quarter": 2,
            "eps": 0.84,
            "eps_growth_year": 366.67,
            "eps_4q": 1.41,
            "eps_4q_growth_year": 459.58,
            "roe": 4.84,
            "roe_4q": 8.38,
            "gross_profit": 10652949,
            "gross_margin": 42.22,
            "gross_margin_4q_avg": 34.29,
            "net_income": 3779523,
            "net_income_4q": null,
            "revenue": 25234159,
            "revenue_4q": null,
            "common_shares": 39800002,
            "book_valuer_per_share": 19.14,
            "book_valuer_per_share_4q_avg": 16.97,
            "equity": 82560801,
            "current_ratio": 226.03,
            "debt_ratio": 40.69,
            "inventory_turnover_ratio": 1.01,
            "account_receivable_turnover_ratio": 2.15,
            "reinvestment_rate": 133.55,
            "research_to_sale_ratio": 15.42,
            "price_fair": 50.4,
            "eps_avg_yearly": 1.44,
            "eps_latest_yearly": 3.36,
            "eps_growth_yearly": 145.52
        },
        "20213": {
            "year_quarter": 20213,
            "year": 2021,
            "quarter": 3,
            "eps": 1.13,
            "eps_growth_year": 1312.5,
            "eps_4q": 2.45,
            "eps_4q_growth_year": 1215.29,
            "roe": 5.78,
            "roe_4q": 13.560000000000002,
            "gross_profit": 12097191,
            "gross_margin": 44.78,
            "gross_margin_4q_avg": 38.75,
            "net_income": 4787174,
            "net_income_4q": null,
            "revenue": 27014730,
            "revenue_4q": null,
            "common_shares": 39800002,
            "book_valuer_per_share": 19.12,
            "book_valuer_per_share_4q_avg": 17.96,
            "equity": 83030133,
            "current_ratio": 222.06,
            "debt_ratio": 40.97,
            "inventory_turnover_ratio": 1,
            "account_receivable_turnover_ratio": 2.11,
            "reinvestment_rate": 92.56,
            "research_to_sale_ratio": 14.57,
            "price_fair": 56.32,
            "eps_avg_yearly": 1.61,
            "eps_latest_yearly": 4.52,
            "eps_growth_yearly": 123.17
        },
        "20214": {
            "year_quarter": 20214,
            "year": 2021,
            "quarter": 4,
            "eps": 1.05,
            "eps_growth_year": 1096.9,
            "eps_4q": 3.42,
            "eps_4q_growth_year": 942.52,
            "roe": 5.46,
            "roe_4q": 18.45,
            "gross_profit": 11720309,
            "gross_margin": 45.09,
            "gross_margin_4q_avg": 42.41,
            "net_income": 4724323,
            "net_income_4q": null,
            "revenue": 25995677,
            "revenue_4q": null,
            "common_shares": 39800002,
            "book_valuer_per_share": 20.71,
            "book_valuer_per_share_4q_avg": 19.02,
            "equity": 90033512,
            "current_ratio": 253.12,
            "debt_ratio": 41.05,
            "inventory_turnover_ratio": 0.91,
            "account_receivable_turnover_ratio": 2.07,
            "reinvestment_rate": 87.05,
            "research_to_sale_ratio": 14.4,
            "price_fair": 62.78,
            "eps_avg_yearly": 1.79,
            "eps_latest_yearly": 4.2,
            "eps_growth_yearly": 127.89
        },
        "20221": {
            "year_quarter": 20221,
            "year": 2022,
            "quarter": 1,
            "eps": 1.15,
            "eps_growth_year": 187.5,
            "eps_4q": 4.16,
            "eps_4q_growth_year": 456.5,
            "roe": 5.72,
            "roe_4q": 21.8,
            "gross_profit": 12877036,
            "gross_margin": 48.57,
            "gross_margin_4q_avg": 45.17,
            "net_income": 5145858,
            "net_income_4q": null,
            "revenue": 26513851,
            "revenue_4q": null,
            "common_shares": 39800002,
            "book_valuer_per_share": 20.77,
            "book_valuer_per_share_4q_avg": 19.94,
            "equity": 89742521,
            "current_ratio": 163.81,
            "debt_ratio": 46.64,
            "inventory_turnover_ratio": 0.81,
            "account_receivable_turnover_ratio": 2.18,
            "reinvestment_rate": 120.2,
            "research_to_sale_ratio": 14.67,
            "price_fair": 70.86,
            "eps_avg_yearly": 2.02,
            "eps_latest_yearly": 4.6,
            "eps_growth_yearly": 134.24
        },
        "20222": {
            "year_quarter": 20222,
            "year": 2022,
            "quarter": 2,
            "eps": 1.29,
            "eps_growth_year": 53.57,
            "eps_4q": 4.62,
            "eps_4q_growth_year": 228.05,
            "roe": 6.33,
            "roe_4q": 23.290000000000003,
            "gross_profit": 12888155,
            "gross_margin": 48.37,
            "gross_margin_4q_avg": 46.7,
            "net_income": 5816272,
            "net_income_4q": null,
            "revenue": 26646696,
            "revenue_4q": null,
            "common_shares": 39800002,
            "book_valuer_per_share": 21.74,
            "book_valuer_per_share_4q_avg": 20.59,
            "equity": 93979410,
            "current_ratio": 162.49,
            "debt_ratio": 47.52,
            "inventory_turnover_ratio": 0.76,
            "account_receivable_turnover_ratio": 2.13,
            "reinvestment_rate": 144.93,
            "research_to_sale_ratio": 15.3,
            "price_fair": 78.94,
            "eps_avg_yearly": 2.26,
            "eps_latest_yearly": 5.16,
            "eps_growth_yearly": 127.22
        },
        "20223": {
            "year_quarter": 20223,
            "year": 2022,
            "quarter": 3,
            "eps": 0.67,
            "eps_growth_year": -40.71,
            "eps_4q": 4.16,
            "eps_4q_growth_year": 69.98,
            "roe": 3.24,
            "roe_4q": 20.75,
            "gross_profit": 10085493,
            "gross_margin": 45.54,
            "gross_margin_4q_avg": 46.89,
            "net_income": 3130220,
            "net_income_4q": null,
            "revenue": 22145430,
            "revenue_4q": null,
            "common_shares": 39800002,
            "book_valuer_per_share": 22.9,
            "book_valuer_per_share_4q_avg": 21.53,
            "equity": 99154677,
            "current_ratio": 210.96,
            "debt_ratio": 44.54,
            "inventory_turnover_ratio": 0.61,
            "account_receivable_turnover_ratio": 1.82,
            "reinvestment_rate": 163.92,
            "research_to_sale_ratio": 18.36,
            "price_fair": 78.51,
            "eps_avg_yearly": 2.24,
            "eps_latest_yearly": 2.68,
            "eps_growth_yearly": 102.74
        },
        "20224": {
            "year_quarter": 20224,
            "year": 2022,
            "quarter": 4,
            "eps": 0.14,
            "eps_growth_year": -86.97,
            "eps_4q": 3.25,
            "eps_4q_growth_year": -4.91,
            "roe": 0.89,
            "roe_4q": 16.18,
            "gross_profit": 7200399,
            "gross_margin": 37.46,
            "gross_margin_4q_avg": 44.99,
            "net_income": 894202,
            "net_income_4q": null,
            "revenue": 19223813,
            "revenue_4q": null,
            "common_shares": 39800002,
            "book_valuer_per_share": 23.66,
            "book_valuer_per_share_4q_avg": 22.27,
            "equity": 102733716,
            "current_ratio": 246.74,
            "debt_ratio": 44.22,
            "inventory_turnover_ratio": 0.57,
            "account_receivable_turnover_ratio": 1.79,
            "reinvestment_rate": 164.47,
            "research_to_sale_ratio": 19.69,
            "price_fair": 77.65,
            "eps_avg_yearly": 2.22,
            "eps_latest_yearly": 0.56,
            "eps_growth_yearly": 99.64
        },
        "20231": {
            "year_quarter": 20231,
            "year": 2023,
            "quarter": 1,
            "eps": -0.25,
            "eps_growth_year": -121.74,
            "eps_4q": 1.85,
            "eps_4q_growth_year": -55.59,
            "roe": -0.68,
            "roe_4q": 9.780000000000001,
            "gross_profit": 4859587,
            "gross_margin": 27.74,
            "gross_margin_4q_avg": 39.78,
            "net_income": -683481,
            "net_income_4q": null,
            "revenue": 17515727,
            "revenue_4q": null,
            "common_shares": 39800002,
            "book_valuer_per_share": 22.86,
            "book_valuer_per_share_4q_avg": 22.79,
            "equity": 98458812,
            "current_ratio": 192.69,
            "debt_ratio": 46.47,
            "inventory_turnover_ratio": 0.58,
            "account_receivable_turnover_ratio": 1.8,
            "reinvestment_rate": 169.8,
            "research_to_sale_ratio": 24.05,
            "price_fair": 82.95,
            "eps_avg_yearly": 2.37,
            "eps_latest_yearly": 0.56,
            "eps_growth_yearly": 126.12
        },
        "20232": {
            "year_quarter": 20232,
            "year": 2023,
            "quarter": 2,
            "eps": 0.09,
            "eps_growth_year": -93.02,
            "eps_4q": 0.64,
            "eps_4q_growth_year": -86.09,
            "roe": 0.59,
            "roe_4q": 4.04,
            "gross_profit": 5893789,
            "gross_margin": 31.33,
            "gross_margin_4q_avg": 35.52,
            "net_income": 569681,
            "net_income_4q": null,
            "revenue": 18810867,
            "revenue_4q": null,
            "common_shares": 39800002,
            "book_valuer_per_share": 22.29,
            "book_valuer_per_share_4q_avg": 22.93,
            "equity": 96187064,
            "current_ratio": 204.32,
            "debt_ratio": 46.82,
            "inventory_turnover_ratio": 0.58,
            "account_receivable_turnover_ratio": 1.87,
            "reinvestment_rate": 153.43,
            "research_to_sale_ratio": 23.46,
            "price_fair": 88.96,
            "eps_avg_yearly": 2.54,
            "eps_latest_yearly": 0.56,
            "eps_growth_yearly": 130.31
        },
        "20233": {
            "year_quarter": 20233,
            "year": 2023,
            "quarter": 3,
            "eps": -0.03,
            "eps_growth_year": -104.48,
            "eps_4q": -0.06,
            "eps_4q_growth_year": -101.36,
            "roe": 0.19,
            "roe_4q": 0.99,
            "gross_profit": 6184572,
            "gross_margin": 31.71,
            "gross_margin_4q_avg": 32.06,
            "net_income": 178227,
            "net_income_4q": null,
            "revenue": 19505815,
            "revenue_4q": null,
            "common_shares": 39800002,
            "book_valuer_per_share": 21.8,
            "book_valuer_per_share_4q_avg": 22.65,
            "equity": 94620715,
            "current_ratio": 197.24,
            "debt_ratio": 48.43,
            "inventory_turnover_ratio": 0.58,
            "account_receivable_turnover_ratio": 1.84,
            "reinvestment_rate": 157,
            "research_to_sale_ratio": 21.64,
            "price_fair": 95.76,
            "eps_avg_yearly": 2.74,
            "eps_latest_yearly": 0.56,
            "eps_growth_yearly": 133.35
        }
    },
    "months": {
        "2001-06": {
            "month": "2001-06",
            "price": "29.19",
            "revenue": 1697425
        },
        "2001-07": {
            "month": "2001-07",
            "price": "23.67",
            "revenue": 1596033
        },
        "2001-08": {
            "month": "2001-08",
            "price": "21.15",
            "revenue": 1647822
        },
        "2001-09": {
            "month": "2001-09",
            "price": "13.62",
            "revenue": 1674632
        },
        "2001-10": {
            "month": "2001-10",
            "price": "10.99",
            "revenue": 1746310
        },
        "2001-11": {
            "month": "2001-11",
            "price": "13.90",
            "revenue": 1922913
        },
        "2001-12": {
            "month": "2001-12",
            "price": "18.76",
            "revenue": 2037801
        },
        "2002-01": {
            "month": "2002-01",
            "price": "26.11",
            "revenue": 2644325
        },
        "2002-02": {
            "month": "2002-02",
            "price": "27.26",
            "revenue": 2528348
        },
        "2002-03": {
            "month": "2002-03",
            "price": "26.62",
            "revenue": 2959833
        },
        "2002-04": {
            "month": "2002-04",
            "price": "25.74",
            "revenue": 3076642
        },
        "2002-05": {
            "month": "2002-05",
            "price": "19.90",
            "revenue": 2234914
        },
        "2002-06": {
            "month": "2002-06",
            "price": "20.01",
            "revenue": 2403954
        },
        "2002-07": {
            "month": "2002-07",
            "price": "20.70",
            "revenue": 2460012
        },
        "2002-08": {
            "month": "2002-08",
            "price": "20.39",
            "revenue": 2602651
        },
        "2002-09": {
            "month": "2002-09",
            "price": "18.27",
            "revenue": 2704055
        },
        "2002-10": {
            "month": "2002-10",
            "price": "16.00",
            "revenue": 2919111
        },
        "2002-11": {
            "month": "2002-11",
            "price": "17.76",
            "revenue": 3020008
        },
        "2002-12": {
            "month": "2002-12",
            "price": "15.82",
            "revenue": 2535617
        },
        "2003-01": {
            "month": "2003-01",
            "price": "15.88",
            "revenue": 2603534
        },
        "2003-02": {
            "month": "2003-02",
            "price": "13.88",
            "revenue": 1901063
        },
        "2003-03": {
            "month": "2003-03",
            "price": "13.77",
            "revenue": 2222845
        },
        "2003-04": {
            "month": "2003-04",
            "price": "13.67",
            "revenue": 2071123
        },
        "2003-05": {
            "month": "2003-05",
            "price": "13.91",
            "revenue": 2005107
        },
        "2003-06": {
            "month": "2003-06",
            "price": "17.92",
            "revenue": 2151609
        },
        "2003-07": {
            "month": "2003-07",
            "price": "20.20",
            "revenue": 2621852
        },
        "2003-08": {
            "month": "2003-08",
            "price": "19.72",
            "revenue": 2782350
        },
        "2003-09": {
            "month": "2003-09",
            "price": "19.12",
            "revenue": 2940086
        },
        "2003-10": {
            "month": "2003-10",
            "price": "17.55",
            "revenue": 2892699
        },
        "2003-11": {
            "month": "2003-11",
            "price": "16.12",
            "revenue": 2696000
        },
        "2003-12": {
            "month": "2003-12",
            "price": "15.67",
            "revenue": 2660886
        },
        "2004-01": {
            "month": "2004-01",
            "price": "17.41",
            "revenue": 2219699
        },
        "2004-02": {
            "month": "2004-02",
            "price": "16.96",
            "revenue": 2749219
        },
        "2004-03": {
            "month": "2004-03",
            "price": "17.89",
            "revenue": 3011080
        },
        "2004-04": {
            "month": "2004-04",
            "price": "19.60",
            "revenue": 3045619
        },
        "2004-05": {
            "month": "2004-05",
            "price": "16.07",
            "revenue": 3114150
        },
        "2004-06": {
            "month": "2004-06",
            "price": "14.98",
            "revenue": 2963963
        },
        "2004-07": {
            "month": "2004-07",
            "price": "14.59",
            "revenue": 2664222
        },
        "2004-08": {
            "month": "2004-08",
            "price": "13.59",
            "revenue": 2479810
        },
        "2004-09": {
            "month": "2004-09",
            "price": "14.14",
            "revenue": 2361763
        },
        "2004-10": {
            "month": "2004-10",
            "price": "13.45",
            "revenue": 2352662
        },
        "2004-11": {
            "month": "2004-11",
            "price": "12.51",
            "revenue": 2115185
        },
        "2004-12": {
            "month": "2004-12",
            "price": "12.43",
            "revenue": 2137337
        },
        "2005-01": {
            "month": "2005-01",
            "price": "11.79",
            "revenue": 1929900
        },
        "2005-02": {
            "month": "2005-02",
            "price": "11.77",
            "revenue": 1685201
        },
        "2005-03": {
            "month": "2005-03",
            "price": "11.46",
            "revenue": 1893528
        },
        "2005-04": {
            "month": "2005-04",
            "price": "9.72",
            "revenue": 1914491
        },
        "2005-05": {
            "month": "2005-05",
            "price": "9.89",
            "revenue": 2285659
        },
        "2005-06": {
            "month": "2005-06",
            "price": "10.85",
            "revenue": 2757128
        },
        "2005-07": {
            "month": "2005-07",
            "price": "12.24",
            "revenue": 2521213
        },
        "2005-08": {
            "month": "2005-08",
            "price": "11.50",
            "revenue": 2596494
        },
        "2005-09": {
            "month": "2005-09",
            "price": "9.81",
            "revenue": 2698690
        },
        "2005-10": {
            "month": "2005-10",
            "price": "8.91",
            "revenue": 2591590
        },
        "2005-11": {
            "month": "2005-11",
            "price": "9.18",
            "revenue": 2611792
        },
        "2005-12": {
            "month": "2005-12",
            "price": "9.93",
            "revenue": 2329385
        },
        "2006-01": {
            "month": "2006-01",
            "price": "10.49",
            "revenue": 2087071
        },
        "2006-02": {
            "month": "2006-02",
            "price": "10.29",
            "revenue": 2010261
        },
        "2006-03": {
            "month": "2006-03",
            "price": "9.37",
            "revenue": 2108399
        },
        "2006-04": {
            "month": "2006-04",
            "price": "10.37",
            "revenue": 2365368
        },
        "2006-05": {
            "month": "2006-05",
            "price": "10.63",
            "revenue": 2598621
        },
        "2006-06": {
            "month": "2006-06",
            "price": "9.47",
            "revenue": 2833182
        },
        "2006-07": {
            "month": "2006-07",
            "price": "9.16",
            "revenue": 2979689
        },
        "2006-08": {
            "month": "2006-08",
            "price": "9.19",
            "revenue": 3124249
        },
        "2006-09": {
            "month": "2006-09",
            "price": "9.46",
            "revenue": 3221487
        },
        "2006-10": {
            "month": "2006-10",
            "price": "10.25",
            "revenue": 3372466
        },
        "2006-11": {
            "month": "2006-11",
            "price": "11.68",
            "revenue": 3591528
        },
        "2006-12": {
            "month": "2006-12",
            "price": "12.79",
            "revenue": 4196065
        },
        "2007-01": {
            "month": "2007-01",
            "price": "12.87",
            "revenue": 3600166
        },
        "2007-02": {
            "month": "2007-02",
            "price": "12.38",
            "revenue": 3057862
        },
        "2007-03": {
            "month": "2007-03",
            "price": "11.58",
            "revenue": 2839794
        },
        "2007-04": {
            "month": "2007-04",
            "price": "11.68",
            "revenue": 2669968
        },
        "2007-05": {
            "month": "2007-05",
            "price": "11.53",
            "revenue": 2340440
        },
        "2007-06": {
            "month": "2007-06",
            "price": "11.98",
            "revenue": 2256350
        },
        "2007-07": {
            "month": "2007-07",
            "price": "12.80",
            "revenue": 2861112
        },
        "2007-08": {
            "month": "2007-08",
            "price": "11.09",
            "revenue": 2799486
        },
        "2007-09": {
            "month": "2007-09",
            "price": "10.18",
            "revenue": 2859273
        },
        "2007-10": {
            "month": "2007-10",
            "price": "10.53",
            "revenue": 2571588
        },
        "2007-11": {
            "month": "2007-11",
            "price": "9.20",
            "revenue": 2337357
        },
        "2007-12": {
            "month": "2007-12",
            "price": "8.64",
            "revenue": 1911039
        },
        "2008-01": {
            "month": "2008-01",
            "price": "8.92",
            "revenue": 2585381
        },
        "2008-02": {
            "month": "2008-02",
            "price": "8.55",
            "revenue": 1793642
        },
        "2008-03": {
            "month": "2008-03",
            "price": "8.73",
            "revenue": 2189605
        },
        "2008-04": {
            "month": "2008-04",
            "price": "9.17",
            "revenue": 2123400
        },
        "2008-05": {
            "month": "2008-05",
            "price": "8.98",
            "revenue": 2180412
        },
        "2008-06": {
            "month": "2008-06",
            "price": "7.61",
            "revenue": 2111725
        },
        "2008-07": {
            "month": "2008-07",
            "price": "5.99",
            "revenue": 1540550
        },
        "2008-08": {
            "month": "2008-08",
            "price": "5.71",
            "revenue": 1848300
        },
        "2008-09": {
            "month": "2008-09",
            "price": "4.29",
            "revenue": 1677292
        },
        "2008-10": {
            "month": "2008-10",
            "price": "3.65",
            "revenue": 1698486
        },
        "2008-11": {
            "month": "2008-11",
            "price": "2.84",
            "revenue": 996230
        },
        "2008-12": {
            "month": "2008-12",
            "price": "2.70",
            "revenue": 1082988
        },
        "2009-01": {
            "month": "2009-01",
            "price": "3.08",
            "revenue": 982759
        },
        "2009-02": {
            "month": "2009-02",
            "price": "3.30",
            "revenue": 1057745
        },
        "2009-03": {
            "month": "2009-03",
            "price": "3.66",
            "revenue": 1089137
        },
        "2009-04": {
            "month": "2009-04",
            "price": "5.76",
            "revenue": 1430233
        },
        "2009-05": {
            "month": "2009-05",
            "price": "6.44",
            "revenue": 1368576
        },
        "2009-06": {
            "month": "2009-06",
            "price": "5.63",
            "revenue": 1402711
        },
        "2009-07": {
            "month": "2009-07",
            "price": "5.85",
            "revenue": 2574935
        },
        "2009-08": {
            "month": "2009-08",
            "price": "6.34",
            "revenue": 2617222
        },
        "2009-09": {
            "month": "2009-09",
            "price": "6.38",
            "revenue": 2571113
        },
        "2009-10": {
            "month": "2009-10",
            "price": "6.23",
            "revenue": 2720505
        },
        "2009-11": {
            "month": "2009-11",
            "price": "6.73",
            "revenue": 2773463
        },
        "2009-12": {
            "month": "2009-12",
            "price": "7.33",
            "revenue": 2758307
        },
        "2010-01": {
            "month": "2010-01",
            "price": "8.84",
            "revenue": 2974169
        },
        "2010-02": {
            "month": "2010-02",
            "price": "7.40",
            "revenue": 2802657
        },
        "2010-03": {
            "month": "2010-03",
            "price": "8.35",
            "revenue": 3140027
        },
        "2010-04": {
            "month": "2010-04",
            "price": "9.24",
            "revenue": 3460887
        },
        "2010-05": {
            "month": "2010-05",
            "price": "8.14",
            "revenue": 3661703
        },
        "2010-06": {
            "month": "2010-06",
            "price": "8.36",
            "revenue": 3724627
        },
        "2010-07": {
            "month": "2010-07",
            "price": "8.25",
            "revenue": 3753839
        },
        "2010-08": {
            "month": "2010-08",
            "price": "8.37",
            "revenue": 3640578
        },
        "2010-09": {
            "month": "2010-09",
            "price": "8.11",
            "revenue": 3315847
        },
        "2010-10": {
            "month": "2010-10",
            "price": "8.02",
            "revenue": 3160156
        },
        "2010-11": {
            "month": "2010-11",
            "price": "7.78",
            "revenue": 3169189
        },
        "2010-12": {
            "month": "2010-12",
            "price": "8.68",
            "revenue": 3130679
        },
        "2011-01": {
            "month": "2011-01",
            "price": "9.84",
            "revenue": 3164414
        },
        "2011-02": {
            "month": "2011-02",
            "price": "10.12",
            "revenue": 2721530
        },
        "2011-03": {
            "month": "2011-03",
            "price": "9.32",
            "revenue": 2980701
        },
        "2011-04": {
            "month": "2011-04",
            "price": "9.16",
            "revenue": 3247924
        },
        "2011-05": {
            "month": "2011-05",
            "price": "8.85",
            "revenue": 3315465
        },
        "2011-06": {
            "month": "2011-06",
            "price": "8.75",
            "revenue": 3080978
        },
        "2011-07": {
            "month": "2011-07",
            "price": "7.97",
            "revenue": 2984116
        },
        "2011-08": {
            "month": "2011-08",
            "price": "6.38",
            "revenue": 3000366
        },
        "2011-09": {
            "month": "2011-09",
            "price": "6.10",
            "revenue": 2870979
        },
        "2011-10": {
            "month": "2011-10",
            "price": "5.85",
            "revenue": 2564318
        },
        "2011-11": {
            "month": "2011-11",
            "price": "4.82",
            "revenue": 2409640
        },
        "2011-12": {
            "month": "2011-12",
            "price": "3.91",
            "revenue": 2356419
        },
        "2012-01": {
            "month": "2012-01",
            "price": "4.25",
            "revenue": 2285354
        },
        "2012-02": {
            "month": "2012-02",
            "price": "5.92",
            "revenue": 2416394
        },
        "2012-03": {
            "month": "2012-03",
            "price": "5.96",
            "revenue": 2784467
        },
        "2012-04": {
            "month": "2012-04",
            "price": "4.87",
            "revenue": 2991376
        },
        "2012-05": {
            "month": "2012-05",
            "price": "4.80",
            "revenue": 3048607
        },
        "2012-06": {
            "month": "2012-06",
            "price": "4.29",
            "revenue": 3029145
        },
        "2012-07": {
            "month": "2012-07",
            "price": "4.36",
            "revenue": 3032928
        },
        "2012-08": {
            "month": "2012-08",
            "price": "4.43",
            "revenue": 2810888
        },
        "2012-09": {
            "month": "2012-09",
            "price": "4.47",
            "revenue": 2696627
        },
        "2012-10": {
            "month": "2012-10",
            "price": "4.17",
            "revenue": 2760071
        },
        "2012-11": {
            "month": "2012-11",
            "price": "4.09",
            "revenue": 2733524
        },
        "2012-12": {
            "month": "2012-12",
            "price": "4.87",
            "revenue": 2375902
        },
        "2013-01": {
            "month": "2013-01",
            "price": "5.51",
            "revenue": 2554408
        },
        "2013-02": {
            "month": "2013-02",
            "price": "5.77",
            "revenue": 2407504
        },
        "2013-03": {
            "month": "2013-03",
            "price": "5.85",
            "revenue": 2713193
        },
        "2013-04": {
            "month": "2013-04",
            "price": "7.66",
            "revenue": 2995694
        },
        "2013-05": {
            "month": "2013-05",
            "price": "8.75",
            "revenue": 3006312
        },
        "2013-06": {
            "month": "2013-06",
            "price": "8.89",
            "revenue": 2843823
        },
        "2013-07": {
            "month": "2013-07",
            "price": "7.58",
            "revenue": 2855022
        },
        "2013-08": {
            "month": "2013-08",
            "price": "6.89",
            "revenue": 2804110
        },
        "2013-09": {
            "month": "2013-09",
            "price": "7.74",
            "revenue": 2650026
        },
        "2013-10": {
            "month": "2013-10",
            "price": "7.89",
            "revenue": 2813395
        },
        "2013-11": {
            "month": "2013-11",
            "price": "7.16",
            "revenue": 2809432
        },
        "2013-12": {
            "month": "2013-12",
            "price": "7.39",
            "revenue": 2682529
        },
        "2014-01": {
            "month": "2014-01",
            "price": "7.94",
            "revenue": 2950948
        },
        "2014-02": {
            "month": "2014-02",
            "price": "8.17",
            "revenue": 2817128
        },
        "2014-03": {
            "month": "2014-03",
            "price": "8.07",
            "revenue": 2982946
        },
        "2014-04": {
            "month": "2014-04",
            "price": "8.18",
            "revenue": 3169832
        },
        "2014-05": {
            "month": "2014-05",
            "price": "10.24",
            "revenue": 3259108
        },
        "2014-06": {
            "month": "2014-06",
            "price": "11.54",
            "revenue": 3313414
        },
        "2014-07": {
            "month": "2014-07",
            "price": "11.77",
            "revenue": 3337870
        },
        "2014-08": {
            "month": "2014-08",
            "price": "10.44",
            "revenue": 3264684
        },
        "2014-09": {
            "month": "2014-09",
            "price": "9.43",
            "revenue": 3328894
        },
        "2014-10": {
            "month": "2014-10",
            "price": "8.70",
            "revenue": 3202817
        },
        "2014-11": {
            "month": "2014-11",
            "price": "9.06",
            "revenue": 3222784
        },
        "2014-12": {
            "month": "2014-12",
            "price": "9.66",
            "revenue": 3139235
        },
        "2015-01": {
            "month": "2015-01",
            "price": "10.37",
            "revenue": 3417507
        },
        "2015-02": {
            "month": "2015-02",
            "price": "10.52",
            "revenue": 3041434
        },
        "2015-03": {
            "month": "2015-03",
            "price": "10.60",
            "revenue": 3264885
        },
        "2015-04": {
            "month": "2015-04",
            "price": "10.33",
            "revenue": 3161087
        },
        "2015-05": {
            "month": "2015-05",
            "price": "9.76",
            "revenue": 3078646
        },
        "2015-06": {
            "month": "2015-06",
            "price": "8.54",
            "revenue": 3012396
        },
        "2015-07": {
            "month": "2015-07",
            "price": "6.88",
            "revenue": 3094742
        },
        "2015-08": {
            "month": "2015-08",
            "price": "6.72",
            "revenue": 3216363
        },
        "2015-09": {
            "month": "2015-09",
            "price": "7.17",
            "revenue": 3222822
        },
        "2015-10": {
            "month": "2015-10",
            "price": "7.67",
            "revenue": 3385067
        },
        "2015-11": {
            "month": "2015-11",
            "price": "7.77",
            "revenue": 3307924
        },
        "2015-12": {
            "month": "2015-12",
            "price": "7.93",
            "revenue": 3147442
        },
        "2016-01": {
            "month": "2016-01",
            "price": "7.77",
            "revenue": 3457360
        },
        "2016-02": {
            "month": "2016-02",
            "price": "9.16",
            "revenue": 3204513
        },
        "2016-03": {
            "month": "2016-03",
            "price": "9.51",
            "revenue": 3425071
        },
        "2016-04": {
            "month": "2016-04",
            "price": "9.08",
            "revenue": 3521142
        },
        "2016-05": {
            "month": "2016-05",
            "price": "8.43",
            "revenue": 3454832
        },
        "2016-06": {
            "month": "2016-06",
            "price": "8.55",
            "revenue": 3520914
        },
        "2016-07": {
            "month": "2016-07",
            "price": "9.32",
            "revenue": 3526997
        },
        "2016-08": {
            "month": "2016-08",
            "price": "9.97",
            "revenue": 3574056
        },
        "2016-09": {
            "month": "2016-09",
            "price": "10.16",
            "revenue": 3631663
        },
        "2016-10": {
            "month": "2016-10",
            "price": "10.04",
            "revenue": 3709883
        },
        "2016-11": {
            "month": "2016-11",
            "price": "9.83",
            "revenue": 3572948
        },
        "2016-12": {
            "month": "2016-12",
            "price": "9.89",
            "revenue": 3492330
        },
        "2017-01": {
            "month": "2017-01",
            "price": "10.68",
            "revenue": 3422038
        },
        "2017-02": {
            "month": "2017-02",
            "price": "11.78",
            "revenue": 3351191
        },
        "2017-03": {
            "month": "2017-03",
            "price": "13.13",
            "revenue": 3651734
        },
        "2017-04": {
            "month": "2017-04",
            "price": "17.08",
            "revenue": 3636762
        },
        "2017-05": {
            "month": "2017-05",
            "price": "16.82",
            "revenue": 3798958
        },
        "2017-06": {
            "month": "2017-06",
            "price": "18.42",
            "revenue": 3975557
        },
        "2017-07": {
            "month": "2017-07",
            "price": "18.33",
            "revenue": 3999305
        },
        "2017-08": {
            "month": "2017-08",
            "price": "19.76",
            "revenue": 4234814
        },
        "2017-09": {
            "month": "2017-09",
            "price": "25.42",
            "revenue": 4315784
        },
        "2017-10": {
            "month": "2017-10",
            "price": "27.34",
            "revenue": 4491255
        },
        "2017-11": {
            "month": "2017-11",
            "price": "27.77",
            "revenue": 4474010
        },
        "2017-12": {
            "month": "2017-12",
            "price": "24.50",
            "revenue": 4240384
        },
        "2018-01": {
            "month": "2018-01",
            "price": "23.80",
            "revenue": 4145678
        },
        "2018-02": {
            "month": "2018-02",
            "price": "20.04",
            "revenue": 3828924
        },
        "2018-03": {
            "month": "2018-03",
            "price": "20.03",
            "revenue": 4181581
        },
        "2018-04": {
            "month": "2018-04",
            "price": "18.52",
            "revenue": 4488725
        },
        "2018-05": {
            "month": "2018-05",
            "price": "19.30",
            "revenue": 4489086
        },
        "2018-06": {
            "month": "2018-06",
            "price": "19.88",
            "revenue": 4507412
        },
        "2018-07": {
            "month": "2018-07",
            "price": "19.29",
            "revenue": 4597513
        },
        "2018-08": {
            "month": "2018-08",
            "price": "17.67",
            "revenue": 4764276
        },
        "2018-09": {
            "month": "2018-09",
            "price": "14.93",
            "revenue": 4318864
        },
        "2018-10": {
            "month": "2018-10",
            "price": "13.02",
            "revenue": 4155215
        },
        "2018-11": {
            "month": "2018-11",
            "price": "14.00",
            "revenue": 4021231
        },
        "2018-12": {
            "month": "2018-12",
            "price": "14.06",
            "revenue": 3691818
        },
        "2019-01": {
            "month": "2019-01",
            "price": "13.76",
            "revenue": 3876792
        },
        "2019-02": {
            "month": "2019-02",
            "price": "14.80",
            "revenue": 3275804
        },
        "2019-03": {
            "month": "2019-03",
            "price": "14.55",
            "revenue": 3734172
        },
        "2019-04": {
            "month": "2019-04",
            "price": "16.21",
            "revenue": 3903846
        },
        "2019-05": {
            "month": "2019-05",
            "price": "14.57",
            "revenue": 4012937
        },
        "2019-06": {
            "month": "2019-06",
            "price": "14.51",
            "revenue": 4094886
        },
        "2019-07": {
            "month": "2019-07",
            "price": "17.24",
            "revenue": 4327483
        },
        "2019-08": {
            "month": "2019-08",
            "price": "17.41",
            "revenue": 4463022
        },
        "2019-09": {
            "month": "2019-09",
            "price": "18.35",
            "revenue": 4629824
        },
        "2019-10": {
            "month": "2019-10",
            "price": "17.56",
            "revenue": 4321150
        },
        "2019-11": {
            "month": "2019-11",
            "price": "16.94",
            "revenue": 4057424
        },
        "2019-12": {
            "month": "2019-12",
            "price": "19.08",
            "revenue": 4074094
        },
        "2020-01": {
            "month": "2020-01",
            "price": "19.04",
            "revenue": 3682717
        },
        "2020-02": {
            "month": "2020-02",
            "price": "16.78",
            "revenue": 3725519
        },
        "2020-03": {
            "month": "2020-03",
            "price": "13.25",
            "revenue": 4140767
        },
        "2020-04": {
            "month": "2020-04",
            "price": "12.96",
            "revenue": 4348589
        },
        "2020-05": {
            "month": "2020-05",
            "price": "13.28",
            "revenue": 4273412
        },
        "2020-06": {
            "month": "2020-06",
            "price": "13.58",
            "revenue": 4130594
        },
        "2020-07": {
            "month": "2020-07",
            "price": "13.35",
            "revenue": 4124163
        },
        "2020-08": {
            "month": "2020-08",
            "price": "12.74",
            "revenue": 4432501
        },
        "2020-09": {
            "month": "2020-09",
            "price": "13.22",
            "revenue": 7477057
        },
        "2020-10": {
            "month": "2020-10",
            "price": "15.58",
            "revenue": 6864511
        },
        "2020-11": {
            "month": "2020-11",
            "price": "17.61",
            "revenue": 6675073
        },
        "2020-12": {
            "month": "2020-12",
            "price": "25.10",
            "revenue": 6808268
        },
        "2021-01": {
            "month": "2021-01",
            "price": "27.53",
            "revenue": 6903387
        },
        "2021-02": {
            "month": "2021-02",
            "price": "29.62",
            "revenue": 6454634
        },
        "2021-03": {
            "month": "2021-03",
            "price": "28.34",
            "revenue": 7967337
        },
        "2021-04": {
            "month": "2021-04",
            "price": "34.64",
            "revenue": 8304909
        },
        "2021-05": {
            "month": "2021-05",
            "price": "30.69",
            "revenue": 8207005
        },
        "2021-06": {
            "month": "2021-06",
            "price": "34.06",
            "revenue": 8722245
        },
        "2021-07": {
            "month": "2021-07",
            "price": "34.30",
            "revenue": 9089871
        },
        "2021-08": {
            "month": "2021-08",
            "price": "31.09",
            "revenue": 8816083
        },
        "2021-09": {
            "month": "2021-09",
            "price": "28.69",
            "revenue": 9108776
        },
        "2021-10": {
            "month": "2021-10",
            "price": "25.39",
            "revenue": 8829275
        },
        "2021-11": {
            "month": "2021-11",
            "price": "29.30",
            "revenue": 8559401
        },
        "2021-12": {
            "month": "2021-12",
            "price": "31.41",
            "revenue": 8607001
        },
        "2022-01": {
            "month": "2022-01",
            "price": "30.44",
            "revenue": 8690488
        },
        "2022-02": {
            "month": "2022-02",
            "price": "33.32",
            "revenue": 8606056
        },
        "2022-03": {
            "month": "2022-03",
            "price": "33.20",
            "revenue": 9217307
        },
        "2022-04": {
            "month": "2022-04",
            "price": "27.84",
            "revenue": 8923615
        },
        "2022-05": {
            "month": "2022-05",
            "price": "28.22",
            "revenue": 8820001
        },
        "2022-06": {
            "month": "2022-06",
            "price": "25.75",
            "revenue": 8903080
        },
        "2022-07": {
            "month": "2022-07",
            "price": "21.30",
            "revenue": 7390832
        },
        "2022-08": {
            "month": "2022-08",
            "price": "22.15",
            "revenue": 7402743
        },
        "2022-09": {
            "month": "2022-09",
            "price": "20.49",
            "revenue": 7351855
        },
        "2022-10": {
            "month": "2022-10",
            "price": "19.88",
            "revenue": 6226159
        },
        "2022-11": {
            "month": "2022-11",
            "price": "21.22",
            "revenue": 6519979
        },
        "2022-12": {
            "month": "2022-12",
            "price": "20.68",
            "revenue": 6477675
        },
        "2023-01": {
            "month": "2023-01",
            "price": "20.67",
            "revenue": 4885570
        },
        "2023-02": {
            "month": "2023-02",
            "price": "22.89",
            "revenue": 5746016
        },
        "2023-03": {
            "month": "2023-03",
            "price": "24.62",
            "revenue": 6884141
        },
        "2023-04": {
            "month": "2023-04",
            "price": "25.88",
            "revenue": 5684046
        },
        "2023-05": {
            "month": "2023-05",
            "price": "25.23",
            "revenue": 6137916
        },
        "2023-06": {
            "month": "2023-06",
            "price": "28.27",
            "revenue": 6988905
        },
        "2023-07": {
            "month": "2023-07",
            "price": "27.75",
            "revenue": 6314838
        },
        "2023-08": {
            "month": "2023-08",
            "price": "26.44",
            "revenue": 6424643
        },
        "2023-09": {
            "month": "2023-09",
            "price": "26.78",
            "revenue": 6766334
        },
        "2023-10": {
            "month": "2023-10",
            "price": "26.23",
            "revenue": 6297972
        },
        "2023-11": {
            "month": "2023-11",
            "price": "26.72",
            "revenue": 6368389
        },
        "2023-12": {
            "month": "2023-12",
            "price": "28.26",
            "revenue": 6507308
        }
    }
}
