{
    "summary": {
        "stock_name": "智邦",
        "stock_id": "2345",
        "category": "通信網路",
        "main_business": "1.CC01060 2.CC01070 3.F401030 4.研發開發製造銷售:電腦網路<br>系統,用戶端通訊電子設備,光電通訊設備,特定功能之積體電路,<br>不斷電系統電源供應器及其零組件,相關之進出口貿易業務",
        "website_url": "http://www.accton.com",
        "ceo": "馬思睿",
        "pe_ratio": 19,
        "report_year_from": 2001,
        "report_year_to": 2023,
        "age": 22,
        "eps_negative_percentage": 17,
        "eps_growth_avg": {
            "last_all": 9.98,
            "last_2y": 22.77,
            "last_4y": 29.84,
            "last_8y": 37.45,
            "last_12y": 26.84,
            "last_16y": 20.63,
            "last_20y": 9.98,
            "at_2006_last_3y": -100,
            "at_2007_last_3y": -100,
            "at_2008_last_3y": -100,
            "at_2009_last_3y": -19.74,
            "at_2010_last_3y": 8.43,
            "at_2011_last_3y": 36.12,
            "at_2012_last_3y": 27.09,
            "at_2013_last_3y": 2.98,
            "at_2014_last_3y": -9.94,
            "at_2015_last_3y": 14.33,
            "at_2016_last_3y": 29.47,
            "at_2017_last_3y": 46.95,
            "at_2018_last_3y": 47.04,
            "at_2019_last_3y": 43.87,
            "at_2020_last_3y": 29.15,
            "at_2021_last_3y": 18.94,
            "at_2022_last_3y": 33.95,
            "at_2023_last_3y": 33.95,
            "at_2006_last_all": -69.9,
            "at_2007_last_all": -79.93,
            "at_2008_last_all": -79.93,
            "at_2009_last_all": -44.82,
            "at_2010_last_all": -22.9,
            "at_2011_last_all": -21.91,
            "at_2012_last_all": -18.78,
            "at_2013_last_all": -20.92,
            "at_2014_last_all": -17.14,
            "at_2015_last_all": -7.41,
            "at_2016_last_all": -1.23,
            "at_2017_last_all": 1.7,
            "at_2018_last_all": 2.61,
            "at_2019_last_all": 7.24,
            "at_2020_last_all": 6.87,
            "at_2021_last_all": 6.01,
            "at_2022_last_all": 9.98,
            "at_2023_last_all": 9.98
        },
        "latest_eps": 15.98,
        "latest_price": 296.5,
        "latest_roe": 45.09,
        "latest_gross_margin": 21.9,
        "latest_equity": 22534877,
        "latest_revenue": 19685588,
        "latest_gross_profit": 4311242,
        "latest_net_income": 2037165,
        "latest_debt_ratio": 51.01,
        "latest_current_ratio": 196.38,
        "latest_account_receivable_turnover_ratio": 1.58,
        "latest_inventory_turnover_ratio": 1.2,
        "latest_reinvestment_rate": 3.47,
        "latest_research_to_sale_ratio": 4.24
    },
    "eps_dividends": {
        "2001": {
            "cash": 0,
            "stock": 2,
            "eps": 3.92
        },
        "2002": {
            "cash": 0,
            "stock": 2,
            "eps": 2.36
        },
        "2003": {
            "cash": 1,
            "stock": 1,
            "eps": -4.8
        },
        "2004": {
            "cash": 0,
            "stock": 0,
            "eps": -1.14
        },
        "2005": {
            "cash": 0,
            "stock": 0,
            "eps": -0.58
        },
        "2006": {
            "cash": 0,
            "stock": 0,
            "eps": 0.05
        },
        "2007": {
            "cash": 0,
            "stock": 0,
            "eps": -0.49
        },
        "2008": {
            "cash": 0,
            "stock": 0,
            "eps": 0.76
        },
        "2009": {
            "cash": 1,
            "stock": 0,
            "eps": 1.22
        },
        "2010": {
            "cash": 1,
            "stock": 0,
            "eps": 2.01
        },
        "2011": {
            "cash": 2,
            "stock": 0,
            "eps": 1.67
        },
        "2012": {
            "cash": 0,
            "stock": 0,
            "eps": 1.67
        },
        "2013": {
            "cash": 2,
            "stock": 0,
            "eps": 1.07
        },
        "2014": {
            "cash": 1,
            "stock": 0,
            "eps": 1.21
        },
        "2015": {
            "cash": 1,
            "stock": 0,
            "eps": 2.18
        },
        "2016": {
            "cash": 2,
            "stock": 0,
            "eps": 3.5
        },
        "2017": {
            "cash": 3,
            "stock": 0,
            "eps": 4.69
        },
        "2018": {
            "cash": 4,
            "stock": 0,
            "eps": 5.32
        },
        "2019": {
            "cash": 4,
            "stock": 0,
            "eps": 8.91
        },
        "2020": {
            "cash": 6,
            "stock": 0,
            "eps": 9.06
        },
        "2021": {
            "cash": 7,
            "stock": 0,
            "eps": 8.44
        },
        "2022": {
            "cash": 6,
            "stock": 0,
            "eps": 14.64
        },
        "2023": {
            "cash": 8,
            "stock": 0,
            "eps": 3.65
        }
    },
    "dividends": {
        "2001-04-16": {
            "cash": 0,
            "stock": 2
        },
        "2002-06-03": {
            "cash": 0,
            "stock": 2.25
        },
        "2003-03-25": {
            "cash": 1,
            "stock": 1.04
        },
        "2009-03-26": {
            "cash": 0.66,
            "stock": 0
        },
        "2010-04-19": {
            "cash": 1.1,
            "stock": 0
        },
        "2011-01-01": {
            "cash": 1.47,
            "stock": 0
        },
        "2011-04-27": {
            "cash": 1.41,
            "stock": 0.36
        },
        "2013-03-26": {
            "cash": 1.5,
            "stock": 0
        },
        "2014-06-13": {
            "cash": 0.92,
            "stock": 0
        },
        "2015-07-31": {
            "cash": 1.08,
            "stock": 0
        },
        "2016-07-29": {
            "cash": 1.96,
            "stock": 0
        },
        "2017-07-31": {
            "cash": 3.1,
            "stock": 0
        },
        "2018-07-31": {
            "cash": 4.14,
            "stock": 0
        },
        "2019-07-31": {
            "cash": 4,
            "stock": 0
        },
        "2020-08-14": {
            "cash": 6.2,
            "stock": 0
        },
        "2021-08-31": {
            "cash": 6.5,
            "stock": 0
        },
        "2022-08-31": {
            "cash": 6,
            "stock": 0
        },
        "2023-03-09": {
            "cash": 7.5,
            "stock": 0
        }
    },
    "prices": {
        "200101": "41.12",
        "200102": "52.71",
        "200103": "55.75",
        "200104": "57.20",
        "200105": "42.85",
        "200106": "41.33",
        "200107": "41.64",
        "200108": "45.90",
        "200109": "39.76",
        "200110": "43.96",
        "200111": "51.29",
        "200112": "77.26",
        "200201": "93.91",
        "200202": "96.75",
        "200203": "100.05",
        "200204": "86.38",
        "200205": "76.27",
        "200206": "68.25",
        "200207": "53.10",
        "200208": "52.04",
        "200209": "54.40",
        "200210": "47.28",
        "200211": "43.00",
        "200212": "38.80",
        "200301": "38.82",
        "200302": "32.01",
        "200303": "29.68",
        "200304": "29.42",
        "200305": "24.73",
        "200306": "28.69",
        "200307": "29.97",
        "200308": "27.59",
        "200309": "25.57",
        "200310": "24.94",
        "200311": "22.61",
        "200312": "25.33",
        "200401": "28.61",
        "200402": "29.12",
        "200403": "28.00",
        "200404": "28.40",
        "200405": "20.66",
        "200406": "19.54",
        "200407": "16.18",
        "200408": "14.87",
        "200409": "15.96",
        "200410": "14.90",
        "200411": "12.95",
        "200412": "14.17",
        "200501": "15.09",
        "200502": "14.69",
        "200503": "15.08",
        "200504": "15.41",
        "200505": "15.71",
        "200506": "17.52",
        "200507": "16.60",
        "200508": "13.97",
        "200509": "12.71",
        "200510": "12.12",
        "200511": "13.90",
        "200512": "17.42",
        "200601": "18.86",
        "200602": "18.59",
        "200603": "17.48",
        "200604": "19.43",
        "200605": "20.66",
        "200606": "16.52",
        "200607": "15.94",
        "200608": "17.26",
        "200609": "16.36",
        "200610": "17.30",
        "200611": "19.53",
        "200612": "20.31",
        "200701": "22.35",
        "200702": "21.64",
        "200703": "20.99",
        "200704": "20.29",
        "200705": "18.85",
        "200706": "19.29",
        "200707": "20.99",
        "200708": "17.51",
        "200709": "15.91",
        "200710": "16.83",
        "200711": "17.42",
        "200712": "16.98",
        "200801": "15.60",
        "200802": "11.74",
        "200803": "12.16",
        "200804": "12.63",
        "200805": "13.55",
        "200806": "12.76",
        "200807": "9.86",
        "200808": "9.41",
        "200809": "8.41",
        "200810": "6.37",
        "200811": "6.44",
        "200812": "7.37",
        "200901": "7.92",
        "200902": "7.61",
        "200903": "9.39",
        "200904": "10.38",
        "200905": "10.74",
        "200906": "10.89",
        "200907": "10.92",
        "200908": "10.60",
        "200909": "10.99",
        "200910": "12.38",
        "200911": "12.52",
        "200912": "13.61",
        "201001": "14.78",
        "201002": "13.37",
        "201003": "14.40",
        "201004": "15.06",
        "201005": "15.75",
        "201006": "15.96",
        "201007": "15.67",
        "201008": "16.54",
        "201009": "18.78",
        "201010": "22.31",
        "201011": "20.89",
        "201012": "21.69",
        "201101": "20.94",
        "201102": "19.38",
        "201103": "18.51",
        "201104": "19.00",
        "201105": "18.93",
        "201106": "18.84",
        "201107": "18.21",
        "201108": "13.69",
        "201109": "13.50",
        "201110": "14.12",
        "201111": "14.92",
        "201112": "13.71",
        "201201": "14.46",
        "201202": "17.34",
        "201203": "18.27",
        "201204": "17.60",
        "201205": "17.27",
        "201206": "16.51",
        "201207": "16.78",
        "201208": "15.91",
        "201209": "15.84",
        "201210": "14.94",
        "201211": "14.52",
        "201212": "15.55",
        "201301": "16.17",
        "201302": "15.94",
        "201303": "16.21",
        "201304": "17.50",
        "201305": "17.75",
        "201306": "18.22",
        "201307": "18.32",
        "201308": "16.60",
        "201309": "16.24",
        "201310": "16.02",
        "201311": "15.48",
        "201312": "15.37",
        "201401": "16.50",
        "201402": "16.89",
        "201403": "17.15",
        "201404": "18.57",
        "201405": "18.14",
        "201406": "19.20",
        "201407": "18.52",
        "201408": "17.76",
        "201409": "17.80",
        "201410": "15.93",
        "201411": "14.80",
        "201412": "15.02",
        "201501": "15.86",
        "201502": "15.82",
        "201503": "16.18",
        "201504": "16.10",
        "201505": "15.48",
        "201506": "14.71",
        "201507": "13.62",
        "201508": "13.29",
        "201509": "14.33",
        "201510": "17.56",
        "201511": "24.50",
        "201512": "30.00",
        "201601": "33.43",
        "201602": "32.57",
        "201603": "35.14",
        "201604": "32.01",
        "201605": "37.10",
        "201606": "44.69",
        "201607": "50.36",
        "201608": "50.38",
        "201609": "48.96",
        "201610": "47.30",
        "201611": "45.32",
        "201612": "47.62",
        "201701": "55.22",
        "201702": "57.27",
        "201703": "62.21",
        "201704": "68.44",
        "201705": "65.44",
        "201706": "75.27",
        "201707": "79.29",
        "201708": "78.37",
        "201709": "92.14",
        "201710": "97.71",
        "201711": "101.76",
        "201712": "101.06",
        "201801": "113.18",
        "201802": "109.04",
        "201803": "107.97",
        "201804": "80.54",
        "201805": "77.89",
        "201806": "87.69",
        "201807": "98.25",
        "201808": "102.41",
        "201809": "96.55",
        "201810": "85.23",
        "201811": "93.21",
        "201812": "97.20",
        "201901": "104.42",
        "201902": "104.92",
        "201903": "113.88",
        "201904": "131.32",
        "201905": "124.98",
        "201906": "123.66",
        "201907": "132.13",
        "201908": "151.21",
        "201909": "166.68",
        "201910": "183.10",
        "201911": "171.21",
        "201912": "163.39",
        "202001": "167.97",
        "202002": "177.08",
        "202003": "161.95",
        "202004": "189.02",
        "202005": "216.90",
        "202006": "224.50",
        "202007": "243.63",
        "202008": "231.38",
        "202009": "221.00",
        "202010": "216.26",
        "202011": "228.40",
        "202012": "279.87",
        "202101": "287.35",
        "202102": "273.96",
        "202103": "264.98",
        "202104": "280.71",
        "202105": "290.48",
        "202106": "303.52",
        "202107": "336.32",
        "202108": "303.61",
        "202109": "273.70",
        "202110": "245.12",
        "202111": "285.55",
        "202112": "276.95",
        "202201": "264.86",
        "202202": "264.87",
        "202203": "228.33",
        "202204": "223.13",
        "202205": "222.02",
        "202206": "236.38",
        "202207": "236.60",
        "202208": "274.11",
        "202209": "275.76",
        "202210": "250.78",
        "202211": "256.95",
        "202212": "249.55",
        "202301": "248.92",
        "202302": "272.00",
        "202303": "301.67",
        "202304": "304.88",
        "202305": "292.19"
    },
    "quarters": {
        "20011": {
            "year_quarter": 20011,
            "year": 2001,
            "quarter": 1,
            "eps": 0.84,
            "eps_growth_year": 42.37,
            "eps_4q": 2.76,
            "eps_4q_growth_year": 27.62,
            "roe": 3.33,
            "roe_4q": 3.33,
            "gross_profit": 930344,
            "gross_margin": 19.46,
            "gross_margin_4q_avg": 19.46,
            "net_income": 253837,
            "revenue": 4780813,
            "common_shares": 3009867,
            "book_valuer_per_share": 25.69,
            "book_valuer_per_share_4q_avg": 25.69,
            "equity": 7732607,
            "current_ratio": 147.63,
            "debt_ratio": 44.7,
            "inventory_turnover_ratio": 1.41,
            "account_receivable_turnover_ratio": null,
            "reinvestment_rate": null,
            "research_to_sale_ratio": null,
            "price_fair": 0,
            "eps_avg_yearly": 0,
            "eps_latest_yearly": 0,
            "eps_growth_yearly": 0
        },
        "20012": {
            "year_quarter": 20012,
            "year": 2001,
            "quarter": 2,
            "eps": 0.97,
            "eps_growth_year": 46.97,
            "eps_4q": 2.71,
            "eps_4q_growth_year": 31.49,
            "roe": 4.49,
            "roe_4q": 7.82,
            "gross_profit": 926976,
            "gross_margin": 21.53,
            "gross_margin_4q_avg": 20.5,
            "net_income": 358770,
            "revenue": 4306271,
            "common_shares": 3710438,
            "book_valuer_per_share": 22.22,
            "book_valuer_per_share_4q_avg": 23.96,
            "equity": 8245046,
            "current_ratio": 181.78,
            "debt_ratio": 37.74,
            "inventory_turnover_ratio": 1.41,
            "account_receivable_turnover_ratio": null,
            "reinvestment_rate": null,
            "research_to_sale_ratio": null,
            "price_fair": 0,
            "eps_avg_yearly": 0,
            "eps_latest_yearly": 0,
            "eps_growth_yearly": 0
        },
        "20013": {
            "year_quarter": 20013,
            "year": 2001,
            "quarter": 3,
            "eps": 0.83,
            "eps_growth_year": 53.7,
            "eps_4q": 3.1,
            "eps_4q_growth_year": 29.08,
            "roe": 3.67,
            "roe_4q": 11.49,
            "gross_profit": 1070896,
            "gross_margin": 23.97,
            "gross_margin_4q_avg": 21.65,
            "net_income": 308258,
            "revenue": 4467953,
            "common_shares": 3710438,
            "book_valuer_per_share": 23.05,
            "book_valuer_per_share_4q_avg": 23.65,
            "equity": 8552637,
            "current_ratio": 299.72,
            "debt_ratio": 42.89,
            "inventory_turnover_ratio": 1.7,
            "account_receivable_turnover_ratio": null,
            "reinvestment_rate": null,
            "research_to_sale_ratio": null,
            "price_fair": 0,
            "eps_avg_yearly": 0,
            "eps_latest_yearly": 0,
            "eps_growth_yearly": 0
        },
        "20014": {
            "year_quarter": 20014,
            "year": 2001,
            "quarter": 4,
            "eps": 1.28,
            "eps_growth_year": 64.1,
            "eps_4q": 3.76,
            "eps_4q_growth_year": 53.84,
            "roe": 4.98,
            "roe_4q": 16.47,
            "gross_profit": 1058956,
            "gross_margin": 24.55,
            "gross_margin_4q_avg": 22.38,
            "net_income": 475632,
            "revenue": 4312896,
            "common_shares": 4094979,
            "book_valuer_per_share": 25.8,
            "book_valuer_per_share_4q_avg": 24.19,
            "equity": 10564800,
            "current_ratio": 253.28,
            "debt_ratio": 39.6,
            "inventory_turnover_ratio": 1.56,
            "account_receivable_turnover_ratio": null,
            "reinvestment_rate": null,
            "research_to_sale_ratio": null,
            "price_fair": 0,
            "eps_avg_yearly": 0,
            "eps_latest_yearly": 0,
            "eps_growth_yearly": 0
        },
        "20021": {
            "year_quarter": 20021,
            "year": 2002,
            "quarter": 1,
            "eps": 0.95,
            "eps_growth_year": 13.1,
            "eps_4q": 3.61,
            "eps_4q_growth_year": 30.8,
            "roe": 3.55,
            "roe_4q": 16.69,
            "gross_profit": 972981,
            "gross_margin": 22.84,
            "gross_margin_4q_avg": 23.22,
            "net_income": 407946,
            "revenue": 4260581,
            "common_shares": 4447029,
            "book_valuer_per_share": 27.87,
            "book_valuer_per_share_4q_avg": 24.74,
            "equity": 12394521,
            "current_ratio": 294.81,
            "debt_ratio": 24.72,
            "inventory_turnover_ratio": 1.55,
            "account_receivable_turnover_ratio": null,
            "reinvestment_rate": null,
            "research_to_sale_ratio": null,
            "price_fair": 11.4,
            "eps_avg_yearly": 3.8,
            "eps_latest_yearly": 3.8,
            "eps_growth_yearly": -103.13
        },
        "20022": {
            "year_quarter": 20022,
            "year": 2002,
            "quarter": 2,
            "eps": 0.48,
            "eps_growth_year": -50.52,
            "eps_4q": 2.64,
            "eps_4q_growth_year": -2.38,
            "roe": 2.12,
            "roe_4q": 14.32,
            "gross_profit": 803559,
            "gross_margin": 20.71,
            "gross_margin_4q_avg": 23.02,
            "net_income": 264712,
            "revenue": 3879304,
            "common_shares": 4447029,
            "book_valuer_per_share": 28.25,
            "book_valuer_per_share_4q_avg": 26.24,
            "equity": 12561541,
            "current_ratio": 319.97,
            "debt_ratio": 21.51,
            "inventory_turnover_ratio": 1.79,
            "account_receivable_turnover_ratio": null,
            "reinvestment_rate": null,
            "research_to_sale_ratio": null,
            "price_fair": 8.58,
            "eps_avg_yearly": 2.86,
            "eps_latest_yearly": 1.92,
            "eps_growth_yearly": -150.51
        },
        "20023": {
            "year_quarter": 20023,
            "year": 2002,
            "quarter": 3,
            "eps": 0.36,
            "eps_growth_year": -56.63,
            "eps_4q": 2.41,
            "eps_4q_growth_year": -22.16,
            "roe": 1.58,
            "roe_4q": 12.23,
            "gross_profit": 773922,
            "gross_margin": 19.46,
            "gross_margin_4q_avg": 21.89,
            "net_income": 201412,
            "revenue": 3977245,
            "common_shares": 5681361,
            "book_valuer_per_share": 22.78,
            "book_valuer_per_share_4q_avg": 26.18,
            "equity": 12941894,
            "current_ratio": 277.86,
            "debt_ratio": 24.75,
            "inventory_turnover_ratio": 1.78,
            "account_receivable_turnover_ratio": null,
            "reinvestment_rate": null,
            "research_to_sale_ratio": null,
            "price_fair": 7.16,
            "eps_avg_yearly": 2.39,
            "eps_latest_yearly": 1.44,
            "eps_growth_yearly": -133.67
        },
        "20024": {
            "year_quarter": 20024,
            "year": 2002,
            "quarter": 4,
            "eps": 0.57,
            "eps_growth_year": -55.47,
            "eps_4q": 2.13,
            "eps_4q_growth_year": -43.42,
            "roe": 2.47,
            "roe_4q": 9.72,
            "gross_profit": 852717,
            "gross_margin": 19.83,
            "gross_margin_4q_avg": 20.71,
            "net_income": 320091,
            "revenue": 4300112,
            "common_shares": 5690431,
            "book_valuer_per_share": 22.79,
            "book_valuer_per_share_4q_avg": 25.42,
            "equity": 12967691,
            "current_ratio": 242.47,
            "debt_ratio": 28.53,
            "inventory_turnover_ratio": 1.48,
            "account_receivable_turnover_ratio": null,
            "reinvestment_rate": 14.53,
            "research_to_sale_ratio": null,
            "price_fair": 7.08,
            "eps_avg_yearly": 2.36,
            "eps_latest_yearly": 2.28,
            "eps_growth_yearly": -41.92
        },
        "20031": {
            "year_quarter": 20031,
            "year": 2003,
            "quarter": 1,
            "eps": 0.13,
            "eps_growth_year": -86.32,
            "eps_4q": 1.54,
            "eps_4q_growth_year": -57.24,
            "roe": 0.57,
            "roe_4q": 6.74,
            "gross_profit": 691618,
            "gross_margin": 18.7,
            "gross_margin_4q_avg": 19.68,
            "net_income": 72276,
            "revenue": 3698383,
            "common_shares": 5690431,
            "book_valuer_per_share": 21.86,
            "book_valuer_per_share_4q_avg": 23.92,
            "equity": 12437038,
            "current_ratio": 335.86,
            "debt_ratio": 20.44,
            "inventory_turnover_ratio": 1.37,
            "account_receivable_turnover_ratio": null,
            "reinvestment_rate": 12.16,
            "research_to_sale_ratio": null,
            "price_fair": 5.98,
            "eps_avg_yearly": 1.99,
            "eps_latest_yearly": 0.52,
            "eps_growth_yearly": -95.29
        },
        "20032": {
            "year_quarter": 20032,
            "year": 2003,
            "quarter": 2,
            "eps": 0.01,
            "eps_growth_year": -97.92,
            "eps_4q": 1,
            "eps_4q_growth_year": -61.98,
            "roe": 0.06,
            "roe_4q": 4.68,
            "gross_profit": 636239,
            "gross_margin": 16.81,
            "gross_margin_4q_avg": 18.7,
            "net_income": 6605,
            "revenue": 3783968,
            "common_shares": 5979325,
            "book_valuer_per_share": 18.86,
            "book_valuer_per_share_4q_avg": 21.57,
            "equity": 11276419,
            "current_ratio": 230.83,
            "debt_ratio": 25.92,
            "inventory_turnover_ratio": 1.69,
            "account_receivable_turnover_ratio": null,
            "reinvestment_rate": -3.92,
            "research_to_sale_ratio": null,
            "price_fair": 5,
            "eps_avg_yearly": 1.67,
            "eps_latest_yearly": 0.04,
            "eps_growth_yearly": -140.95
        },
        "20033": {
            "year_quarter": 20033,
            "year": 2003,
            "quarter": 3,
            "eps": -3.85,
            "eps_growth_year": -1169.44,
            "eps_4q": -3.24,
            "eps_4q_growth_year": -234.11,
            "roe": -22.66,
            "roe_4q": -19.560000000000002,
            "gross_profit": 611258,
            "gross_margin": 14.4,
            "gross_margin_4q_avg": 17.44,
            "net_income": -2290311,
            "revenue": 4243969,
            "common_shares": 5845855,
            "book_valuer_per_share": 15.3,
            "book_valuer_per_share_4q_avg": 19.7,
            "equity": 8941718,
            "current_ratio": 174.01,
            "debt_ratio": 40.09,
            "inventory_turnover_ratio": 1.67,
            "account_receivable_turnover_ratio": null,
            "reinvestment_rate": -33.29,
            "research_to_sale_ratio": null,
            "price_fair": 5,
            "eps_avg_yearly": 1.67,
            "eps_latest_yearly": 0.04,
            "eps_growth_yearly": -140.95
        },
        "20034": {
            "year_quarter": 20034,
            "year": 2003,
            "quarter": 4,
            "eps": -1.09,
            "eps_growth_year": -291.23,
            "eps_4q": -4.81,
            "eps_4q_growth_year": -326.05,
            "roe": -7.89,
            "roe_4q": -29.92,
            "gross_profit": 536396,
            "gross_margin": 11.67,
            "gross_margin_4q_avg": 15.4,
            "net_income": -642900,
            "revenue": 4596287,
            "common_shares": 5845855,
            "book_valuer_per_share": 12.59,
            "book_valuer_per_share_4q_avg": 17.15,
            "equity": 7358640,
            "current_ratio": 134.14,
            "debt_ratio": 53.73,
            "inventory_turnover_ratio": 1.53,
            "account_receivable_turnover_ratio": null,
            "reinvestment_rate": -101.42,
            "research_to_sale_ratio": null,
            "price_fair": 5,
            "eps_avg_yearly": 1.67,
            "eps_latest_yearly": 0.04,
            "eps_growth_yearly": -140.95
        },
        "20041": {
            "year_quarter": 20041,
            "year": 2004,
            "quarter": 1,
            "eps": -0.22,
            "eps_growth_year": -269.23,
            "eps_4q": -5.57,
            "eps_4q_growth_year": -460.95,
            "roe": -1.66,
            "roe_4q": -32.15,
            "gross_profit": 627107,
            "gross_margin": 12.73,
            "gross_margin_4q_avg": 13.9,
            "net_income": -120265,
            "revenue": 4926711,
            "common_shares": 5845855,
            "book_valuer_per_share": 12.2,
            "book_valuer_per_share_4q_avg": 14.74,
            "equity": 7129892,
            "current_ratio": 167.27,
            "debt_ratio": 50.16,
            "inventory_turnover_ratio": 1.51,
            "account_receivable_turnover_ratio": null,
            "reinvestment_rate": 24.35,
            "research_to_sale_ratio": null,
            "price_fair": 5,
            "eps_avg_yearly": 1.67,
            "eps_latest_yearly": 0.04,
            "eps_growth_yearly": -140.95
        },
        "20042": {
            "year_quarter": 20042,
            "year": 2004,
            "quarter": 2,
            "eps": 0.14,
            "eps_growth_year": 1300,
            "eps_4q": -5.33,
            "eps_4q_growth_year": -631.13,
            "roe": 1.09,
            "roe_4q": -31.119999999999997,
            "gross_profit": 658390,
            "gross_margin": 12.62,
            "gross_margin_4q_avg": 12.86,
            "net_income": 78107,
            "revenue": 5215048,
            "common_shares": 5845855,
            "book_valuer_per_share": 12.31,
            "book_valuer_per_share_4q_avg": 13.1,
            "equity": 7198041,
            "current_ratio": 187.59,
            "debt_ratio": 44.63,
            "inventory_turnover_ratio": 1.79,
            "account_receivable_turnover_ratio": null,
            "reinvestment_rate": 99.42,
            "research_to_sale_ratio": null,
            "price_fair": 5,
            "eps_avg_yearly": 1.67,
            "eps_latest_yearly": 0.04,
            "eps_growth_yearly": -140.95
        },
        "20043": {
            "year_quarter": 20043,
            "year": 2004,
            "quarter": 3,
            "eps": -0.02,
            "eps_growth_year": null,
            "eps_4q": -1.19,
            "eps_4q_growth_year": null,
            "roe": -0.16,
            "roe_4q": -8.62,
            "gross_profit": 650638,
            "gross_margin": 15.07,
            "gross_margin_4q_avg": 13.02,
            "net_income": -11465,
            "revenue": 4318279,
            "common_shares": 5845855,
            "book_valuer_per_share": 12.35,
            "book_valuer_per_share_4q_avg": 12.36,
            "equity": 7220817,
            "current_ratio": 219.52,
            "debt_ratio": 43.26,
            "inventory_turnover_ratio": 1.76,
            "account_receivable_turnover_ratio": null,
            "reinvestment_rate": null,
            "research_to_sale_ratio": null,
            "price_fair": 5,
            "eps_avg_yearly": 1.67,
            "eps_latest_yearly": 0.04,
            "eps_growth_yearly": -140.95
        },
        "20044": {
            "year_quarter": 20044,
            "year": 2004,
            "quarter": 4,
            "eps": -1.04,
            "eps_growth_year": null,
            "eps_4q": -0.98,
            "eps_4q_growth_year": null,
            "roe": -8.21,
            "roe_4q": -8.940000000000001,
            "gross_profit": 571002,
            "gross_margin": 14.23,
            "gross_margin_4q_avg": 13.66,
            "net_income": -566405,
            "revenue": 4012695,
            "common_shares": 5845855,
            "book_valuer_per_share": 11,
            "book_valuer_per_share_4q_avg": 11.97,
            "equity": 6580945,
            "current_ratio": 168.62,
            "debt_ratio": 49.19,
            "inventory_turnover_ratio": 1.63,
            "account_receivable_turnover_ratio": null,
            "reinvestment_rate": null,
            "research_to_sale_ratio": null,
            "price_fair": 5,
            "eps_avg_yearly": 1.67,
            "eps_latest_yearly": 0.04,
            "eps_growth_yearly": -140.95
        },
        "20051": {
            "year_quarter": 20051,
            "year": 2005,
            "quarter": 1,
            "eps": -0.3,
            "eps_growth_year": null,
            "eps_4q": -1.25,
            "eps_4q_growth_year": null,
            "roe": -2.49,
            "roe_4q": -9.770000000000001,
            "gross_profit": 523093,
            "gross_margin": 14.94,
            "gross_margin_4q_avg": 14.22,
            "net_income": -158444,
            "revenue": 3501594,
            "common_shares": 5845855,
            "book_valuer_per_share": 10.53,
            "book_valuer_per_share_4q_avg": 11.55,
            "equity": 6153335,
            "current_ratio": 193.79,
            "debt_ratio": 43.96,
            "inventory_turnover_ratio": 1.56,
            "account_receivable_turnover_ratio": null,
            "reinvestment_rate": null,
            "research_to_sale_ratio": null,
            "price_fair": 5,
            "eps_avg_yearly": 1.67,
            "eps_latest_yearly": 0.04,
            "eps_growth_yearly": -140.95
        },
        "20052": {
            "year_quarter": 20052,
            "year": 2005,
            "quarter": 2,
            "eps": -0.43,
            "eps_growth_year": -407.14,
            "eps_4q": -1.64,
            "eps_4q_growth_year": null,
            "roe": -3.7,
            "roe_4q": -14.560000000000002,
            "gross_profit": 528875,
            "gross_margin": 16.13,
            "gross_margin_4q_avg": 15.09,
            "net_income": -223721,
            "revenue": 3278984,
            "common_shares": 5845855,
            "book_valuer_per_share": 10.18,
            "book_valuer_per_share_4q_avg": 11.02,
            "equity": 5949490,
            "current_ratio": 195.96,
            "debt_ratio": 44.32,
            "inventory_turnover_ratio": 1.86,
            "account_receivable_turnover_ratio": null,
            "reinvestment_rate": null,
            "research_to_sale_ratio": null,
            "price_fair": 5,
            "eps_avg_yearly": 1.67,
            "eps_latest_yearly": 0.04,
            "eps_growth_yearly": -140.95
        },
        "20053": {
            "year_quarter": 20053,
            "year": 2005,
            "quarter": 3,
            "eps": 0.05,
            "eps_growth_year": null,
            "eps_4q": -1.74,
            "eps_4q_growth_year": null,
            "roe": 0.44,
            "roe_4q": -13.96,
            "gross_profit": 576486,
            "gross_margin": 17.78,
            "gross_margin_4q_avg": 15.77,
            "net_income": 26505,
            "revenue": 3241587,
            "common_shares": 5845855,
            "book_valuer_per_share": 10.28,
            "book_valuer_per_share_4q_avg": 10.5,
            "equity": 6009855,
            "current_ratio": 190.86,
            "debt_ratio": 42.76,
            "inventory_turnover_ratio": 1.74,
            "account_receivable_turnover_ratio": null,
            "reinvestment_rate": null,
            "research_to_sale_ratio": null,
            "price_fair": 5,
            "eps_avg_yearly": 1.67,
            "eps_latest_yearly": 0.04,
            "eps_growth_yearly": -140.95
        },
        "20054": {
            "year_quarter": 20054,
            "year": 2005,
            "quarter": 4,
            "eps": 0.1,
            "eps_growth_year": null,
            "eps_4q": -0.56,
            "eps_4q_growth_year": null,
            "roe": 0.87,
            "roe_4q": -4.880000000000001,
            "gross_profit": 696124,
            "gross_margin": 18.26,
            "gross_margin_4q_avg": 16.78,
            "net_income": 53788,
            "revenue": 3812680,
            "common_shares": 5845855,
            "book_valuer_per_share": 10.35,
            "book_valuer_per_share_4q_avg": 10.34,
            "equity": 6347791,
            "current_ratio": 167.61,
            "debt_ratio": 52.2,
            "inventory_turnover_ratio": 1.57,
            "account_receivable_turnover_ratio": null,
            "reinvestment_rate": null,
            "research_to_sale_ratio": null,
            "price_fair": 4.46,
            "eps_avg_yearly": 1.49,
            "eps_latest_yearly": 0.4,
            "eps_growth_yearly": -63.67
        },
        "20061": {
            "year_quarter": 20061,
            "year": 2006,
            "quarter": 1,
            "eps": -0.21,
            "eps_growth_year": null,
            "eps_4q": -0.48,
            "eps_4q_growth_year": null,
            "roe": -1.81,
            "roe_4q": -4.2,
            "gross_profit": 486029,
            "gross_margin": 14.16,
            "gross_margin_4q_avg": 16.58,
            "net_income": -111161,
            "revenue": 3432411,
            "common_shares": 5845855,
            "book_valuer_per_share": 10.15,
            "book_valuer_per_share_4q_avg": 10.24,
            "equity": 5935531,
            "current_ratio": 151.93,
            "debt_ratio": 45.94,
            "inventory_turnover_ratio": 1.45,
            "account_receivable_turnover_ratio": null,
            "reinvestment_rate": null,
            "research_to_sale_ratio": null,
            "price_fair": 3.3,
            "eps_avg_yearly": 1.1,
            "eps_latest_yearly": 0.4,
            "eps_growth_yearly": -57.09
        },
        "20062": {
            "year_quarter": 20062,
            "year": 2006,
            "quarter": 2,
            "eps": -0.23,
            "eps_growth_year": null,
            "eps_4q": -0.26,
            "eps_4q_growth_year": null,
            "roe": -2.09,
            "roe_4q": -2.59,
            "gross_profit": 542155,
            "gross_margin": 14.99,
            "gross_margin_4q_avg": 16.3,
            "net_income": -122890,
            "revenue": 3617547,
            "common_shares": 5845855,
            "book_valuer_per_share": 9.96,
            "book_valuer_per_share_4q_avg": 10.19,
            "equity": 5823336,
            "current_ratio": 155.04,
            "debt_ratio": 46.68,
            "inventory_turnover_ratio": 1.81,
            "account_receivable_turnover_ratio": null,
            "reinvestment_rate": null,
            "research_to_sale_ratio": null,
            "price_fair": 2.81,
            "eps_avg_yearly": 0.94,
            "eps_latest_yearly": 0.4,
            "eps_growth_yearly": -28.93
        },
        "20063": {
            "year_quarter": 20063,
            "year": 2006,
            "quarter": 3,
            "eps": 0.1,
            "eps_growth_year": 100,
            "eps_4q": -0.24,
            "eps_4q_growth_year": null,
            "roe": 0.9,
            "roe_4q": -2.13,
            "gross_profit": 587766,
            "gross_margin": 14.32,
            "gross_margin_4q_avg": 15.43,
            "net_income": 52819,
            "revenue": 4105316,
            "common_shares": 5845855,
            "book_valuer_per_share": 10.1,
            "book_valuer_per_share_4q_avg": 10.14,
            "equity": 5904252,
            "current_ratio": 158.87,
            "debt_ratio": 49.45,
            "inventory_turnover_ratio": 2.06,
            "account_receivable_turnover_ratio": null,
            "reinvestment_rate": null,
            "research_to_sale_ratio": null,
            "price_fair": 2.43,
            "eps_avg_yearly": 0.81,
            "eps_latest_yearly": 0.4,
            "eps_growth_yearly": -11.17
        },
        "20064": {
            "year_quarter": 20064,
            "year": 2006,
            "quarter": 4,
            "eps": 0.39,
            "eps_growth_year": 290,
            "eps_4q": 0.04,
            "eps_4q_growth_year": null,
            "roe": 3.38,
            "roe_4q": 0.38000000000000034,
            "gross_profit": 489795,
            "gross_margin": 11.51,
            "gross_margin_4q_avg": 13.75,
            "net_income": 204071,
            "revenue": 4255450,
            "common_shares": 5473825,
            "book_valuer_per_share": 11.15,
            "book_valuer_per_share_4q_avg": 10.34,
            "equity": 6175013,
            "current_ratio": 160.26,
            "debt_ratio": 49.95,
            "inventory_turnover_ratio": 1.76,
            "account_receivable_turnover_ratio": null,
            "reinvestment_rate": null,
            "research_to_sale_ratio": null,
            "price_fair": 22.05,
            "eps_avg_yearly": 0.63,
            "eps_latest_yearly": 1.56,
            "eps_growth_yearly": 220.5
        },
        "20071": {
            "year_quarter": 20071,
            "year": 2007,
            "quarter": 1,
            "eps": 0.03,
            "eps_growth_year": null,
            "eps_4q": 0.25,
            "eps_4q_growth_year": null,
            "roe": 0.29,
            "roe_4q": 2.4800000000000004,
            "gross_profit": 468098,
            "gross_margin": 14.8,
            "gross_margin_4q_avg": 13.91,
            "net_income": 18444,
            "revenue": 3162972,
            "common_shares": 5445855,
            "book_valuer_per_share": 11.75,
            "book_valuer_per_share_4q_avg": 10.74,
            "equity": 6396751,
            "current_ratio": 177.77,
            "debt_ratio": 36.26,
            "inventory_turnover_ratio": 1.4,
            "account_receivable_turnover_ratio": null,
            "reinvestment_rate": null,
            "research_to_sale_ratio": null,
            "price_fair": 18.55,
            "eps_avg_yearly": 0.53,
            "eps_latest_yearly": 0.12,
            "eps_growth_yearly": 205.38
        },
        "20072": {
            "year_quarter": 20072,
            "year": 2007,
            "quarter": 2,
            "eps": 0.02,
            "eps_growth_year": null,
            "eps_4q": 0.57,
            "eps_4q_growth_year": null,
            "roe": 0.16,
            "roe_4q": 4.73,
            "gross_profit": 473789,
            "gross_margin": 13.52,
            "gross_margin_4q_avg": 13.54,
            "net_income": 9996,
            "revenue": 3503351,
            "common_shares": 5445855,
            "book_valuer_per_share": 11.77,
            "book_valuer_per_share_4q_avg": 11.19,
            "equity": 6411900,
            "current_ratio": 170.38,
            "debt_ratio": 33.86,
            "inventory_turnover_ratio": 2.43,
            "account_receivable_turnover_ratio": null,
            "reinvestment_rate": null,
            "research_to_sale_ratio": null,
            "price_fair": 18.9,
            "eps_avg_yearly": 0.54,
            "eps_latest_yearly": 0.08,
            "eps_growth_yearly": 264.36
        },
        "20073": {
            "year_quarter": 20073,
            "year": 2007,
            "quarter": 3,
            "eps": -0.14,
            "eps_growth_year": -240,
            "eps_4q": 0.29,
            "eps_4q_growth_year": null,
            "roe": -1.14,
            "roe_4q": 2.69,
            "gross_profit": 413702,
            "gross_margin": 12.5,
            "gross_margin_4q_avg": 13.08,
            "net_income": -72811,
            "revenue": 3308507,
            "common_shares": 5445855,
            "book_valuer_per_share": 11.61,
            "book_valuer_per_share_4q_avg": 11.57,
            "equity": 6322738,
            "current_ratio": 169.2,
            "debt_ratio": 34.59,
            "inventory_turnover_ratio": 2.44,
            "account_receivable_turnover_ratio": null,
            "reinvestment_rate": null,
            "research_to_sale_ratio": null,
            "price_fair": 18.9,
            "eps_avg_yearly": 0.54,
            "eps_latest_yearly": 0.08,
            "eps_growth_yearly": 264.36
        },
        "20074": {
            "year_quarter": 20074,
            "year": 2007,
            "quarter": 4,
            "eps": -0.4,
            "eps_growth_year": -202.56,
            "eps_4q": -0.46,
            "eps_4q_growth_year": -1148.15,
            "roe": -3.45,
            "roe_4q": -4.14,
            "gross_profit": 390199,
            "gross_margin": 11.07,
            "gross_margin_4q_avg": 12.97,
            "net_income": -214602,
            "revenue": 3524173,
            "common_shares": 5445141,
            "book_valuer_per_share": 11.21,
            "book_valuer_per_share_4q_avg": 11.59,
            "equity": 6119241,
            "current_ratio": 167.7,
            "debt_ratio": 46.36,
            "inventory_turnover_ratio": 1.57,
            "account_receivable_turnover_ratio": null,
            "reinvestment_rate": null,
            "research_to_sale_ratio": null,
            "price_fair": 18.9,
            "eps_avg_yearly": 0.54,
            "eps_latest_yearly": 0.08,
            "eps_growth_yearly": 264.36
        },
        "20081": {
            "year_quarter": 20081,
            "year": 2008,
            "quarter": 1,
            "eps": 0.13,
            "eps_growth_year": 333.33,
            "eps_4q": -0.43,
            "eps_4q_growth_year": -271.52,
            "roe": 1.05,
            "roe_4q": -3.38,
            "gross_profit": 808844,
            "gross_margin": 17.62,
            "gross_margin_4q_avg": 13.68,
            "net_income": 64056,
            "revenue": 4589445,
            "common_shares": 5445141,
            "book_valuer_per_share": 11.17,
            "book_valuer_per_share_4q_avg": 11.44,
            "equity": 6102876,
            "current_ratio": 164.85,
            "debt_ratio": 47.41,
            "inventory_turnover_ratio": 1.26,
            "account_receivable_turnover_ratio": null,
            "reinvestment_rate": null,
            "research_to_sale_ratio": null,
            "price_fair": 18.9,
            "eps_avg_yearly": 0.54,
            "eps_latest_yearly": 0.08,
            "eps_growth_yearly": 264.36
        },
        "20082": {
            "year_quarter": 20082,
            "year": 2008,
            "quarter": 2,
            "eps": 0.25,
            "eps_growth_year": 1150,
            "eps_4q": -0.17,
            "eps_4q_growth_year": -129.69,
            "roe": 2,
            "roe_4q": -1.5400000000000003,
            "gross_profit": 738398,
            "gross_margin": 14.64,
            "gross_margin_4q_avg": 13.96,
            "net_income": 127746,
            "revenue": 5042747,
            "common_shares": 5445141,
            "book_valuer_per_share": 11.41,
            "book_valuer_per_share_4q_avg": 11.35,
            "equity": 6687201,
            "current_ratio": 175.14,
            "debt_ratio": 45.27,
            "inventory_turnover_ratio": 1.51,
            "account_receivable_turnover_ratio": null,
            "reinvestment_rate": null,
            "research_to_sale_ratio": null,
            "price_fair": 22.12,
            "eps_avg_yearly": 0.63,
            "eps_latest_yearly": 1,
            "eps_growth_yearly": 285.33
        },
        "20083": {
            "year_quarter": 20083,
            "year": 2008,
            "quarter": 3,
            "eps": 0.43,
            "eps_growth_year": null,
            "eps_4q": 0.39,
            "eps_4q_growth_year": 32.06,
            "roe": 3.57,
            "roe_4q": 3.17,
            "gross_profit": 928343,
            "gross_margin": 18.37,
            "gross_margin_4q_avg": 15.43,
            "net_income": 245966,
            "revenue": 5052843,
            "common_shares": 5445141,
            "book_valuer_per_share": 12.05,
            "book_valuer_per_share_4q_avg": 11.46,
            "equity": 7097086,
            "current_ratio": 175.05,
            "debt_ratio": 46.47,
            "inventory_turnover_ratio": 1.46,
            "account_receivable_turnover_ratio": null,
            "reinvestment_rate": null,
            "research_to_sale_ratio": null,
            "price_fair": 28.47,
            "eps_avg_yearly": 0.81,
            "eps_latest_yearly": 1.72,
            "eps_growth_yearly": 285.78
        },
        "20084": {
            "year_quarter": 20084,
            "year": 2008,
            "quarter": 4,
            "eps": -0.05,
            "eps_growth_year": null,
            "eps_4q": 0.84,
            "eps_4q_growth_year": null,
            "roe": -1.03,
            "roe_4q": 5.59,
            "gross_profit": 750786,
            "gross_margin": 16.12,
            "gross_margin_4q_avg": 16.69,
            "net_income": -72801,
            "revenue": 4657202,
            "common_shares": 5445141,
            "book_valuer_per_share": 12.03,
            "book_valuer_per_share_4q_avg": 11.67,
            "equity": 7027057,
            "current_ratio": 202.84,
            "debt_ratio": 38.82,
            "inventory_turnover_ratio": 1.3,
            "account_receivable_turnover_ratio": 3.29,
            "reinvestment_rate": null,
            "research_to_sale_ratio": null,
            "price_fair": 28.47,
            "eps_avg_yearly": 0.81,
            "eps_latest_yearly": 1.72,
            "eps_growth_yearly": 285.78
        },
        "20091": {
            "year_quarter": 20091,
            "year": 2009,
            "quarter": 1,
            "eps": 0.08,
            "eps_growth_year": -38.46,
            "eps_4q": 0.67,
            "eps_4q_growth_year": null,
            "roe": 0.61,
            "roe_4q": 5.15,
            "gross_profit": 669227,
            "gross_margin": 17.86,
            "gross_margin_4q_avg": 16.75,
            "net_income": 45598,
            "revenue": 3747351,
            "common_shares": 5434941,
            "book_valuer_per_share": 13.55,
            "book_valuer_per_share_4q_avg": 12.26,
            "equity": 7807885,
            "current_ratio": 265.25,
            "debt_ratio": 32.01,
            "inventory_turnover_ratio": 1.17,
            "account_receivable_turnover_ratio": 1.4,
            "reinvestment_rate": 1499.18,
            "research_to_sale_ratio": null,
            "price_fair": 28.47,
            "eps_avg_yearly": 0.81,
            "eps_latest_yearly": 1.72,
            "eps_growth_yearly": 285.78
        },
        "20092": {
            "year_quarter": 20092,
            "year": 2009,
            "quarter": 2,
            "eps": 0.16,
            "eps_growth_year": -36,
            "eps_4q": 0.62,
            "eps_4q_growth_year": null,
            "roe": 1.14,
            "roe_4q": 4.29,
            "gross_profit": 725174,
            "gross_margin": 19.49,
            "gross_margin_4q_avg": 17.96,
            "net_income": 86532,
            "revenue": 3720980,
            "common_shares": 5434941,
            "book_valuer_per_share": 12.8,
            "book_valuer_per_share_4q_avg": 12.61,
            "equity": 7399662,
            "current_ratio": 242.82,
            "debt_ratio": 34.4,
            "inventory_turnover_ratio": 1.45,
            "account_receivable_turnover_ratio": 1.51,
            "reinvestment_rate": 134.11,
            "research_to_sale_ratio": null,
            "price_fair": 27.6,
            "eps_avg_yearly": 0.79,
            "eps_latest_yearly": 0.64,
            "eps_growth_yearly": 302.1
        },
        "20093": {
            "year_quarter": 20093,
            "year": 2009,
            "quarter": 3,
            "eps": 0.24,
            "eps_growth_year": -44.19,
            "eps_4q": 0.48,
            "eps_4q_growth_year": 24.54,
            "roe": 1.54,
            "roe_4q": 2.26,
            "gross_profit": 907866,
            "gross_margin": 20.62,
            "gross_margin_4q_avg": 18.52,
            "net_income": 115623,
            "revenue": 4402245,
            "common_shares": 5434941,
            "book_valuer_per_share": 13.15,
            "book_valuer_per_share_4q_avg": 12.88,
            "equity": 7595741,
            "current_ratio": 223.99,
            "debt_ratio": 37.6,
            "inventory_turnover_ratio": 1.76,
            "account_receivable_turnover_ratio": 1.69,
            "reinvestment_rate": 118.54,
            "research_to_sale_ratio": null,
            "price_fair": 28.35,
            "eps_avg_yearly": 0.81,
            "eps_latest_yearly": 0.96,
            "eps_growth_yearly": 289.33
        },
        "20094": {
            "year_quarter": 20094,
            "year": 2009,
            "quarter": 4,
            "eps": 0.74,
            "eps_growth_year": null,
            "eps_4q": 1.31,
            "eps_4q_growth_year": 56.33,
            "roe": 5.19,
            "roe_4q": 8.48,
            "gross_profit": 1060715,
            "gross_margin": 20.06,
            "gross_margin_4q_avg": 19.51,
            "net_income": 394997,
            "revenue": 5287614,
            "common_shares": 5050191,
            "book_valuer_per_share": 14.4,
            "book_valuer_per_share_4q_avg": 13.48,
            "equity": 7637508,
            "current_ratio": 197.49,
            "debt_ratio": 42.88,
            "inventory_turnover_ratio": 1.65,
            "account_receivable_turnover_ratio": 3.36,
            "reinvestment_rate": 17.13,
            "research_to_sale_ratio": null,
            "price_fair": 39.55,
            "eps_avg_yearly": 1.13,
            "eps_latest_yearly": 2.96,
            "eps_growth_yearly": 343.5
        },
        "20101": {
            "year_quarter": 20101,
            "year": 2010,
            "quarter": 1,
            "eps": 0.5,
            "eps_growth_year": 525,
            "eps_4q": 1.73,
            "eps_4q_growth_year": 158.27,
            "roe": 3.22,
            "roe_4q": 11.09,
            "gross_profit": 946214,
            "gross_margin": 20.04,
            "gross_margin_4q_avg": 20.05,
            "net_income": 247241,
            "revenue": 4722761,
            "common_shares": 4989241,
            "book_valuer_per_share": 14.57,
            "book_valuer_per_share_4q_avg": 13.73,
            "equity": 7706647,
            "current_ratio": 208.4,
            "debt_ratio": 40.36,
            "inventory_turnover_ratio": 1.21,
            "account_receivable_turnover_ratio": 1.49,
            "reinvestment_rate": 75.97,
            "research_to_sale_ratio": 5.78,
            "price_fair": 42.93,
            "eps_avg_yearly": 1.23,
            "eps_latest_yearly": 2,
            "eps_growth_yearly": 290.92
        },
        "20102": {
            "year_quarter": 20102,
            "year": 2010,
            "quarter": 2,
            "eps": 0.71,
            "eps_growth_year": 345.04,
            "eps_4q": 2.26,
            "eps_4q_growth_year": 263.75,
            "roe": 4.74,
            "roe_4q": 14.690000000000001,
            "gross_profit": 1109370,
            "gross_margin": 19.91,
            "gross_margin_4q_avg": 20.16,
            "net_income": 354644,
            "revenue": 5571531,
            "common_shares": 5007451,
            "book_valuer_per_share": 13.65,
            "book_valuer_per_share_4q_avg": 13.94,
            "equity": 7266660,
            "current_ratio": 189.63,
            "debt_ratio": 44.15,
            "inventory_turnover_ratio": 1.36,
            "account_receivable_turnover_ratio": 1.65,
            "reinvestment_rate": 55.39,
            "research_to_sale_ratio": 5.75,
            "price_fair": 48.58,
            "eps_avg_yearly": 1.39,
            "eps_latest_yearly": 2.84,
            "eps_growth_yearly": 278.63
        },
        "20103": {
            "year_quarter": 20103,
            "year": 2010,
            "quarter": 3,
            "eps": 0.55,
            "eps_growth_year": 130.21,
            "eps_4q": 2.55,
            "eps_4q_growth_year": 427.82,
            "roe": 3.41,
            "roe_4q": 16.560000000000002,
            "gross_profit": 1079569,
            "gross_margin": 17.82,
            "gross_margin_4q_avg": 19.46,
            "net_income": 247110,
            "revenue": 6058170,
            "common_shares": 5025136,
            "book_valuer_per_share": 14.29,
            "book_valuer_per_share_4q_avg": 14.23,
            "equity": 7229556,
            "current_ratio": 183.07,
            "debt_ratio": 46.08,
            "inventory_turnover_ratio": 1.4,
            "account_receivable_turnover_ratio": 1.66,
            "reinvestment_rate": 48.6,
            "research_to_sale_ratio": 4.91,
            "price_fair": 51.16,
            "eps_avg_yearly": 1.46,
            "eps_latest_yearly": 2.2,
            "eps_growth_yearly": 245.1
        },
        "20104": {
            "year_quarter": 20104,
            "year": 2010,
            "quarter": 4,
            "eps": 0.25,
            "eps_growth_year": -66.48,
            "eps_4q": 2,
            "eps_4q_growth_year": 52.52,
            "roe": 1.57,
            "roe_4q": 12.940000000000001,
            "gross_profit": 1006487,
            "gross_margin": 15.31,
            "gross_margin_4q_avg": 18.27,
            "net_income": 112473,
            "revenue": 6574571,
            "common_shares": 5041811,
            "book_valuer_per_share": 13.94,
            "book_valuer_per_share_4q_avg": 14.11,
            "equity": 7056103,
            "current_ratio": 184.58,
            "debt_ratio": 48.03,
            "inventory_turnover_ratio": 1.46,
            "account_receivable_turnover_ratio": 1.75,
            "reinvestment_rate": 7.59,
            "research_to_sale_ratio": 4.43,
            "price_fair": 49.38,
            "eps_avg_yearly": 1.41,
            "eps_latest_yearly": 1,
            "eps_growth_yearly": 119.81
        },
        "20111": {
            "year_quarter": 20111,
            "year": 2011,
            "quarter": 1,
            "eps": 0.29,
            "eps_growth_year": -42,
            "eps_4q": 1.8,
            "eps_4q_growth_year": 3.65,
            "roe": 2.11,
            "roe_4q": 11.83,
            "gross_profit": 886963,
            "gross_margin": 16.04,
            "gross_margin_4q_avg": 17.27,
            "net_income": 149719,
            "revenue": 5530956,
            "common_shares": 5045326,
            "book_valuer_per_share": 14.09,
            "book_valuer_per_share_4q_avg": 13.99,
            "equity": 7154027,
            "current_ratio": 188.63,
            "debt_ratio": 47.14,
            "inventory_turnover_ratio": 1.2,
            "account_receivable_turnover_ratio": 1.57,
            "reinvestment_rate": 46.57,
            "research_to_sale_ratio": 4.63,
            "price_fair": 52.69,
            "eps_avg_yearly": 1.51,
            "eps_latest_yearly": 1.16,
            "eps_growth_yearly": 159.2
        },
        "20112": {
            "year_quarter": 20112,
            "year": 2011,
            "quarter": 2,
            "eps": 0.24,
            "eps_growth_year": -66.24,
            "eps_4q": 1.29,
            "eps_4q_growth_year": -43.17,
            "roe": 1.86,
            "roe_4q": 8.95,
            "gross_profit": 999031,
            "gross_margin": 15.95,
            "gross_margin_4q_avg": 16.28,
            "net_income": 127169,
            "revenue": 6261734,
            "common_shares": 5071076,
            "book_valuer_per_share": 12.79,
            "book_valuer_per_share_4q_avg": 13.78,
            "equity": 6536052,
            "current_ratio": 175.09,
            "debt_ratio": 50.37,
            "inventory_turnover_ratio": 1.46,
            "account_receivable_turnover_ratio": 1.72,
            "reinvestment_rate": 59.19,
            "research_to_sale_ratio": 4.42,
            "price_fair": 55.49,
            "eps_avg_yearly": 1.59,
            "eps_latest_yearly": 0.96,
            "eps_growth_yearly": 165.05
        },
        "20113": {
            "year_quarter": 20113,
            "year": 2011,
            "quarter": 3,
            "eps": 0.56,
            "eps_growth_year": 0.54,
            "eps_4q": 1.32,
            "eps_4q_growth_year": -48.15,
            "roe": 4.3,
            "roe_4q": 9.84,
            "gross_profit": 1144402,
            "gross_margin": 15.69,
            "gross_margin_4q_avg": 15.75,
            "net_income": 288146,
            "revenue": 7294868,
            "common_shares": 5261861,
            "book_valuer_per_share": 13.1,
            "book_valuer_per_share_4q_avg": 13.48,
            "equity": 6859379,
            "current_ratio": 165.97,
            "debt_ratio": 53.82,
            "inventory_turnover_ratio": 1.77,
            "account_receivable_turnover_ratio": 1.82,
            "reinvestment_rate": 62.99,
            "research_to_sale_ratio": 3.89,
            "price_fair": 57.4,
            "eps_avg_yearly": 1.64,
            "eps_latest_yearly": 2.24,
            "eps_growth_yearly": 195.74
        },
        "20114": {
            "year_quarter": 20114,
            "year": 2011,
            "quarter": 4,
            "eps": 0.58,
            "eps_growth_year": 135.26,
            "eps_4q": 1.66,
            "eps_4q_growth_year": -16.97,
            "roe": 4.35,
            "roe_4q": 12.619999999999997,
            "gross_profit": 1253572,
            "gross_margin": 18.09,
            "gross_margin_4q_avg": 16.44,
            "net_income": 305374,
            "revenue": 6928188,
            "common_shares": 5207511,
            "book_valuer_per_share": 13.75,
            "book_valuer_per_share_4q_avg": 13.43,
            "equity": 7184092,
            "current_ratio": 175.2,
            "debt_ratio": 49.82,
            "inventory_turnover_ratio": 1.48,
            "account_receivable_turnover_ratio": 1.66,
            "reinvestment_rate": 28.66,
            "research_to_sale_ratio": 4.4,
            "price_fair": 59.23,
            "eps_avg_yearly": 1.69,
            "eps_latest_yearly": 2.32,
            "eps_growth_yearly": 181.78
        },
        "20121": {
            "year_quarter": 20121,
            "year": 2012,
            "quarter": 1,
            "eps": 0.26,
            "eps_growth_year": -10.34,
            "eps_4q": 1.64,
            "eps_4q_growth_year": -8.55,
            "roe": 1.91,
            "roe_4q": 12.419999999999998,
            "gross_profit": 984684,
            "gross_margin": 15.26,
            "gross_margin_4q_avg": 16.25,
            "net_income": 138881,
            "revenue": 6451030,
            "common_shares": 5216604,
            "book_valuer_per_share": 14.09,
            "book_valuer_per_share_4q_avg": 13.43,
            "equity": 7379258,
            "current_ratio": 180.63,
            "debt_ratio": 49.12,
            "inventory_turnover_ratio": 1.37,
            "account_receivable_turnover_ratio": 1.36,
            "reinvestment_rate": 22.53,
            "research_to_sale_ratio": 4.42,
            "price_fair": 57.6,
            "eps_avg_yearly": 1.65,
            "eps_latest_yearly": 1.04,
            "eps_growth_yearly": 153.03
        },
        "20122": {
            "year_quarter": 20122,
            "year": 2012,
            "quarter": 2,
            "eps": 0.36,
            "eps_growth_year": 50.61,
            "eps_4q": 1.76,
            "eps_4q_growth_year": 36.93,
            "roe": 2.7,
            "roe_4q": 13.260000000000002,
            "gross_profit": 985482,
            "gross_margin": 14.53,
            "gross_margin_4q_avg": 15.89,
            "net_income": 189587,
            "revenue": 6783895,
            "common_shares": 5220099,
            "book_valuer_per_share": 12.86,
            "book_valuer_per_share_4q_avg": 13.45,
            "equity": 6689460,
            "current_ratio": 166.35,
            "debt_ratio": 51.78,
            "inventory_turnover_ratio": 1.69,
            "account_receivable_turnover_ratio": 1.41,
            "reinvestment_rate": 19.5,
            "research_to_sale_ratio": 4.34,
            "price_fair": 58.7,
            "eps_avg_yearly": 1.68,
            "eps_latest_yearly": 1.44,
            "eps_growth_yearly": 137.65
        },
        "20123": {
            "year_quarter": 20123,
            "year": 2012,
            "quarter": 3,
            "eps": 0.67,
            "eps_growth_year": 20.53,
            "eps_4q": 1.87,
            "eps_4q_growth_year": 41.49,
            "roe": 5.12,
            "roe_4q": 14.08,
            "gross_profit": 1223386,
            "gross_margin": 17.15,
            "gross_margin_4q_avg": 16.26,
            "net_income": 349876,
            "revenue": 7133308,
            "common_shares": 5237184,
            "book_valuer_per_share": 13.29,
            "book_valuer_per_share_4q_avg": 13.5,
            "equity": 6966325,
            "current_ratio": 165.29,
            "debt_ratio": 51.72,
            "inventory_turnover_ratio": 1.96,
            "account_receivable_turnover_ratio": 1.71,
            "reinvestment_rate": 16.21,
            "research_to_sale_ratio": 4.43,
            "price_fair": 61.1,
            "eps_avg_yearly": 1.75,
            "eps_latest_yearly": 2.68,
            "eps_growth_yearly": 141.68
        },
        "20124": {
            "year_quarter": 20124,
            "year": 2012,
            "quarter": 4,
            "eps": 0.38,
            "eps_growth_year": -35.15,
            "eps_4q": 1.67,
            "eps_4q_growth_year": 0.57,
            "roe": 2.82,
            "roe_4q": 12.55,
            "gross_profit": 983966,
            "gross_margin": 14.78,
            "gross_margin_4q_avg": 15.43,
            "net_income": 199287,
            "revenue": 6659043,
            "common_shares": 5241774,
            "book_valuer_per_share": 13.7,
            "book_valuer_per_share_4q_avg": 13.49,
            "equity": 7152503,
            "current_ratio": 177.11,
            "debt_ratio": 47.55,
            "inventory_turnover_ratio": 1.93,
            "account_receivable_turnover_ratio": 1.74,
            "reinvestment_rate": 10.17,
            "research_to_sale_ratio": 4.91,
            "price_fair": 60.57,
            "eps_avg_yearly": 1.73,
            "eps_latest_yearly": 1.52,
            "eps_growth_yearly": 120.69
        },
        "20131": {
            "year_quarter": 20131,
            "year": 2013,
            "quarter": 1,
            "eps": 0.13,
            "eps_growth_year": -50,
            "eps_4q": 1.54,
            "eps_4q_growth_year": -6.1,
            "roe": 0.95,
            "roe_4q": 11.59,
            "gross_profit": 784045,
            "gross_margin": 16.18,
            "gross_margin_4q_avg": 15.66,
            "net_income": 69243,
            "revenue": 4844827,
            "common_shares": 5248074,
            "book_valuer_per_share": 14.13,
            "book_valuer_per_share_4q_avg": 13.5,
            "equity": 7391832,
            "current_ratio": 192.5,
            "debt_ratio": 43.76,
            "inventory_turnover_ratio": 1.44,
            "account_receivable_turnover_ratio": 1.32,
            "reinvestment_rate": 10.18,
            "research_to_sale_ratio": 6.69,
            "price_fair": 57.93,
            "eps_avg_yearly": 1.66,
            "eps_latest_yearly": 0.52,
            "eps_growth_yearly": 96.7
        },
        "20132": {
            "year_quarter": 20132,
            "year": 2013,
            "quarter": 2,
            "eps": 0.38,
            "eps_growth_year": 4.95,
            "eps_4q": 1.55,
            "eps_4q_growth_year": -11.88,
            "roe": 2.74,
            "roe_4q": 11.629999999999999,
            "gross_profit": 1009379,
            "gross_margin": 16.45,
            "gross_margin_4q_avg": 16.14,
            "net_income": 195007,
            "revenue": 6134205,
            "common_shares": 5262904,
            "book_valuer_per_share": 13.04,
            "book_valuer_per_share_4q_avg": 13.54,
            "equity": 6843772,
            "current_ratio": 167.37,
            "debt_ratio": 50.27,
            "inventory_turnover_ratio": 1.74,
            "account_receivable_turnover_ratio": 1.65,
            "reinvestment_rate": 11.54,
            "research_to_sale_ratio": 5.7,
            "price_fair": 59.85,
            "eps_avg_yearly": 1.71,
            "eps_latest_yearly": 1.52,
            "eps_growth_yearly": 119.78
        },
        "20133": {
            "year_quarter": 20133,
            "year": 2013,
            "quarter": 3,
            "eps": 0.26,
            "eps_growth_year": -61.17,
            "eps_4q": 1.14,
            "eps_4q_growth_year": -39.21,
            "roe": 1.98,
            "roe_4q": 8.49,
            "gross_profit": 873148,
            "gross_margin": 15.47,
            "gross_margin_4q_avg": 15.72,
            "net_income": 135419,
            "revenue": 5642974,
            "common_shares": 5292009,
            "book_valuer_per_share": 13.01,
            "book_valuer_per_share_4q_avg": 13.47,
            "equity": 6864103,
            "current_ratio": 181.85,
            "debt_ratio": 45.77,
            "inventory_turnover_ratio": 1.63,
            "account_receivable_turnover_ratio": 1.52,
            "reinvestment_rate": 10.87,
            "research_to_sale_ratio": 5.84,
            "price_fair": 60.03,
            "eps_avg_yearly": 1.72,
            "eps_latest_yearly": 1.04,
            "eps_growth_yearly": 99.38
        },
        "20134": {
            "year_quarter": 20134,
            "year": 2013,
            "quarter": 4,
            "eps": 0.3,
            "eps_growth_year": -21.01,
            "eps_4q": 1.06,
            "eps_4q_growth_year": -36.74,
            "roe": 2.25,
            "roe_4q": 7.920000000000001,
            "gross_profit": 954919,
            "gross_margin": 15.87,
            "gross_margin_4q_avg": 15.99,
            "net_income": 156700,
            "revenue": 6015981,
            "common_shares": 5300619,
            "book_valuer_per_share": 13.4,
            "book_valuer_per_share_4q_avg": 13.4,
            "equity": 7088476,
            "current_ratio": 187.36,
            "debt_ratio": 47.67,
            "inventory_turnover_ratio": 1.7,
            "account_receivable_turnover_ratio": 1.88,
            "reinvestment_rate": 2.63,
            "research_to_sale_ratio": 5.18,
            "price_fair": 56.18,
            "eps_avg_yearly": 1.61,
            "eps_latest_yearly": 1.2,
            "eps_growth_yearly": 51.15
        },
        "20141": {
            "year_quarter": 20141,
            "year": 2014,
            "quarter": 1,
            "eps": 0.36,
            "eps_growth_year": 176.92,
            "eps_4q": 1.28,
            "eps_4q_growth_year": -16.82,
            "roe": 2.62,
            "roe_4q": 9.59,
            "gross_profit": 822950,
            "gross_margin": 15.67,
            "gross_margin_4q_avg": 15.87,
            "net_income": 189003,
            "revenue": 5251497,
            "common_shares": 5310079,
            "book_valuer_per_share": 13.87,
            "book_valuer_per_share_4q_avg": 13.33,
            "equity": 7350760,
            "current_ratio": 197.66,
            "debt_ratio": 44.69,
            "inventory_turnover_ratio": 1.49,
            "account_receivable_turnover_ratio": 1.72,
            "reinvestment_rate": 1.87,
            "research_to_sale_ratio": 6.67,
            "price_fair": 54.95,
            "eps_avg_yearly": 1.57,
            "eps_latest_yearly": 1.44,
            "eps_growth_yearly": 64.26
        },
        "20142": {
            "year_quarter": 20142,
            "year": 2014,
            "quarter": 2,
            "eps": 0.29,
            "eps_growth_year": -23.68,
            "eps_4q": 1.2,
            "eps_4q_growth_year": -22.57,
            "roe": 2.15,
            "roe_4q": 9,
            "gross_profit": 979759,
            "gross_margin": 16.46,
            "gross_margin_4q_avg": 15.87,
            "net_income": 153945,
            "revenue": 5953234,
            "common_shares": 5318499,
            "book_valuer_per_share": 13.1,
            "book_valuer_per_share_4q_avg": 13.35,
            "equity": 6954729,
            "current_ratio": 183.14,
            "debt_ratio": 48.32,
            "inventory_turnover_ratio": 1.75,
            "account_receivable_turnover_ratio": 1.73,
            "reinvestment_rate": 0.26,
            "research_to_sale_ratio": 6.03,
            "price_fair": 51.28,
            "eps_avg_yearly": 1.47,
            "eps_latest_yearly": 1.16,
            "eps_growth_yearly": 48.89
        },
        "20143": {
            "year_quarter": 20143,
            "year": 2014,
            "quarter": 3,
            "eps": 0.12,
            "eps_growth_year": -53.85,
            "eps_4q": 1.06,
            "eps_4q_growth_year": -6.23,
            "roe": 0.92,
            "roe_4q": 7.9399999999999995,
            "gross_profit": 849428,
            "gross_margin": 15.89,
            "gross_margin_4q_avg": 15.97,
            "net_income": 64686,
            "revenue": 5347132,
            "common_shares": 5333604,
            "book_valuer_per_share": 13.35,
            "book_valuer_per_share_4q_avg": 13.43,
            "equity": 7103521,
            "current_ratio": 186.93,
            "debt_ratio": 46.53,
            "inventory_turnover_ratio": 1.5,
            "account_receivable_turnover_ratio": 1.56,
            "reinvestment_rate": 1.56,
            "research_to_sale_ratio": 6.5,
            "price_fair": 47.51,
            "eps_avg_yearly": 1.36,
            "eps_latest_yearly": 0.48,
            "eps_growth_yearly": 39.87
        },
        "20144": {
            "year_quarter": 20144,
            "year": 2014,
            "quarter": 4,
            "eps": 0.44,
            "eps_growth_year": 48.38,
            "eps_4q": 1.21,
            "eps_4q_growth_year": 14.35,
            "roe": 3.21,
            "roe_4q": 8.899999999999999,
            "gross_profit": 833570,
            "gross_margin": 13.24,
            "gross_margin_4q_avg": 15.32,
            "net_income": 235602,
            "revenue": 6296037,
            "common_shares": 5340804,
            "book_valuer_per_share": 14.2,
            "book_valuer_per_share_4q_avg": 13.63,
            "equity": 7559869,
            "current_ratio": 186.06,
            "debt_ratio": 46.56,
            "inventory_turnover_ratio": 1.67,
            "account_receivable_turnover_ratio": 1.81,
            "reinvestment_rate": 1.84,
            "research_to_sale_ratio": 5.22,
            "price_fair": 49.18,
            "eps_avg_yearly": 1.41,
            "eps_latest_yearly": 1.76,
            "eps_growth_yearly": 120.18
        },
        "20151": {
            "year_quarter": 20151,
            "year": 2015,
            "quarter": 1,
            "eps": 0.21,
            "eps_growth_year": -41.67,
            "eps_4q": 1.06,
            "eps_4q_growth_year": -17.37,
            "roe": 1.44,
            "roe_4q": 7.720000000000001,
            "gross_profit": 839979,
            "gross_margin": 16.98,
            "gross_margin_4q_avg": 15.64,
            "net_income": 109497,
            "revenue": 4947159,
            "common_shares": 5342879,
            "book_valuer_per_share": 14.32,
            "book_valuer_per_share_4q_avg": 13.74,
            "equity": 7627218,
            "current_ratio": 205.47,
            "debt_ratio": 42.04,
            "inventory_turnover_ratio": 1.27,
            "account_receivable_turnover_ratio": 1.45,
            "reinvestment_rate": 0.16,
            "research_to_sale_ratio": 5.74,
            "price_fair": 48.48,
            "eps_avg_yearly": 1.39,
            "eps_latest_yearly": 0.84,
            "eps_growth_yearly": 103.11
        },
        "20152": {
            "year_quarter": 20152,
            "year": 2015,
            "quarter": 2,
            "eps": 0.42,
            "eps_growth_year": 44.83,
            "eps_4q": 1.19,
            "eps_4q_growth_year": -0.74,
            "roe": 3.03,
            "roe_4q": 8.6,
            "gross_profit": 1048240,
            "gross_margin": 17.1,
            "gross_margin_4q_avg": 15.8,
            "net_income": 225319,
            "revenue": 6130601,
            "common_shares": 5349329,
            "book_valuer_per_share": 13.61,
            "book_valuer_per_share_4q_avg": 13.87,
            "equity": 7258914,
            "current_ratio": 180.98,
            "debt_ratio": 48.66,
            "inventory_turnover_ratio": 1.66,
            "account_receivable_turnover_ratio": 1.94,
            "reinvestment_rate": -8.82,
            "research_to_sale_ratio": 5.14,
            "price_fair": 50.05,
            "eps_avg_yearly": 1.43,
            "eps_latest_yearly": 1.68,
            "eps_growth_yearly": 132.42
        },
        "20153": {
            "year_quarter": 20153,
            "year": 2015,
            "quarter": 3,
            "eps": 0.71,
            "eps_growth_year": 491.67,
            "eps_4q": 1.78,
            "eps_4q_growth_year": 67.67,
            "roe": 5.05,
            "roe_4q": 12.73,
            "gross_profit": 1317931,
            "gross_margin": 20.14,
            "gross_margin_4q_avg": 16.87,
            "net_income": 379984,
            "revenue": 6542650,
            "common_shares": 5349329,
            "book_valuer_per_share": 14.63,
            "book_valuer_per_share_4q_avg": 14.19,
            "equity": 7801543,
            "current_ratio": 182.69,
            "debt_ratio": 49.1,
            "inventory_turnover_ratio": 1.58,
            "account_receivable_turnover_ratio": 1.94,
            "reinvestment_rate": -19.54,
            "research_to_sale_ratio": 5.76,
            "price_fair": 51.36,
            "eps_avg_yearly": 1.47,
            "eps_latest_yearly": 2.84,
            "eps_growth_yearly": 116.35
        },
        "20154": {
            "year_quarter": 20154,
            "year": 2015,
            "quarter": 4,
            "eps": 0.84,
            "eps_growth_year": 90.32,
            "eps_4q": 2.18,
            "eps_4q_growth_year": 80.26,
            "roe": 5.65,
            "roe_4q": 15.169999999999998,
            "gross_profit": 1485821,
            "gross_margin": 20.87,
            "gross_margin_4q_avg": 18.77,
            "net_income": 451135,
            "revenue": 7118350,
            "common_shares": 5369759,
            "book_valuer_per_share": 15.28,
            "book_valuer_per_share_4q_avg": 14.46,
            "equity": 8179363,
            "current_ratio": 199.17,
            "debt_ratio": 45.43,
            "inventory_turnover_ratio": 1.55,
            "account_receivable_turnover_ratio": 2.05,
            "reinvestment_rate": -22.23,
            "research_to_sale_ratio": 5.37,
            "price_fair": 53.64,
            "eps_avg_yearly": 1.53,
            "eps_latest_yearly": 3.36,
            "eps_growth_yearly": 120.03
        },
        "20161": {
            "year_quarter": 20161,
            "year": 2016,
            "quarter": 1,
            "eps": 0.74,
            "eps_growth_year": 252.38,
            "eps_4q": 2.72,
            "eps_4q_growth_year": 156.36,
            "roe": 4.78,
            "roe_4q": 18.51,
            "gross_profit": 1373539,
            "gross_margin": 23.17,
            "gross_margin_4q_avg": 20.32,
            "net_income": 398116,
            "revenue": 5927809,
            "common_shares": 5377554,
            "book_valuer_per_share": 15.83,
            "book_valuer_per_share_4q_avg": 14.84,
            "equity": 8485446,
            "current_ratio": 211.37,
            "debt_ratio": 42.93,
            "inventory_turnover_ratio": 1.16,
            "account_receivable_turnover_ratio": 1.79,
            "reinvestment_rate": -16.18,
            "research_to_sale_ratio": 6.22,
            "price_fair": 57.84,
            "eps_avg_yearly": 1.65,
            "eps_latest_yearly": 2.96,
            "eps_growth_yearly": 130.85
        },
        "20162": {
            "year_quarter": 20162,
            "year": 2016,
            "quarter": 2,
            "eps": 0.89,
            "eps_growth_year": 111.9,
            "eps_4q": 3.19,
            "eps_4q_growth_year": 167.25,
            "roe": 5.86,
            "roe_4q": 21.34,
            "gross_profit": 1436185,
            "gross_margin": 19.35,
            "gross_margin_4q_avg": 20.88,
            "net_income": 478534,
            "revenue": 7420476,
            "common_shares": 5381244,
            "book_valuer_per_share": 14.65,
            "book_valuer_per_share_4q_avg": 15.1,
            "equity": 7858584,
            "current_ratio": 190.4,
            "debt_ratio": 47.91,
            "inventory_turnover_ratio": 1.51,
            "account_receivable_turnover_ratio": 2.15,
            "reinvestment_rate": -17.59,
            "research_to_sale_ratio": 4.93,
            "price_fair": 62.48,
            "eps_avg_yearly": 1.79,
            "eps_latest_yearly": 3.56,
            "eps_growth_yearly": 126.3
        },
        "20163": {
            "year_quarter": 20163,
            "year": 2016,
            "quarter": 3,
            "eps": 0.89,
            "eps_growth_year": 25.35,
            "eps_4q": 3.34,
            "eps_4q_growth_year": 87.13,
            "roe": 5.95,
            "roe_4q": 22.240000000000002,
            "gross_profit": 1488900,
            "gross_margin": 19.61,
            "gross_margin_4q_avg": 20.75,
            "net_income": 480339,
            "revenue": 7591313,
            "common_shares": 5437079,
            "book_valuer_per_share": 15.3,
            "book_valuer_per_share_4q_avg": 15.27,
            "equity": 8292588,
            "current_ratio": 202.06,
            "debt_ratio": 45.24,
            "inventory_turnover_ratio": 1.74,
            "account_receivable_turnover_ratio": 2.01,
            "reinvestment_rate": -15.93,
            "research_to_sale_ratio": 5.06,
            "price_fair": 64.4,
            "eps_avg_yearly": 1.84,
            "eps_latest_yearly": 3.56,
            "eps_growth_yearly": 104.77
        },
        "20164": {
            "year_quarter": 20164,
            "year": 2016,
            "quarter": 4,
            "eps": 0.98,
            "eps_growth_year": 15.74,
            "eps_4q": 3.48,
            "eps_4q_growth_year": 59.34,
            "roe": 6.19,
            "roe_4q": 22.78,
            "gross_profit": 1707379,
            "gross_margin": 20.26,
            "gross_margin_4q_avg": 20.6,
            "net_income": 530510,
            "revenue": 8429155,
            "common_shares": 5454429,
            "book_valuer_per_share": 16.22,
            "book_valuer_per_share_4q_avg": 15.5,
            "equity": 8838734,
            "current_ratio": 187.37,
            "debt_ratio": 49.5,
            "inventory_turnover_ratio": 1.94,
            "account_receivable_turnover_ratio": 2.13,
            "reinvestment_rate": -12.7,
            "research_to_sale_ratio": 4.48,
            "price_fair": 69.65,
            "eps_avg_yearly": 1.99,
            "eps_latest_yearly": 3.92,
            "eps_growth_yearly": 118.12
        },
        "20171": {
            "year_quarter": 20171,
            "year": 2017,
            "quarter": 1,
            "eps": 1.19,
            "eps_growth_year": 60.81,
            "eps_4q": 3.93,
            "eps_4q_growth_year": 44.55,
            "roe": 7.17,
            "roe_4q": 25.169999999999998,
            "gross_profit": 1714747,
            "gross_margin": 20.03,
            "gross_margin_4q_avg": 19.81,
            "net_income": 648163,
            "revenue": 8562229,
            "common_shares": 5465854,
            "book_valuer_per_share": 16.94,
            "book_valuer_per_share_4q_avg": 15.78,
            "equity": 9248814,
            "current_ratio": 188.06,
            "debt_ratio": 49.45,
            "inventory_turnover_ratio": 1.56,
            "account_receivable_turnover_ratio": 2.04,
            "reinvestment_rate": -11.37,
            "research_to_sale_ratio": 4.7,
            "price_fair": 78.93,
            "eps_avg_yearly": 2.26,
            "eps_latest_yearly": 4.76,
            "eps_growth_yearly": 139.93
        },
        "20172": {
            "year_quarter": 20172,
            "year": 2017,
            "quarter": 2,
            "eps": 1.17,
            "eps_growth_year": 31.46,
            "eps_4q": 4.21,
            "eps_4q_growth_year": 32.16,
            "roe": 7.26,
            "roe_4q": 26.57,
            "gross_profit": 1788821,
            "gross_margin": 20.27,
            "gross_margin_4q_avg": 20.04,
            "net_income": 635684,
            "revenue": 8825077,
            "common_shares": 5470089,
            "book_valuer_per_share": 15.14,
            "book_valuer_per_share_4q_avg": 15.9,
            "equity": 8251904,
            "current_ratio": 172.4,
            "debt_ratio": 53.66,
            "inventory_turnover_ratio": 1.39,
            "account_receivable_turnover_ratio": 2.03,
            "reinvestment_rate": -9.82,
            "research_to_sale_ratio": 4.71,
            "price_fair": 85.84,
            "eps_avg_yearly": 2.45,
            "eps_latest_yearly": 4.68,
            "eps_growth_yearly": 91.43
        },
        "20173": {
            "year_quarter": 20173,
            "year": 2017,
            "quarter": 3,
            "eps": 1.2,
            "eps_growth_year": 34.83,
            "eps_4q": 4.48,
            "eps_4q_growth_year": 34.2,
            "roe": 7.54,
            "roe_4q": 28.16,
            "gross_profit": 1707549,
            "gross_margin": 19.25,
            "gross_margin_4q_avg": 19.95,
            "net_income": 651305,
            "revenue": 8872130,
            "common_shares": 5528709,
            "book_valuer_per_share": 16.37,
            "book_valuer_per_share_4q_avg": 16.17,
            "equity": 9021296,
            "current_ratio": 188.52,
            "debt_ratio": 49.09,
            "inventory_turnover_ratio": 1.31,
            "account_receivable_turnover_ratio": 1.83,
            "reinvestment_rate": -7.83,
            "research_to_sale_ratio": 4.61,
            "price_fair": 94.06,
            "eps_avg_yearly": 2.69,
            "eps_latest_yearly": 4.8,
            "eps_growth_yearly": 99.97
        },
        "20174": {
            "year_quarter": 20174,
            "year": 2017,
            "quarter": 4,
            "eps": 1.13,
            "eps_growth_year": 15.24,
            "eps_4q": 4.63,
            "eps_4q_growth_year": 33.34,
            "roe": 6.64,
            "roe_4q": 28.61,
            "gross_profit": 1974918,
            "gross_margin": 19.39,
            "gross_margin_4q_avg": 19.74,
            "net_income": 619377,
            "revenue": 10187321,
            "common_shares": 5544949,
            "book_valuer_per_share": 17.46,
            "book_valuer_per_share_4q_avg": 16.48,
            "equity": 9648581,
            "current_ratio": 192.37,
            "debt_ratio": 48.53,
            "inventory_turnover_ratio": 1.4,
            "account_receivable_turnover_ratio": 1.8,
            "reinvestment_rate": -7.45,
            "research_to_sale_ratio": 4.67,
            "price_fair": 101.33,
            "eps_avg_yearly": 2.9,
            "eps_latest_yearly": 4.52,
            "eps_growth_yearly": 94.66
        },
        "20181": {
            "year_quarter": 20181,
            "year": 2018,
            "quarter": 1,
            "eps": 0.94,
            "eps_growth_year": -21.01,
            "eps_4q": 4.39,
            "eps_4q_growth_year": 11.81,
            "roe": 5.24,
            "roe_4q": 26.68,
            "gross_profit": 1603530,
            "gross_margin": 17.61,
            "gross_margin_4q_avg": 19.13,
            "net_income": 521843,
            "revenue": 9103656,
            "common_shares": 5562579,
            "book_valuer_per_share": 18.51,
            "book_valuer_per_share_4q_avg": 16.87,
            "equity": 10261756,
            "current_ratio": 190.52,
            "debt_ratio": 49.17,
            "inventory_turnover_ratio": 1.19,
            "account_receivable_turnover_ratio": 1.73,
            "reinvestment_rate": -7.96,
            "research_to_sale_ratio": 4.58,
            "price_fair": 106.4,
            "eps_avg_yearly": 3.04,
            "eps_latest_yearly": 3.76,
            "eps_growth_yearly": 85.46
        },
        "20182": {
            "year_quarter": 20182,
            "year": 2018,
            "quarter": 2,
            "eps": 1.44,
            "eps_growth_year": 23.08,
            "eps_4q": 4.68,
            "eps_4q_growth_year": 11.05,
            "roe": 8.37,
            "roe_4q": 27.79,
            "gross_profit": 1812995,
            "gross_margin": 18.69,
            "gross_margin_4q_avg": 18.74,
            "net_income": 796545,
            "revenue": 9699739,
            "common_shares": 5566634,
            "book_valuer_per_share": 15.8,
            "book_valuer_per_share_4q_avg": 17.04,
            "equity": 8766914,
            "current_ratio": 162.43,
            "debt_ratio": 57.73,
            "inventory_turnover_ratio": 1.12,
            "account_receivable_turnover_ratio": 1.84,
            "reinvestment_rate": -6.95,
            "research_to_sale_ratio": 4.58,
            "price_fair": 116.46,
            "eps_avg_yearly": 3.33,
            "eps_latest_yearly": 5.76,
            "eps_growth_yearly": 103.62
        },
        "20183": {
            "year_quarter": 20183,
            "year": 2018,
            "quarter": 3,
            "eps": 1.5,
            "eps_growth_year": 25,
            "eps_4q": 5,
            "eps_4q_growth_year": 11.49,
            "roe": 9.16,
            "roe_4q": 29.410000000000004,
            "gross_profit": 2237704,
            "gross_margin": 19.87,
            "gross_margin_4q_avg": 18.89,
            "net_income": 834546,
            "revenue": 11261910,
            "common_shares": 5574839,
            "book_valuer_per_share": 17,
            "book_valuer_per_share_4q_avg": 17.19,
            "equity": 9444713,
            "current_ratio": 172.18,
            "debt_ratio": 54.25,
            "inventory_turnover_ratio": 1.21,
            "account_receivable_turnover_ratio": 1.71,
            "reinvestment_rate": -5.38,
            "research_to_sale_ratio": 4.15,
            "price_fair": 128.54,
            "eps_avg_yearly": 3.67,
            "eps_latest_yearly": 6,
            "eps_growth_yearly": 119.31
        },
        "20184": {
            "year_quarter": 20184,
            "year": 2018,
            "quarter": 4,
            "eps": 1.44,
            "eps_growth_year": 27.84,
            "eps_4q": 5.32,
            "eps_4q_growth_year": 14.72,
            "roe": 8.1,
            "roe_4q": 30.869999999999997,
            "gross_profit": 2125868,
            "gross_margin": 16.32,
            "gross_margin_4q_avg": 18.12,
            "net_income": 799247,
            "revenue": 13026850,
            "common_shares": 5575899,
            "book_valuer_per_share": 18.5,
            "book_valuer_per_share_4q_avg": 17.45,
            "equity": 10278596,
            "current_ratio": 172.96,
            "debt_ratio": 54.07,
            "inventory_turnover_ratio": 1.41,
            "account_receivable_turnover_ratio": 1.74,
            "reinvestment_rate": -3.72,
            "research_to_sale_ratio": 3.75,
            "price_fair": 137.29,
            "eps_avg_yearly": 3.92,
            "eps_latest_yearly": 5.76,
            "eps_growth_yearly": 51.65
        },
        "20191": {
            "year_quarter": 20191,
            "year": 2019,
            "quarter": 1,
            "eps": 1.37,
            "eps_growth_year": 45.74,
            "eps_4q": 5.74,
            "eps_4q_growth_year": 30.76,
            "roe": 7.08,
            "roe_4q": 32.71,
            "gross_profit": 2009448,
            "gross_margin": 17.99,
            "gross_margin_4q_avg": 18.22,
            "net_income": 759048,
            "revenue": 11168556,
            "common_shares": 5576864,
            "book_valuer_per_share": 20.11,
            "book_valuer_per_share_4q_avg": 17.85,
            "equity": 11174591,
            "current_ratio": 181.83,
            "debt_ratio": 51.75,
            "inventory_turnover_ratio": 1.1,
            "account_receivable_turnover_ratio": 1.58,
            "reinvestment_rate": -2.38,
            "research_to_sale_ratio": 3.75,
            "price_fair": 147.44,
            "eps_avg_yearly": 4.21,
            "eps_latest_yearly": 5.48,
            "eps_growth_yearly": 63.5
        },
        "20192": {
            "year_quarter": 20192,
            "year": 2019,
            "quarter": 2,
            "eps": 2.48,
            "eps_growth_year": 72.22,
            "eps_4q": 6.79,
            "eps_4q_growth_year": 45.17,
            "roe": 12.88,
            "roe_4q": 37.22,
            "gross_profit": 2875254,
            "gross_margin": 20.9,
            "gross_margin_4q_avg": 18.77,
            "net_income": 1380841,
            "revenue": 13759045,
            "common_shares": 5578914,
            "book_valuer_per_share": 18.47,
            "book_valuer_per_share_4q_avg": 18.52,
            "equity": 10269143,
            "current_ratio": 154.96,
            "debt_ratio": 60.78,
            "inventory_turnover_ratio": 1.18,
            "account_receivable_turnover_ratio": 2.17,
            "reinvestment_rate": 0.09,
            "research_to_sale_ratio": 3.46,
            "price_fair": 165.46,
            "eps_avg_yearly": 4.73,
            "eps_latest_yearly": 9.92,
            "eps_growth_yearly": 58.75
        },
        "20193": {
            "year_quarter": 20193,
            "year": 2019,
            "quarter": 3,
            "eps": 3.12,
            "eps_growth_year": 108,
            "eps_4q": 8.41,
            "eps_4q_growth_year": 68.2,
            "roe": 15.66,
            "roe_4q": 43.72,
            "gross_profit": 3345764,
            "gross_margin": 20.35,
            "gross_margin_4q_avg": 18.89,
            "net_income": 1731317,
            "revenue": 16441163,
            "common_shares": 5579704,
            "book_valuer_per_share": 21.29,
            "book_valuer_per_share_4q_avg": 19.59,
            "equity": 11836786,
            "current_ratio": 176.99,
            "debt_ratio": 55.43,
            "inventory_turnover_ratio": 1.42,
            "account_receivable_turnover_ratio": 2.09,
            "reinvestment_rate": 1.27,
            "research_to_sale_ratio": 3.15,
            "price_fair": 186.55,
            "eps_avg_yearly": 5.33,
            "eps_latest_yearly": 12.48,
            "eps_growth_yearly": 47.94
        },
        "20194": {
            "year_quarter": 20194,
            "year": 2019,
            "quarter": 4,
            "eps": 1.94,
            "eps_growth_year": 34.8,
            "eps_4q": 8.91,
            "eps_4q_growth_year": 67.54,
            "roe": 8.75,
            "roe_4q": 44.37,
            "gross_profit": 2768296,
            "gross_margin": 19.73,
            "gross_margin_4q_avg": 19.74,
            "net_income": 1078366,
            "revenue": 14032283,
            "common_shares": 5580514,
            "book_valuer_per_share": 23.03,
            "book_valuer_per_share_4q_avg": 20.73,
            "equity": 12802977,
            "current_ratio": 177.51,
            "debt_ratio": 56.63,
            "inventory_turnover_ratio": 1.28,
            "account_receivable_turnover_ratio": 1.74,
            "reinvestment_rate": 2.35,
            "research_to_sale_ratio": 4.13,
            "price_fair": 196.18,
            "eps_avg_yearly": 5.61,
            "eps_latest_yearly": 7.76,
            "eps_growth_yearly": 33.91
        },
        "20201": {
            "year_quarter": 20201,
            "year": 2020,
            "quarter": 1,
            "eps": 1.86,
            "eps_growth_year": 35.77,
            "eps_4q": 9.39,
            "eps_4q_growth_year": 63.53,
            "roe": 7.77,
            "roe_4q": 45.06,
            "gross_profit": 2262585,
            "gross_margin": 19.3,
            "gross_margin_4q_avg": 20.07,
            "net_income": 1032374,
            "revenue": 11724252,
            "common_shares": 5585154,
            "book_valuer_per_share": 24.75,
            "book_valuer_per_share_4q_avg": 21.89,
            "equity": 13772750,
            "current_ratio": 189.12,
            "debt_ratio": 54.34,
            "inventory_turnover_ratio": 1.03,
            "account_receivable_turnover_ratio": 1.74,
            "reinvestment_rate": 2.62,
            "research_to_sale_ratio": 4.03,
            "price_fair": 205.98,
            "eps_avg_yearly": 5.89,
            "eps_latest_yearly": 7.44,
            "eps_growth_yearly": 35.86
        },
        "20202": {
            "year_quarter": 20202,
            "year": 2020,
            "quarter": 2,
            "eps": 2.07,
            "eps_growth_year": -16.53,
            "eps_4q": 8.97,
            "eps_4q_growth_year": 32.08,
            "roe": 9.16,
            "roe_4q": 41.34,
            "gross_profit": 2625089,
            "gross_margin": 20.79,
            "gross_margin_4q_avg": 20.04,
            "net_income": 1155156,
            "revenue": 12626178,
            "common_shares": 5593774,
            "book_valuer_per_share": 20.52,
            "book_valuer_per_share_4q_avg": 22.4,
            "equity": 11438459,
            "current_ratio": 159.66,
            "debt_ratio": 63.02,
            "inventory_turnover_ratio": 0.97,
            "account_receivable_turnover_ratio": 1.89,
            "reinvestment_rate": 2.97,
            "research_to_sale_ratio": 3.94,
            "price_fair": 216.3,
            "eps_avg_yearly": 6.18,
            "eps_latest_yearly": 8.28,
            "eps_growth_yearly": 33.61
        },
        "20203": {
            "year_quarter": 20203,
            "year": 2020,
            "quarter": 3,
            "eps": 2.69,
            "eps_growth_year": -13.78,
            "eps_4q": 8.55,
            "eps_4q_growth_year": 1.75,
            "roe": 12.27,
            "roe_4q": 37.95,
            "gross_profit": 3398199,
            "gross_margin": 23.6,
            "gross_margin_4q_avg": 20.86,
            "net_income": 1500165,
            "revenue": 14398664,
            "common_shares": 5594344,
            "book_valuer_per_share": 23.35,
            "book_valuer_per_share_4q_avg": 22.91,
            "equity": 13015379,
            "current_ratio": 188,
            "debt_ratio": 54.64,
            "inventory_turnover_ratio": 1.13,
            "account_receivable_turnover_ratio": 1.96,
            "reinvestment_rate": 3.44,
            "research_to_sale_ratio": 4.03,
            "price_fair": 232.05,
            "eps_avg_yearly": 6.63,
            "eps_latest_yearly": 10.76,
            "eps_growth_yearly": 41.1
        },
        "20204": {
            "year_quarter": 20204,
            "year": 2020,
            "quarter": 4,
            "eps": 2.44,
            "eps_growth_year": 25.88,
            "eps_4q": 9.06,
            "eps_4q_growth_year": 1.72,
            "roe": 9.9,
            "roe_4q": 39.1,
            "gross_profit": 3268189,
            "gross_margin": 20.8,
            "gross_margin_4q_avg": 21.12,
            "net_income": 1360945,
            "revenue": 15713778,
            "common_shares": 5594564,
            "book_valuer_per_share": 25.99,
            "book_valuer_per_share_4q_avg": 23.65,
            "equity": 14483073,
            "current_ratio": 191.76,
            "debt_ratio": 53.46,
            "inventory_turnover_ratio": 1.48,
            "account_receivable_turnover_ratio": 1.89,
            "reinvestment_rate": 3.19,
            "research_to_sale_ratio": 3.91,
            "price_fair": 244.83,
            "eps_avg_yearly": 7,
            "eps_latest_yearly": 9.76,
            "eps_growth_yearly": 36.25
        },
        "20211": {
            "year_quarter": 20211,
            "year": 2021,
            "quarter": 1,
            "eps": 2.02,
            "eps_growth_year": 8.6,
            "eps_4q": 9.22,
            "eps_4q_growth_year": -1.79,
            "roe": 7.47,
            "roe_4q": 38.8,
            "gross_profit": 2533059,
            "gross_margin": 19.19,
            "gross_margin_4q_avg": 21.1,
            "net_income": 1122935,
            "revenue": 13198379,
            "common_shares": 5594674,
            "book_valuer_per_share": 27.98,
            "book_valuer_per_share_4q_avg": 24.46,
            "equity": 15591422,
            "current_ratio": 189.24,
            "debt_ratio": 53.87,
            "inventory_turnover_ratio": 1.17,
            "account_receivable_turnover_ratio": 1.62,
            "reinvestment_rate": 3.12,
            "research_to_sale_ratio": 4.31,
            "price_fair": 252.09,
            "eps_avg_yearly": 7.2,
            "eps_latest_yearly": 8.08,
            "eps_growth_yearly": 26.59
        },
        "20212": {
            "year_quarter": 20212,
            "year": 2021,
            "quarter": 2,
            "eps": 1.72,
            "eps_growth_year": -16.91,
            "eps_4q": 8.87,
            "eps_4q_growth_year": -1.16,
            "roe": 6.74,
            "roe_4q": 36.379999999999995,
            "gross_profit": 2454500,
            "gross_margin": 17.47,
            "gross_margin_4q_avg": 20.27,
            "net_income": 959986,
            "revenue": 14052983,
            "common_shares": 5598384,
            "book_valuer_per_share": 23.13,
            "book_valuer_per_share_4q_avg": 25.11,
            "equity": 12896162,
            "current_ratio": 158.82,
            "debt_ratio": 63.34,
            "inventory_turnover_ratio": 1.05,
            "account_receivable_turnover_ratio": 1.81,
            "reinvestment_rate": 2.68,
            "research_to_sale_ratio": 4.45,
            "price_fair": 244.39,
            "eps_avg_yearly": 7.34,
            "eps_latest_yearly": 6.88,
            "eps_growth_yearly": 23.3
        },
        "20213": {
            "year_quarter": 20213,
            "year": 2021,
            "quarter": 3,
            "eps": 1.96,
            "eps_growth_year": -27.14,
            "eps_4q": 8.14,
            "eps_4q_growth_year": -4.82,
            "roe": 8.16,
            "roe_4q": 32.27,
            "gross_profit": 2849521,
            "gross_margin": 18.74,
            "gross_margin_4q_avg": 19.05,
            "net_income": 1095633,
            "revenue": 15204052,
            "common_shares": 5598474,
            "book_valuer_per_share": 25.06,
            "book_valuer_per_share_4q_avg": 25.54,
            "equity": 13971859,
            "current_ratio": 178.58,
            "debt_ratio": 56.71,
            "inventory_turnover_ratio": 1.01,
            "account_receivable_turnover_ratio": 1.8,
            "reinvestment_rate": 2.92,
            "research_to_sale_ratio": 4.58,
            "price_fair": 263.55,
            "eps_avg_yearly": 7.53,
            "eps_latest_yearly": 7.84,
            "eps_growth_yearly": 26.14
        },
        "20214": {
            "year_quarter": 20214,
            "year": 2021,
            "quarter": 4,
            "eps": 2.74,
            "eps_growth_year": 12.07,
            "eps_4q": 8.44,
            "eps_4q_growth_year": -6.88,
            "roe": 10.34,
            "roe_4q": 32.71,
            "gross_profit": 3507516,
            "gross_margin": 20.46,
            "gross_margin_4q_avg": 18.97,
            "net_income": 1526504,
            "revenue": 17143267,
            "common_shares": 5599204,
            "book_valuer_per_share": 27.89,
            "book_valuer_per_share_4q_avg": 26.02,
            "equity": 15552951,
            "current_ratio": 180.14,
            "debt_ratio": 55.59,
            "inventory_turnover_ratio": 1.06,
            "account_receivable_turnover_ratio": 1.79,
            "reinvestment_rate": 3.13,
            "research_to_sale_ratio": 4.54,
            "price_fair": 277.64,
            "eps_avg_yearly": 7.93,
            "eps_latest_yearly": 10.96,
            "eps_growth_yearly": 37.55
        },
        "20221": {
            "year_quarter": 20221,
            "year": 2022,
            "quarter": 1,
            "eps": 2.31,
            "eps_growth_year": 14.36,
            "eps_4q": 8.73,
            "eps_4q_growth_year": -5.35,
            "roe": 7.9,
            "roe_4q": 33.14,
            "gross_profit": 2980746,
            "gross_margin": 18.95,
            "gross_margin_4q_avg": 18.91,
            "net_income": 1287213,
            "revenue": 15729561,
            "common_shares": 5600484,
            "book_valuer_per_share": 30.5,
            "book_valuer_per_share_4q_avg": 26.65,
            "equity": 17015172,
            "current_ratio": 190.3,
            "debt_ratio": 53.23,
            "inventory_turnover_ratio": 0.92,
            "account_receivable_turnover_ratio": 1.53,
            "reinvestment_rate": 3.35,
            "research_to_sale_ratio": 4.06,
            "price_fair": 289.63,
            "eps_avg_yearly": 8.28,
            "eps_latest_yearly": 9.24,
            "eps_growth_yearly": 37.83
        },
        "20222": {
            "year_quarter": 20222,
            "year": 2022,
            "quarter": 2,
            "eps": 3.72,
            "eps_growth_year": 116.28,
            "eps_4q": 10.72,
            "eps_4q_growth_year": 20.96,
            "roe": 12.7,
            "roe_4q": 39.1,
            "gross_profit": 4074181,
            "gross_margin": 21.79,
            "gross_margin_4q_avg": 19.99,
            "net_income": 2072860,
            "revenue": 18696180,
            "common_shares": 5600484,
            "book_valuer_per_share": 28,
            "book_valuer_per_share_4q_avg": 27.86,
            "equity": 15618118,
            "current_ratio": 168.66,
            "debt_ratio": 59.05,
            "inventory_turnover_ratio": 1.02,
            "account_receivable_turnover_ratio": 1.68,
            "reinvestment_rate": 3.23,
            "research_to_sale_ratio": 3.68,
            "price_fair": 309.58,
            "eps_avg_yearly": 8.85,
            "eps_latest_yearly": 14.88,
            "eps_growth_yearly": 39.79
        },
        "20223": {
            "year_quarter": 20223,
            "year": 2022,
            "quarter": 3,
            "eps": 4.41,
            "eps_growth_year": 125,
            "eps_4q": 13.17,
            "eps_4q_growth_year": 61.8,
            "roe": 14.57,
            "roe_4q": 45.510000000000005,
            "gross_profit": 4533045,
            "gross_margin": 22.02,
            "gross_margin_4q_avg": 20.81,
            "net_income": 2461210,
            "revenue": 20581333,
            "common_shares": 5600584,
            "book_valuer_per_share": 32.55,
            "book_valuer_per_share_4q_avg": 29.74,
            "equity": 18156458,
            "current_ratio": 199.67,
            "debt_ratio": 57.04,
            "inventory_turnover_ratio": 1.21,
            "account_receivable_turnover_ratio": 1.76,
            "reinvestment_rate": 2.19,
            "research_to_sale_ratio": 3.9,
            "price_fair": 335.04,
            "eps_avg_yearly": 9.57,
            "eps_latest_yearly": 17.64,
            "eps_growth_yearly": 43.39
        },
        "20224": {
            "year_quarter": 20224,
            "year": 2022,
            "quarter": 4,
            "eps": 4.2,
            "eps_growth_year": 53.53,
            "eps_4q": 14.64,
            "eps_4q_growth_year": 73.49,
            "roe": 12.15,
            "roe_4q": 47.32,
            "gross_profit": 4930290,
            "gross_margin": 22.21,
            "gross_margin_4q_avg": 21.24,
            "net_income": 2344529,
            "revenue": 22198149,
            "common_shares": 5601399,
            "book_valuer_per_share": 36.61,
            "book_valuer_per_share_4q_avg": 31.92,
            "equity": 20428161,
            "current_ratio": 194.19,
            "debt_ratio": 55.65,
            "inventory_turnover_ratio": 1.37,
            "account_receivable_turnover_ratio": 1.81,
            "reinvestment_rate": 3.35,
            "research_to_sale_ratio": 3.79,
            "price_fair": 359.19,
            "eps_avg_yearly": 10.26,
            "eps_latest_yearly": 16.8,
            "eps_growth_yearly": 43.2
        },
        "20231": {
            "year_quarter": 20231,
            "year": 2023,
            "quarter": 1,
            "eps": 3.65,
            "eps_growth_year": 58.01,
            "eps_4q": 15.98,
            "eps_4q_growth_year": 83.06,
            "roe": 9.48,
            "roe_4q": 48.900000000000006,
            "gross_profit": 4311242,
            "gross_margin": 21.9,
            "gross_margin_4q_avg": 21.98,
            "net_income": 2037165,
            "revenue": 19685588,
            "common_shares": 5601589,
            "book_valuer_per_share": 40.39,
            "book_valuer_per_share_4q_avg": 34.39,
            "equity": 22534877,
            "current_ratio": 196.38,
            "debt_ratio": 51.01,
            "inventory_turnover_ratio": 1.2,
            "account_receivable_turnover_ratio": 1.58,
            "reinvestment_rate": 3.47,
            "research_to_sale_ratio": 4.24,
            "price_fair": 379.14,
            "eps_avg_yearly": 10.83,
            "eps_latest_yearly": 14.6,
            "eps_growth_yearly": 41.14
        }
    },
    "months": {
        "2001-06": {
            "month": "2001-06",
            "price": "41.33",
            "revenue": 1500836
        },
        "2001-07": {
            "month": "2001-07",
            "price": "41.64",
            "revenue": 1502450
        },
        "2001-08": {
            "month": "2001-08",
            "price": "45.90",
            "revenue": 1450706
        },
        "2001-09": {
            "month": "2001-09",
            "price": "39.76",
            "revenue": 1404617
        },
        "2001-10": {
            "month": "2001-10",
            "price": "43.96",
            "revenue": 1410393
        },
        "2001-11": {
            "month": "2001-11",
            "price": "51.29",
            "revenue": 1450926
        },
        "2001-12": {
            "month": "2001-12",
            "price": "77.26",
            "revenue": 1407079
        },
        "2002-01": {
            "month": "2002-01",
            "price": "93.91",
            "revenue": 1404236
        },
        "2002-02": {
            "month": "2002-02",
            "price": "96.75",
            "revenue": 1410164
        },
        "2002-03": {
            "month": "2002-03",
            "price": "100.05",
            "revenue": 1468723
        },
        "2002-04": {
            "month": "2002-04",
            "price": "86.38",
            "revenue": 1450569
        },
        "2002-05": {
            "month": "2002-05",
            "price": "76.27",
            "revenue": 1315885
        },
        "2002-06": {
            "month": "2002-06",
            "price": "68.25",
            "revenue": 1151603
        },
        "2002-07": {
            "month": "2002-07",
            "price": "53.10",
            "revenue": 1210294
        },
        "2002-08": {
            "month": "2002-08",
            "price": "52.04",
            "revenue": 1307091
        },
        "2002-09": {
            "month": "2002-09",
            "price": "54.40",
            "revenue": 1510895
        },
        "2002-10": {
            "month": "2002-10",
            "price": "47.28",
            "revenue": 1515915
        },
        "2002-11": {
            "month": "2002-11",
            "price": "43.00",
            "revenue": 1401126
        },
        "2002-12": {
            "month": "2002-12",
            "price": "38.80",
            "revenue": 1410915
        },
        "2003-01": {
            "month": "2003-01",
            "price": "38.82",
            "revenue": 1101867
        },
        "2003-02": {
            "month": "2003-02",
            "price": "32.01",
            "revenue": 1165562
        },
        "2003-03": {
            "month": "2003-03",
            "price": "29.68",
            "revenue": 1304455
        },
        "2003-04": {
            "month": "2003-04",
            "price": "29.42",
            "revenue": 1303476
        },
        "2003-05": {
            "month": "2003-05",
            "price": "24.73",
            "revenue": 1300298
        },
        "2003-06": {
            "month": "2003-06",
            "price": "28.69",
            "revenue": 1310007
        },
        "2003-07": {
            "month": "2003-07",
            "price": "29.97",
            "revenue": 1303043
        },
        "2003-08": {
            "month": "2003-08",
            "price": "27.59",
            "revenue": 1402293
        },
        "2003-09": {
            "month": "2003-09",
            "price": "25.57",
            "revenue": 1513662
        },
        "2003-10": {
            "month": "2003-10",
            "price": "24.94",
            "revenue": 1410212
        },
        "2003-11": {
            "month": "2003-11",
            "price": "22.61",
            "revenue": 1490524
        },
        "2003-12": {
            "month": "2003-12",
            "price": "25.33",
            "revenue": 1641391
        },
        "2004-01": {
            "month": "2004-01",
            "price": "28.61",
            "revenue": 1368449
        },
        "2004-02": {
            "month": "2004-02",
            "price": "29.12",
            "revenue": 1554164
        },
        "2004-03": {
            "month": "2004-03",
            "price": "28.00",
            "revenue": 1913631
        },
        "2004-04": {
            "month": "2004-04",
            "price": "28.40",
            "revenue": 1765264
        },
        "2004-05": {
            "month": "2004-05",
            "price": "20.66",
            "revenue": 1607172
        },
        "2004-06": {
            "month": "2004-06",
            "price": "19.54",
            "revenue": 1672875
        },
        "2004-07": {
            "month": "2004-07",
            "price": "16.18",
            "revenue": 1405548
        },
        "2004-08": {
            "month": "2004-08",
            "price": "14.87",
            "revenue": 1475120
        },
        "2004-09": {
            "month": "2004-09",
            "price": "15.96",
            "revenue": 1480554
        },
        "2004-10": {
            "month": "2004-10",
            "price": "14.90",
            "revenue": 1232828
        },
        "2004-11": {
            "month": "2004-11",
            "price": "12.95",
            "revenue": 1392765
        },
        "2004-12": {
            "month": "2004-12",
            "price": "14.17",
            "revenue": 1512327
        },
        "2005-01": {
            "month": "2005-01",
            "price": "15.09",
            "revenue": 1219646
        },
        "2005-02": {
            "month": "2005-02",
            "price": "14.69",
            "revenue": 1040233
        },
        "2005-03": {
            "month": "2005-03",
            "price": "15.08",
            "revenue": 1226520
        },
        "2005-04": {
            "month": "2005-04",
            "price": "15.41",
            "revenue": 1163050
        },
        "2005-05": {
            "month": "2005-05",
            "price": "15.71",
            "revenue": 1091915
        },
        "2005-06": {
            "month": "2005-06",
            "price": "17.52",
            "revenue": 961168
        },
        "2005-07": {
            "month": "2005-07",
            "price": "16.60",
            "revenue": 1079995
        },
        "2005-08": {
            "month": "2005-08",
            "price": "13.97",
            "revenue": 1098694
        },
        "2005-09": {
            "month": "2005-09",
            "price": "12.71",
            "revenue": 1217571
        },
        "2005-10": {
            "month": "2005-10",
            "price": "12.12",
            "revenue": 1168658
        },
        "2005-11": {
            "month": "2005-11",
            "price": "13.90",
            "revenue": 1258096
        },
        "2005-12": {
            "month": "2005-12",
            "price": "17.42",
            "revenue": 1444238
        },
        "2006-01": {
            "month": "2006-01",
            "price": "18.86",
            "revenue": 1127409
        },
        "2006-02": {
            "month": "2006-02",
            "price": "18.59",
            "revenue": 975919
        },
        "2006-03": {
            "month": "2006-03",
            "price": "17.48",
            "revenue": 1372631
        },
        "2006-04": {
            "month": "2006-04",
            "price": "19.43",
            "revenue": 1165867
        },
        "2006-05": {
            "month": "2006-05",
            "price": "20.66",
            "revenue": 1125590
        },
        "2006-06": {
            "month": "2006-06",
            "price": "16.52",
            "revenue": 1371488
        },
        "2006-07": {
            "month": "2006-07",
            "price": "15.94",
            "revenue": 1185420
        },
        "2006-08": {
            "month": "2006-08",
            "price": "17.26",
            "revenue": 1428990
        },
        "2006-09": {
            "month": "2006-09",
            "price": "16.36",
            "revenue": 1527709
        },
        "2006-10": {
            "month": "2006-10",
            "price": "17.30",
            "revenue": 1222464
        },
        "2006-11": {
            "month": "2006-11",
            "price": "19.53",
            "revenue": 1378990
        },
        "2006-12": {
            "month": "2006-12",
            "price": "20.31",
            "revenue": 1556484
        },
        "2007-01": {
            "month": "2007-01",
            "price": "22.35",
            "revenue": 1202925
        },
        "2007-02": {
            "month": "2007-02",
            "price": "21.64",
            "revenue": 918408
        },
        "2007-03": {
            "month": "2007-03",
            "price": "20.99",
            "revenue": 1126063
        },
        "2007-04": {
            "month": "2007-04",
            "price": "20.29",
            "revenue": 1191513
        },
        "2007-05": {
            "month": "2007-05",
            "price": "18.85",
            "revenue": 1140649
        },
        "2007-06": {
            "month": "2007-06",
            "price": "19.29",
            "revenue": 1219050
        },
        "2007-07": {
            "month": "2007-07",
            "price": "20.99",
            "revenue": 1112181
        },
        "2007-08": {
            "month": "2007-08",
            "price": "17.51",
            "revenue": 1130353
        },
        "2007-09": {
            "month": "2007-09",
            "price": "15.91",
            "revenue": 1105595
        },
        "2007-10": {
            "month": "2007-10",
            "price": "16.83",
            "revenue": 1039247
        },
        "2007-11": {
            "month": "2007-11",
            "price": "17.42",
            "revenue": 1092374
        },
        "2007-12": {
            "month": "2007-12",
            "price": "16.98",
            "revenue": 1461887
        },
        "2008-01": {
            "month": "2008-01",
            "price": "15.60",
            "revenue": 1304670
        },
        "2008-02": {
            "month": "2008-02",
            "price": "11.74",
            "revenue": 1107692
        },
        "2008-03": {
            "month": "2008-03",
            "price": "12.16",
            "revenue": 1129789
        },
        "2008-04": {
            "month": "2008-04",
            "price": "12.63",
            "revenue": 1322309
        },
        "2008-05": {
            "month": "2008-05",
            "price": "13.55",
            "revenue": 1358696
        },
        "2008-06": {
            "month": "2008-06",
            "price": "12.76",
            "revenue": 1382614
        },
        "2008-07": {
            "month": "2008-07",
            "price": "9.86",
            "revenue": 1306568
        },
        "2008-08": {
            "month": "2008-08",
            "price": "9.41",
            "revenue": 1234816
        },
        "2008-09": {
            "month": "2008-09",
            "price": "8.41",
            "revenue": 1342720
        },
        "2008-10": {
            "month": "2008-10",
            "price": "6.37",
            "revenue": 1151224
        },
        "2008-11": {
            "month": "2008-11",
            "price": "6.44",
            "revenue": 1202311
        },
        "2008-12": {
            "month": "2008-12",
            "price": "7.37",
            "revenue": 1305363
        },
        "2009-01": {
            "month": "2009-01",
            "price": "7.92",
            "revenue": 801282
        },
        "2009-02": {
            "month": "2009-02",
            "price": "7.61",
            "revenue": 986261
        },
        "2009-03": {
            "month": "2009-03",
            "price": "9.39",
            "revenue": 1164045
        },
        "2009-04": {
            "month": "2009-04",
            "price": "10.38",
            "revenue": 957686
        },
        "2009-05": {
            "month": "2009-05",
            "price": "10.74",
            "revenue": 1035102
        },
        "2009-06": {
            "month": "2009-06",
            "price": "10.89",
            "revenue": 1103103
        },
        "2009-07": {
            "month": "2009-07",
            "price": "10.92",
            "revenue": 1145003
        },
        "2009-08": {
            "month": "2009-08",
            "price": "10.60",
            "revenue": 1129892
        },
        "2009-09": {
            "month": "2009-09",
            "price": "10.99",
            "revenue": 1511410
        },
        "2009-10": {
            "month": "2009-10",
            "price": "12.38",
            "revenue": 1202240
        },
        "2009-11": {
            "month": "2009-11",
            "price": "12.52",
            "revenue": 1508885
        },
        "2009-12": {
            "month": "2009-12",
            "price": "13.61",
            "revenue": 1812159
        },
        "2010-01": {
            "month": "2010-01",
            "price": "14.78",
            "revenue": 1153794
        },
        "2010-02": {
            "month": "2010-02",
            "price": "13.37",
            "revenue": 1473077
        },
        "2010-03": {
            "month": "2010-03",
            "price": "14.40",
            "revenue": 1978350
        },
        "2010-04": {
            "month": "2010-04",
            "price": "15.06",
            "revenue": 1608494
        },
        "2010-05": {
            "month": "2010-05",
            "price": "15.75",
            "revenue": 1992658
        },
        "2010-06": {
            "month": "2010-06",
            "price": "15.96",
            "revenue": 1982362
        },
        "2010-07": {
            "month": "2010-07",
            "price": "15.67",
            "revenue": 1690114
        },
        "2010-08": {
            "month": "2010-08",
            "price": "16.54",
            "revenue": 1860502
        },
        "2010-09": {
            "month": "2010-09",
            "price": "18.78",
            "revenue": 2495360
        },
        "2010-10": {
            "month": "2010-10",
            "price": "22.31",
            "revenue": 1703293
        },
        "2010-11": {
            "month": "2010-11",
            "price": "20.89",
            "revenue": 2095175
        },
        "2010-12": {
            "month": "2010-12",
            "price": "21.69",
            "revenue": 2769113
        },
        "2011-01": {
            "month": "2011-01",
            "price": "20.94",
            "revenue": 1598680
        },
        "2011-02": {
            "month": "2011-02",
            "price": "19.38",
            "revenue": 1489720
        },
        "2011-03": {
            "month": "2011-03",
            "price": "18.51",
            "revenue": 2442556
        },
        "2011-04": {
            "month": "2011-04",
            "price": "19.00",
            "revenue": 1840966
        },
        "2011-05": {
            "month": "2011-05",
            "price": "18.93",
            "revenue": 1930409
        },
        "2011-06": {
            "month": "2011-06",
            "price": "18.84",
            "revenue": 2495098
        },
        "2011-07": {
            "month": "2011-07",
            "price": "18.21",
            "revenue": 2151437
        },
        "2011-08": {
            "month": "2011-08",
            "price": "13.69",
            "revenue": 2460281
        },
        "2011-09": {
            "month": "2011-09",
            "price": "13.50",
            "revenue": 2678354
        },
        "2011-10": {
            "month": "2011-10",
            "price": "14.12",
            "revenue": 1773862
        },
        "2011-11": {
            "month": "2011-11",
            "price": "14.92",
            "revenue": 2297321
        },
        "2011-12": {
            "month": "2011-12",
            "price": "13.71",
            "revenue": 2862523
        },
        "2012-01": {
            "month": "2012-01",
            "price": "14.46",
            "revenue": 1685142
        },
        "2012-02": {
            "month": "2012-02",
            "price": "17.34",
            "revenue": 2284002
        },
        "2012-03": {
            "month": "2012-03",
            "price": "18.27",
            "revenue": 2481920
        },
        "2012-04": {
            "month": "2012-04",
            "price": "17.60",
            "revenue": 1766714
        },
        "2012-05": {
            "month": "2012-05",
            "price": "17.27",
            "revenue": 2407792
        },
        "2012-06": {
            "month": "2012-06",
            "price": "16.51",
            "revenue": 2608870
        },
        "2012-07": {
            "month": "2012-07",
            "price": "16.78",
            "revenue": 2109310
        },
        "2012-08": {
            "month": "2012-08",
            "price": "15.91",
            "revenue": 2442664
        },
        "2012-09": {
            "month": "2012-09",
            "price": "15.84",
            "revenue": 2581409
        },
        "2012-10": {
            "month": "2012-10",
            "price": "14.94",
            "revenue": 1628777
        },
        "2012-11": {
            "month": "2012-11",
            "price": "14.52",
            "revenue": 2357342
        },
        "2012-12": {
            "month": "2012-12",
            "price": "15.55",
            "revenue": 2674268
        },
        "2013-01": {
            "month": "2013-01",
            "price": "16.17",
            "revenue": 1347054
        },
        "2013-02": {
            "month": "2013-02",
            "price": "15.94",
            "revenue": 1513814
        },
        "2013-03": {
            "month": "2013-03",
            "price": "16.21",
            "revenue": 1983960
        },
        "2013-04": {
            "month": "2013-04",
            "price": "17.50",
            "revenue": 1553562
        },
        "2013-05": {
            "month": "2013-05",
            "price": "17.75",
            "revenue": 2198152
        },
        "2013-06": {
            "month": "2013-06",
            "price": "18.22",
            "revenue": 2382570
        },
        "2013-07": {
            "month": "2013-07",
            "price": "18.32",
            "revenue": 1613905
        },
        "2013-08": {
            "month": "2013-08",
            "price": "16.60",
            "revenue": 2045515
        },
        "2013-09": {
            "month": "2013-09",
            "price": "16.24",
            "revenue": 1983859
        },
        "2013-10": {
            "month": "2013-10",
            "price": "16.02",
            "revenue": 1600005
        },
        "2013-11": {
            "month": "2013-11",
            "price": "15.48",
            "revenue": 2005951
        },
        "2013-12": {
            "month": "2013-12",
            "price": "15.37",
            "revenue": 2413018
        },
        "2014-01": {
            "month": "2014-01",
            "price": "16.50",
            "revenue": 1561553
        },
        "2014-02": {
            "month": "2014-02",
            "price": "16.89",
            "revenue": 1487538
        },
        "2014-03": {
            "month": "2014-03",
            "price": "17.15",
            "revenue": 2202408
        },
        "2014-04": {
            "month": "2014-04",
            "price": "18.57",
            "revenue": 1672130
        },
        "2014-05": {
            "month": "2014-05",
            "price": "18.14",
            "revenue": 2205116
        },
        "2014-06": {
            "month": "2014-06",
            "price": "19.20",
            "revenue": 2076173
        },
        "2014-07": {
            "month": "2014-07",
            "price": "18.52",
            "revenue": 1587614
        },
        "2014-08": {
            "month": "2014-08",
            "price": "17.76",
            "revenue": 1838382
        },
        "2014-09": {
            "month": "2014-09",
            "price": "17.80",
            "revenue": 1920949
        },
        "2014-10": {
            "month": "2014-10",
            "price": "15.93",
            "revenue": 1716172
        },
        "2014-11": {
            "month": "2014-11",
            "price": "14.80",
            "revenue": 2088859
        },
        "2014-12": {
            "month": "2014-12",
            "price": "15.02",
            "revenue": 2491005
        },
        "2015-01": {
            "month": "2015-01",
            "price": "15.86",
            "revenue": 1373193
        },
        "2015-02": {
            "month": "2015-02",
            "price": "15.82",
            "revenue": 1461935
        },
        "2015-03": {
            "month": "2015-03",
            "price": "16.18",
            "revenue": 2111303
        },
        "2015-04": {
            "month": "2015-04",
            "price": "16.10",
            "revenue": 1810387
        },
        "2015-05": {
            "month": "2015-05",
            "price": "15.48",
            "revenue": 2016272
        },
        "2015-06": {
            "month": "2015-06",
            "price": "14.71",
            "revenue": 2304536
        },
        "2015-07": {
            "month": "2015-07",
            "price": "13.62",
            "revenue": 2098866
        },
        "2015-08": {
            "month": "2015-08",
            "price": "13.29",
            "revenue": 2171468
        },
        "2015-09": {
            "month": "2015-09",
            "price": "14.33",
            "revenue": 2272450
        },
        "2015-10": {
            "month": "2015-10",
            "price": "17.56",
            "revenue": 1819746
        },
        "2015-11": {
            "month": "2015-11",
            "price": "24.50",
            "revenue": 2537049
        },
        "2015-12": {
            "month": "2015-12",
            "price": "30.00",
            "revenue": 2761555
        },
        "2016-01": {
            "month": "2016-01",
            "price": "33.43",
            "revenue": 1940796
        },
        "2016-02": {
            "month": "2016-02",
            "price": "32.57",
            "revenue": 1997415
        },
        "2016-03": {
            "month": "2016-03",
            "price": "35.14",
            "revenue": 1985458
        },
        "2016-04": {
            "month": "2016-04",
            "price": "32.01",
            "revenue": 1906512
        },
        "2016-05": {
            "month": "2016-05",
            "price": "37.10",
            "revenue": 2543604
        },
        "2016-06": {
            "month": "2016-06",
            "price": "44.69",
            "revenue": 2970360
        },
        "2016-07": {
            "month": "2016-07",
            "price": "50.36",
            "revenue": 2439183
        },
        "2016-08": {
            "month": "2016-08",
            "price": "50.38",
            "revenue": 2496336
        },
        "2016-09": {
            "month": "2016-09",
            "price": "48.96",
            "revenue": 2655794
        },
        "2016-10": {
            "month": "2016-10",
            "price": "47.30",
            "revenue": 2147886
        },
        "2016-11": {
            "month": "2016-11",
            "price": "45.32",
            "revenue": 2862372
        },
        "2016-12": {
            "month": "2016-12",
            "price": "47.62",
            "revenue": 3418410
        },
        "2017-01": {
            "month": "2017-01",
            "price": "55.22",
            "revenue": 2451561
        },
        "2017-02": {
            "month": "2017-02",
            "price": "57.27",
            "revenue": 2446877
        },
        "2017-03": {
            "month": "2017-03",
            "price": "62.21",
            "revenue": 3663791
        },
        "2017-04": {
            "month": "2017-04",
            "price": "68.44",
            "revenue": 2835194
        },
        "2017-05": {
            "month": "2017-05",
            "price": "65.44",
            "revenue": 2967587
        },
        "2017-06": {
            "month": "2017-06",
            "price": "75.27",
            "revenue": 3022296
        },
        "2017-07": {
            "month": "2017-07",
            "price": "79.29",
            "revenue": 2596986
        },
        "2017-08": {
            "month": "2017-08",
            "price": "78.37",
            "revenue": 3099913
        },
        "2017-09": {
            "month": "2017-09",
            "price": "92.14",
            "revenue": 3175231
        },
        "2017-10": {
            "month": "2017-10",
            "price": "97.71",
            "revenue": 2885329
        },
        "2017-11": {
            "month": "2017-11",
            "price": "101.76",
            "revenue": 3338738
        },
        "2017-12": {
            "month": "2017-12",
            "price": "101.06",
            "revenue": 3963269
        },
        "2018-01": {
            "month": "2018-01",
            "price": "113.18",
            "revenue": 3015299
        },
        "2018-02": {
            "month": "2018-02",
            "price": "109.04",
            "revenue": 3122595
        },
        "2018-03": {
            "month": "2018-03",
            "price": "107.97",
            "revenue": 2965762
        },
        "2018-04": {
            "month": "2018-04",
            "price": "80.54",
            "revenue": 2499746
        },
        "2018-05": {
            "month": "2018-05",
            "price": "77.89",
            "revenue": 3598956
        },
        "2018-06": {
            "month": "2018-06",
            "price": "87.69",
            "revenue": 3601037
        },
        "2018-07": {
            "month": "2018-07",
            "price": "98.25",
            "revenue": 3114139
        },
        "2018-08": {
            "month": "2018-08",
            "price": "102.41",
            "revenue": 4319354
        },
        "2018-09": {
            "month": "2018-09",
            "price": "96.55",
            "revenue": 3828417
        },
        "2018-10": {
            "month": "2018-10",
            "price": "85.23",
            "revenue": 4079617
        },
        "2018-11": {
            "month": "2018-11",
            "price": "93.21",
            "revenue": 4006967
        },
        "2018-12": {
            "month": "2018-12",
            "price": "97.20",
            "revenue": 4940266
        },
        "2019-01": {
            "month": "2019-01",
            "price": "104.42",
            "revenue": 3876136
        },
        "2019-02": {
            "month": "2019-02",
            "price": "104.92",
            "revenue": 2883249
        },
        "2019-03": {
            "month": "2019-03",
            "price": "113.88",
            "revenue": 4360282
        },
        "2019-04": {
            "month": "2019-04",
            "price": "131.32",
            "revenue": 4533144
        },
        "2019-05": {
            "month": "2019-05",
            "price": "124.98",
            "revenue": 4831286
        },
        "2019-06": {
            "month": "2019-06",
            "price": "123.66",
            "revenue": 4394615
        },
        "2019-07": {
            "month": "2019-07",
            "price": "132.13",
            "revenue": 4565787
        },
        "2019-08": {
            "month": "2019-08",
            "price": "151.21",
            "revenue": 5918287
        },
        "2019-09": {
            "month": "2019-09",
            "price": "166.68",
            "revenue": 5957461
        },
        "2019-10": {
            "month": "2019-10",
            "price": "183.10",
            "revenue": 4641922
        },
        "2019-11": {
            "month": "2019-11",
            "price": "171.21",
            "revenue": 4263495
        },
        "2019-12": {
            "month": "2019-12",
            "price": "163.39",
            "revenue": 5126867
        },
        "2020-01": {
            "month": "2020-01",
            "price": "167.97",
            "revenue": 3674679
        },
        "2020-02": {
            "month": "2020-02",
            "price": "177.08",
            "revenue": 3397996
        },
        "2020-03": {
            "month": "2020-03",
            "price": "161.95",
            "revenue": 4651577
        },
        "2020-04": {
            "month": "2020-04",
            "price": "189.02",
            "revenue": 4071989
        },
        "2020-05": {
            "month": "2020-05",
            "price": "216.90",
            "revenue": 3763609
        },
        "2020-06": {
            "month": "2020-06",
            "price": "224.50",
            "revenue": 4790580
        },
        "2020-07": {
            "month": "2020-07",
            "price": "243.63",
            "revenue": 4124487
        },
        "2020-08": {
            "month": "2020-08",
            "price": "231.38",
            "revenue": 4882302
        },
        "2020-09": {
            "month": "2020-09",
            "price": "221.00",
            "revenue": 5391875
        },
        "2020-10": {
            "month": "2020-10",
            "price": "216.26",
            "revenue": 4379859
        },
        "2020-11": {
            "month": "2020-11",
            "price": "228.40",
            "revenue": 4991408
        },
        "2020-12": {
            "month": "2020-12",
            "price": "279.87",
            "revenue": 6336478
        },
        "2021-01": {
            "month": "2021-01",
            "price": "287.35",
            "revenue": 4375535
        },
        "2021-02": {
            "month": "2021-02",
            "price": "273.96",
            "revenue": 3632444
        },
        "2021-03": {
            "month": "2021-03",
            "price": "264.98",
            "revenue": 5190400
        },
        "2021-04": {
            "month": "2021-04",
            "price": "280.71",
            "revenue": 4624529
        },
        "2021-05": {
            "month": "2021-05",
            "price": "290.48",
            "revenue": 4911263
        },
        "2021-06": {
            "month": "2021-06",
            "price": "303.52",
            "revenue": 4517191
        },
        "2021-07": {
            "month": "2021-07",
            "price": "336.32",
            "revenue": 4527357
        },
        "2021-08": {
            "month": "2021-08",
            "price": "303.61",
            "revenue": 5522227
        },
        "2021-09": {
            "month": "2021-09",
            "price": "273.70",
            "revenue": 5154468
        },
        "2021-10": {
            "month": "2021-10",
            "price": "245.12",
            "revenue": 5069551
        },
        "2021-11": {
            "month": "2021-11",
            "price": "285.55",
            "revenue": 5354563
        },
        "2021-12": {
            "month": "2021-12",
            "price": "276.95",
            "revenue": 6719153
        },
        "2022-01": {
            "month": "2022-01",
            "price": "264.86",
            "revenue": 5258916
        },
        "2022-02": {
            "month": "2022-02",
            "price": "264.87",
            "revenue": 3720925
        },
        "2022-03": {
            "month": "2022-03",
            "price": "228.33",
            "revenue": 6749720
        },
        "2022-04": {
            "month": "2022-04",
            "price": "223.13",
            "revenue": 5625973
        },
        "2022-05": {
            "month": "2022-05",
            "price": "222.02",
            "revenue": 6156162
        },
        "2022-06": {
            "month": "2022-06",
            "price": "236.38",
            "revenue": 6914045
        },
        "2022-07": {
            "month": "2022-07",
            "price": "236.60",
            "revenue": 6840989
        },
        "2022-08": {
            "month": "2022-08",
            "price": "274.11",
            "revenue": 6391814
        },
        "2022-09": {
            "month": "2022-09",
            "price": "275.76",
            "revenue": 7348530
        },
        "2022-10": {
            "month": "2022-10",
            "price": "250.78",
            "revenue": 6610791
        },
        "2022-11": {
            "month": "2022-11",
            "price": "256.95",
            "revenue": 6817141
        },
        "2022-12": {
            "month": "2022-12",
            "price": "249.55",
            "revenue": 8770217
        },
        "2023-01": {
            "month": "2023-01",
            "price": "248.92",
            "revenue": 6269502
        },
        "2023-02": {
            "month": "2023-02",
            "price": "272.00",
            "revenue": 6111789
        },
        "2023-03": {
            "month": "2023-03",
            "price": "301.67",
            "revenue": 7304297
        },
        "2023-04": {
            "month": "2023-04",
            "price": "304.88",
            "revenue": 6322473
        }
    }
}
