{
    "summary": {
        "stock_name": "聯強",
        "stock_id": "2347",
        "category": "電子通路",
        "main_business": "電子零組件,資訊產品及通訊產品代理銷售<br>個人電腦,電腦週邊設備及通訊產品維修,技術服務<br>3C distributor and service provider",
        "website_url": "http://www.synnex-grp.com/",
        "ceo": "杜書伍",
        "pe_ratio": 7,
        "report_year_from": 2001,
        "report_year_to": 2023,
        "age": 22,
        "eps_negative_percentage": 0,
        "eps_growth_avg": {
            "last_all": 9.59,
            "last_2y": 37.05,
            "last_4y": 24.42,
            "last_8y": 16.93,
            "last_12y": 11.32,
            "last_16y": 10.14,
            "last_20y": 9.59,
            "at_2006_last_3y": -8.89,
            "at_2007_last_3y": 2.85,
            "at_2008_last_3y": -0.03,
            "at_2009_last_3y": 6.33,
            "at_2010_last_3y": 10.61,
            "at_2011_last_3y": 8.7,
            "at_2012_last_3y": 8.76,
            "at_2013_last_3y": -1.31,
            "at_2014_last_3y": -2.79,
            "at_2015_last_3y": -17.97,
            "at_2016_last_3y": -0.62,
            "at_2017_last_3y": 7.57,
            "at_2018_last_3y": 10.75,
            "at_2019_last_3y": 20.61,
            "at_2020_last_3y": 13.38,
            "at_2021_last_3y": 32.7,
            "at_2022_last_3y": 28.55,
            "at_2023_last_3y": 28.55,
            "at_2006_last_all": 2.6,
            "at_2007_last_all": 7.49,
            "at_2008_last_all": 3.44,
            "at_2009_last_all": 6.79,
            "at_2010_last_all": 6.16,
            "at_2011_last_all": 7.98,
            "at_2012_last_all": 5.37,
            "at_2013_last_all": 4.09,
            "at_2014_last_all": 3.41,
            "at_2015_last_all": 0.56,
            "at_2016_last_all": 3.78,
            "at_2017_last_all": 4.96,
            "at_2018_last_all": 5.13,
            "at_2019_last_all": 5.02,
            "at_2020_last_all": 5.8,
            "at_2021_last_all": 10.51,
            "at_2022_last_all": 9.59,
            "at_2023_last_all": 9.59
        },
        "latest_eps": 8.95,
        "latest_price": 59.2,
        "latest_roe": 23.25,
        "latest_gross_margin": 4.83,
        "latest_equity": 69946582,
        "latest_revenue": 88599839,
        "latest_gross_profit": 4276718,
        "latest_net_income": 1836087,
        "latest_debt_ratio": 66.02,
        "latest_current_ratio": 150.98,
        "latest_account_receivable_turnover_ratio": 1.18,
        "latest_inventory_turnover_ratio": 1.64,
        "latest_reinvestment_rate": -5.84,
        "latest_research_to_sale_ratio": null
    },
    "eps_dividends": {
        "1993": {
            "cash": 1,
            "stock": 0,
            "eps": 0
        },
        "1994": {
            "cash": 0.2,
            "stock": 0.8,
            "eps": 0
        },
        "1995": {
            "cash": 0,
            "stock": 1.5,
            "eps": 0
        },
        "1999": {
            "cash": 1,
            "stock": 3,
            "eps": 0
        },
        "2000": {
            "cash": 1,
            "stock": 3,
            "eps": 0
        },
        "2001": {
            "cash": 0.5,
            "stock": 2.5,
            "eps": 2.7
        },
        "2002": {
            "cash": 1,
            "stock": 1,
            "eps": 4.01
        },
        "2003": {
            "cash": 1.5,
            "stock": 1,
            "eps": 3.41
        },
        "2004": {
            "cash": 2,
            "stock": 1,
            "eps": 3.09
        },
        "2005": {
            "cash": 1,
            "stock": 1,
            "eps": 3.24
        },
        "2006": {
            "cash": 1.5,
            "stock": 1,
            "eps": 2.72
        },
        "2007": {
            "cash": 1.75,
            "stock": 0.5,
            "eps": 3.59
        },
        "2008": {
            "cash": 2,
            "stock": 1,
            "eps": 2.84
        },
        "2009": {
            "cash": 1.3,
            "stock": 1,
            "eps": 3.7
        },
        "2010": {
            "cash": 2.4,
            "stock": 0.99,
            "eps": 3.74
        },
        "2011": {
            "cash": 6.25,
            "stock": 0,
            "eps": 4.65
        },
        "2012": {
            "cash": 0,
            "stock": 0,
            "eps": 3.69
        },
        "2013": {
            "cash": 2,
            "stock": 0,
            "eps": 3.32
        },
        "2014": {
            "cash": 2.8,
            "stock": 0,
            "eps": 3.16
        },
        "2015": {
            "cash": 3.3,
            "stock": 0,
            "eps": 2.01
        },
        "2016": {
            "cash": 1.5,
            "stock": 0.5,
            "eps": 2.99
        },
        "2017": {
            "cash": 1,
            "stock": 0,
            "eps": 3.67
        },
        "2018": {
            "cash": 2.2,
            "stock": 0,
            "eps": 3.96
        },
        "2019": {
            "cash": 2,
            "stock": 0,
            "eps": 4.08
        },
        "2020": {
            "cash": 2.6,
            "stock": 0,
            "eps": 4.89
        },
        "2021": {
            "cash": 3.3,
            "stock": 0,
            "eps": 10.35
        },
        "2022": {
            "cash": 5,
            "stock": 0,
            "eps": 9.45
        },
        "2023": {
            "cash": 3.5,
            "stock": 0,
            "eps": 1.04
        }
    },
    "dividends": {
        "1993-03-18": {
            "cash": 1,
            "stock": 0
        },
        "1994-05-11": {
            "cash": 0.2,
            "stock": 0.8
        },
        "1995-05-20": {
            "cash": 0,
            "stock": 1.5
        },
        "1999-05-07": {
            "cash": 1,
            "stock": 3
        },
        "2000-05-02": {
            "cash": 1,
            "stock": 3
        },
        "2001-05-11": {
            "cash": 0.5,
            "stock": 2.5
        },
        "2002-05-21": {
            "cash": 1,
            "stock": 1
        },
        "2003-04-15": {
            "cash": 1.5,
            "stock": 1
        },
        "2004-03-01": {
            "cash": 2,
            "stock": 1
        },
        "2005-04-14": {
            "cash": 1,
            "stock": 1
        },
        "2006-04-25": {
            "cash": 1.5,
            "stock": 1
        },
        "2007-04-27": {
            "cash": 1.75,
            "stock": 0.5
        },
        "2008-04-24": {
            "cash": 2,
            "stock": 1
        },
        "2009-04-24": {
            "cash": 1.3,
            "stock": 1
        },
        "2010-04-28": {
            "cash": 2.4,
            "stock": 0.99
        },
        "2011-01-01": {
            "cash": 4,
            "stock": 0
        },
        "2011-04-21": {
            "cash": 2.25,
            "stock": 0
        },
        "2013-04-23": {
            "cash": 2,
            "stock": 0
        },
        "2014-06-11": {
            "cash": 2.8,
            "stock": 0
        },
        "2015-08-26": {
            "cash": 3.3,
            "stock": 0
        },
        "2016-09-30": {
            "cash": 1.5,
            "stock": 0.5
        },
        "2017-09-22": {
            "cash": 1,
            "stock": 0
        },
        "2018-09-19": {
            "cash": 2.2,
            "stock": 0
        },
        "2019-09-20": {
            "cash": 2,
            "stock": 0
        },
        "2020-07-15": {
            "cash": 2.6,
            "stock": 0
        },
        "2021-07-06": {
            "cash": 3.3,
            "stock": 0
        },
        "2022-07-06": {
            "cash": 5,
            "stock": 0
        },
        "2023-07-06": {
            "cash": 3.5,
            "stock": 0
        }
    },
    "prices": {
        "200101": "60.66",
        "200102": "80.18",
        "200103": "70.55",
        "200104": "67.72",
        "200105": "61.86",
        "200106": "59.68",
        "200107": "42.05",
        "200108": "46.12",
        "200109": "36.68",
        "200110": "30.56",
        "200111": "35.53",
        "200112": "43.00",
        "200201": "48.63",
        "200202": "47.16",
        "200203": "50.12",
        "200204": "50.05",
        "200205": "47.44",
        "200206": "44.62",
        "200207": "40.27",
        "200208": "44.31",
        "200209": "47.12",
        "200210": "48.18",
        "200211": "54.64",
        "200212": "54.70",
        "200301": "54.18",
        "200302": "50.03",
        "200303": "48.58",
        "200304": "47.82",
        "200305": "43.90",
        "200306": "48.98",
        "200307": "53.13",
        "200308": "51.83",
        "200309": "51.07",
        "200310": "49.80",
        "200311": "48.28",
        "200312": "47.26",
        "200401": "48.27",
        "200402": "54.85",
        "200403": "60.43",
        "200404": "60.16",
        "200405": "52.12",
        "200406": "51.97",
        "200407": "50.72",
        "200408": "50.52",
        "200409": "49.04",
        "200410": "48.11",
        "200411": "47.50",
        "200412": "47.10",
        "200501": "45.21",
        "200502": "46.91",
        "200503": "47.29",
        "200504": "48.16",
        "200505": "46.21",
        "200506": "46.94",
        "200507": "47.30",
        "200508": "41.85",
        "200509": "39.92",
        "200510": "41.16",
        "200511": "39.50",
        "200512": "40.48",
        "200601": "41.39",
        "200602": "41.11",
        "200603": "37.92",
        "200604": "37.91",
        "200605": "37.12",
        "200606": "33.12",
        "200607": "32.19",
        "200608": "29.93",
        "200609": "29.52",
        "200610": "30.26",
        "200611": "32.32",
        "200612": "40.69",
        "200701": "40.64",
        "200702": "39.20",
        "200703": "38.46",
        "200704": "43.89",
        "200705": "42.62",
        "200706": "46.00",
        "200707": "58.48",
        "200708": "74.74",
        "200709": "88.57",
        "200710": "97.41",
        "200711": "87.57",
        "200712": "76.06",
        "200801": "74.48",
        "200802": "70.31",
        "200803": "80.49",
        "200804": "86.76",
        "200805": "83.72",
        "200806": "73.39",
        "200807": "69.22",
        "200808": "66.17",
        "200809": "52.90",
        "200810": "44.10",
        "200811": "34.03",
        "200812": "34.14",
        "200901": "35.18",
        "200902": "38.59",
        "200903": "44.02",
        "200904": "46.59",
        "200905": "51.66",
        "200906": "51.25",
        "200907": "59.96",
        "200908": "60.24",
        "200909": "64.99",
        "200910": "67.34",
        "200911": "65.29",
        "200912": "67.60",
        "201001": "68.03",
        "201002": "66.18",
        "201003": "68.94",
        "201004": "73.20",
        "201005": "70.59",
        "201006": "70.28",
        "201007": "72.77",
        "201008": "71.30",
        "201009": "69.67",
        "201010": "73.09",
        "201011": "75.05",
        "201012": "78.77",
        "201101": "77.46",
        "201102": "71.20",
        "201103": "68.60",
        "201104": "72.19",
        "201105": "68.90",
        "201106": "67.07",
        "201107": "71.23",
        "201108": "72.26",
        "201109": "70.48",
        "201110": "71.30",
        "201111": "71.28",
        "201112": "71.52",
        "201201": "74.48",
        "201202": "72.79",
        "201203": "73.61",
        "201204": "70.97",
        "201205": "68.79",
        "201206": "70.20",
        "201207": "69.06",
        "201208": "66.59",
        "201209": "66.71",
        "201210": "64.61",
        "201211": "55.69",
        "201212": "54.46",
        "201301": "57.93",
        "201302": "61.03",
        "201303": "57.37",
        "201304": "50.82",
        "201305": "46.15",
        "201306": "41.84",
        "201307": "39.19",
        "201308": "43.40",
        "201309": "47.78",
        "201310": "46.96",
        "201311": "44.14",
        "201312": "44.15",
        "201401": "50.91",
        "201402": "51.35",
        "201403": "49.74",
        "201404": "47.19",
        "201405": "47.85",
        "201406": "49.49",
        "201407": "48.45",
        "201408": "45.17",
        "201409": "44.21",
        "201410": "41.97",
        "201411": "43.76",
        "201412": "45.26",
        "201501": "45.78",
        "201502": "45.41",
        "201503": "44.22",
        "201504": "42.08",
        "201505": "43.49",
        "201506": "45.30",
        "201507": "43.01",
        "201508": "35.35",
        "201509": "34.54",
        "201510": "34.37",
        "201511": "33.07",
        "201512": "31.56",
        "201601": "30.45",
        "201602": "31.95",
        "201603": "33.79",
        "201604": "32.84",
        "201605": "31.34",
        "201606": "33.55",
        "201607": "36.90",
        "201608": "37.02",
        "201609": "34.47",
        "201610": "34.19",
        "201611": "32.83",
        "201612": "32.51",
        "201701": "32.44",
        "201702": "33.34",
        "201703": "33.11",
        "201704": "32.69",
        "201705": "33.47",
        "201706": "34.43",
        "201707": "34.16",
        "201708": "33.95",
        "201709": "35.65",
        "201710": "37.99",
        "201711": "38.59",
        "201712": "40.23",
        "201801": "41.71",
        "201802": "38.83",
        "201803": "40.96",
        "201804": "44.01",
        "201805": "45.64",
        "201806": "46.78",
        "201807": "43.31",
        "201808": "42.39",
        "201809": "39.11",
        "201810": "34.91",
        "201811": "34.09",
        "201812": "36.05",
        "201901": "36.97",
        "201902": "37.43",
        "201903": "36.96",
        "201904": "37.92",
        "201905": "37.64",
        "201906": "38.38",
        "201907": "38.88",
        "201908": "37.42",
        "201909": "36.67",
        "201910": "36.39",
        "201911": "37.05",
        "201912": "37.39",
        "202001": "37.66",
        "202002": "37.78",
        "202003": "35.75",
        "202004": "38.02",
        "202005": "42.10",
        "202006": "43.74",
        "202007": "42.98",
        "202008": "44.30",
        "202009": "42.20",
        "202010": "41.68",
        "202011": "43.25",
        "202012": "45.56",
        "202101": "46.97",
        "202102": "47.68",
        "202103": "52.25",
        "202104": "55.57",
        "202105": "57.16",
        "202106": "53.96",
        "202107": "52.19",
        "202108": "52.79",
        "202109": "52.76",
        "202110": "52.18",
        "202111": "57.33",
        "202112": "63.98",
        "202201": "67.46",
        "202202": "70.45",
        "202203": "73.41",
        "202204": "76.91",
        "202205": "73.30",
        "202206": "59.39",
        "202207": "53.33",
        "202208": "55.61",
        "202209": "55.05",
        "202210": "53.64",
        "202211": "55.72",
        "202212": "60.23",
        "202301": "59.61",
        "202302": "62.87",
        "202303": "61.99",
        "202304": "61.36",
        "202305": "63.64",
        "202306": "60.55"
    },
    "quarters": {
        "20011": {
            "year_quarter": 20011,
            "year": 2001,
            "quarter": 1,
            "eps": 1.19,
            "eps_growth_year": -32,
            "eps_4q": 3.13,
            "eps_4q_growth_year": -44.74,
            "roe": 3.89,
            "roe_4q": 3.89,
            "gross_profit": 716505,
            "gross_margin": 6.68,
            "gross_margin_4q_avg": 6.68,
            "net_income": 546743,
            "revenue": 10730480,
            "common_shares": 4593000,
            "book_valuer_per_share": 31.4,
            "book_valuer_per_share_4q_avg": 31.4,
            "equity": 14421476,
            "current_ratio": 220.47,
            "debt_ratio": 29.44,
            "inventory_turnover_ratio": 2.11,
            "account_receivable_turnover_ratio": null,
            "reinvestment_rate": null,
            "research_to_sale_ratio": null,
            "price_fair": 0,
            "eps_avg_yearly": 0,
            "eps_latest_yearly": 0,
            "eps_growth_yearly": 0
        },
        "20012": {
            "year_quarter": 20012,
            "year": 2001,
            "quarter": 2,
            "eps": 0.27,
            "eps_growth_year": -73,
            "eps_4q": 1.93,
            "eps_4q_growth_year": -54.16,
            "roe": 1.1,
            "roe_4q": 4.99,
            "gross_profit": 644808,
            "gross_margin": 6.51,
            "gross_margin_4q_avg": 6.6,
            "net_income": 158791,
            "revenue": 9898026,
            "common_shares": 4593000,
            "book_valuer_per_share": 31.56,
            "book_valuer_per_share_4q_avg": 31.48,
            "equity": 14495635,
            "current_ratio": 229.68,
            "debt_ratio": 27.07,
            "inventory_turnover_ratio": 2.72,
            "account_receivable_turnover_ratio": null,
            "reinvestment_rate": null,
            "research_to_sale_ratio": null,
            "price_fair": 0,
            "eps_avg_yearly": 0,
            "eps_latest_yearly": 0,
            "eps_growth_yearly": 0
        },
        "20013": {
            "year_quarter": 20013,
            "year": 2001,
            "quarter": 3,
            "eps": 0.19,
            "eps_growth_year": -81.73,
            "eps_4q": 1.33,
            "eps_4q_growth_year": -68.23,
            "roe": 0.75,
            "roe_4q": 5.74,
            "gross_profit": 722430,
            "gross_margin": 5.71,
            "gross_margin_4q_avg": 6.3,
            "net_income": 109789,
            "revenue": 12647118,
            "common_shares": 5820000,
            "book_valuer_per_share": 25.1,
            "book_valuer_per_share_4q_avg": 29.35,
            "equity": 14610742,
            "current_ratio": 196.31,
            "debt_ratio": 33.65,
            "inventory_turnover_ratio": 3.72,
            "account_receivable_turnover_ratio": null,
            "reinvestment_rate": null,
            "research_to_sale_ratio": null,
            "price_fair": 0,
            "eps_avg_yearly": 0,
            "eps_latest_yearly": 0,
            "eps_growth_yearly": 0
        },
        "20014": {
            "year_quarter": 20014,
            "year": 2001,
            "quarter": 4,
            "eps": 1.05,
            "eps_growth_year": null,
            "eps_4q": 2.46,
            "eps_4q_growth_year": -23.25,
            "roe": 4.12,
            "roe_4q": 9.860000000000001,
            "gross_profit": 773235,
            "gross_margin": 5.62,
            "gross_margin_4q_avg": 6.13,
            "net_income": 608386,
            "revenue": 13753649,
            "common_shares": 5820000,
            "book_valuer_per_share": 25.45,
            "book_valuer_per_share_4q_avg": 28.38,
            "equity": 14933924,
            "current_ratio": 181.3,
            "debt_ratio": 41.55,
            "inventory_turnover_ratio": 3.17,
            "account_receivable_turnover_ratio": null,
            "reinvestment_rate": null,
            "research_to_sale_ratio": null,
            "price_fair": 0,
            "eps_avg_yearly": 0,
            "eps_latest_yearly": 0,
            "eps_growth_yearly": 0
        },
        "20021": {
            "year_quarter": 20021,
            "year": 2002,
            "quarter": 1,
            "eps": 1.73,
            "eps_growth_year": 45.38,
            "eps_4q": 3.27,
            "eps_4q_growth_year": 4.49,
            "roe": 6.42,
            "roe_4q": 12.389999999999999,
            "gross_profit": 739005,
            "gross_margin": 5.82,
            "gross_margin_4q_avg": 5.92,
            "net_income": 986906,
            "revenue": 12699698,
            "common_shares": 5820000,
            "book_valuer_per_share": 27.13,
            "book_valuer_per_share_4q_avg": 27.31,
            "equity": 15789283,
            "current_ratio": 208.58,
            "debt_ratio": 30.39,
            "inventory_turnover_ratio": 2.91,
            "account_receivable_turnover_ratio": null,
            "reinvestment_rate": null,
            "research_to_sale_ratio": null,
            "price_fair": 242.2,
            "eps_avg_yearly": 6.92,
            "eps_latest_yearly": 6.92,
            "eps_growth_yearly": 259.05
        },
        "20022": {
            "year_quarter": 20022,
            "year": 2002,
            "quarter": 2,
            "eps": 0.65,
            "eps_growth_year": 140.74,
            "eps_4q": 3.33,
            "eps_4q_growth_year": 72.4,
            "roe": 2.65,
            "roe_4q": 13.940000000000001,
            "gross_profit": 704314,
            "gross_margin": 5.46,
            "gross_margin_4q_avg": 5.65,
            "net_income": 413129,
            "revenue": 12909938,
            "common_shares": 5820000,
            "book_valuer_per_share": 26.53,
            "book_valuer_per_share_4q_avg": 26.05,
            "equity": 15438977,
            "current_ratio": 192.8,
            "debt_ratio": 34.04,
            "inventory_turnover_ratio": 3.69,
            "account_receivable_turnover_ratio": null,
            "reinvestment_rate": null,
            "research_to_sale_ratio": null,
            "price_fair": 69.82,
            "eps_avg_yearly": 4.76,
            "eps_latest_yearly": 2.6,
            "eps_growth_yearly": 4.67
        },
        "20023": {
            "year_quarter": 20023,
            "year": 2002,
            "quarter": 3,
            "eps": 0.82,
            "eps_growth_year": 331.58,
            "eps_4q": 3.97,
            "eps_4q_growth_year": 198.7,
            "roe": 3.25,
            "roe_4q": 16.44,
            "gross_profit": 812451,
            "gross_margin": 5.69,
            "gross_margin_4q_avg": 5.65,
            "net_income": 522351,
            "revenue": 14274782,
            "common_shares": 6601120,
            "book_valuer_per_share": 25.28,
            "book_valuer_per_share_4q_avg": 26.1,
            "equity": 16684964,
            "current_ratio": 188.38,
            "debt_ratio": 34.18,
            "inventory_turnover_ratio": 3.58,
            "account_receivable_turnover_ratio": null,
            "reinvestment_rate": null,
            "research_to_sale_ratio": null,
            "price_fair": 149.33,
            "eps_avg_yearly": 4.27,
            "eps_latest_yearly": 3.28,
            "eps_growth_yearly": 37.98
        },
        "20024": {
            "year_quarter": 20024,
            "year": 2002,
            "quarter": 4,
            "eps": 0.81,
            "eps_growth_year": -22.86,
            "eps_4q": 3.8,
            "eps_4q_growth_year": 54.83,
            "roe": 3.06,
            "roe_4q": 15.38,
            "gross_profit": 845276,
            "gross_margin": 5.39,
            "gross_margin_4q_avg": 5.59,
            "net_income": 520023,
            "revenue": 15695047,
            "common_shares": 6601120,
            "book_valuer_per_share": 26.05,
            "book_valuer_per_share_4q_avg": 26.25,
            "equity": 17342529,
            "current_ratio": 167.2,
            "debt_ratio": 46.05,
            "inventory_turnover_ratio": 2.4,
            "account_receivable_turnover_ratio": null,
            "reinvestment_rate": 13.86,
            "research_to_sale_ratio": null,
            "price_fair": 140.35,
            "eps_avg_yearly": 4.01,
            "eps_latest_yearly": 3.24,
            "eps_growth_yearly": 27.27
        },
        "20031": {
            "year_quarter": 20031,
            "year": 2003,
            "quarter": 1,
            "eps": 0.73,
            "eps_growth_year": -57.8,
            "eps_4q": 2.99,
            "eps_4q_growth_year": -8.62,
            "roe": 2.69,
            "roe_4q": 11.65,
            "gross_profit": 821261,
            "gross_margin": 5.53,
            "gross_margin_4q_avg": 5.52,
            "net_income": 471018,
            "revenue": 14840465,
            "common_shares": 6601120,
            "book_valuer_per_share": 26.77,
            "book_valuer_per_share_4q_avg": 26.16,
            "equity": 17670456,
            "current_ratio": 197.87,
            "debt_ratio": 31.95,
            "inventory_turnover_ratio": 2.21,
            "account_receivable_turnover_ratio": null,
            "reinvestment_rate": 8.68,
            "research_to_sale_ratio": null,
            "price_fair": 90.68,
            "eps_avg_yearly": 3.79,
            "eps_latest_yearly": 2.92,
            "eps_growth_yearly": 13.91
        },
        "20032": {
            "year_quarter": 20032,
            "year": 2003,
            "quarter": 2,
            "eps": 0.77,
            "eps_growth_year": 18.46,
            "eps_4q": 2.87,
            "eps_4q_growth_year": -13.74,
            "roe": 3.17,
            "roe_4q": 12.17,
            "gross_profit": 804195,
            "gross_margin": 5.54,
            "gross_margin_4q_avg": 5.54,
            "net_income": 553649,
            "revenue": 14521686,
            "common_shares": 6601120,
            "book_valuer_per_share": 26.11,
            "book_valuer_per_share_4q_avg": 26.05,
            "equity": 17238489,
            "current_ratio": 181.03,
            "debt_ratio": 36.09,
            "inventory_turnover_ratio": 3.1,
            "account_receivable_turnover_ratio": null,
            "reinvestment_rate": 7.25,
            "research_to_sale_ratio": null,
            "price_fair": 92.74,
            "eps_avg_yearly": 3.67,
            "eps_latest_yearly": 3.08,
            "eps_growth_yearly": 15.25
        },
        "20033": {
            "year_quarter": 20033,
            "year": 2003,
            "quarter": 3,
            "eps": 1,
            "eps_growth_year": 21.95,
            "eps_4q": 3.14,
            "eps_4q_growth_year": -20.93,
            "roe": 4.12,
            "roe_4q": 13.040000000000001,
            "gross_profit": 1017422,
            "gross_margin": 5.77,
            "gross_margin_4q_avg": 5.56,
            "net_income": 721351,
            "revenue": 17636267,
            "common_shares": 7350000,
            "book_valuer_per_share": 24.21,
            "book_valuer_per_share_4q_avg": 25.79,
            "equity": 17791938,
            "current_ratio": 173.98,
            "debt_ratio": 38.2,
            "inventory_turnover_ratio": 3.64,
            "account_receivable_turnover_ratio": null,
            "reinvestment_rate": 6.44,
            "research_to_sale_ratio": null,
            "price_fair": 130.2,
            "eps_avg_yearly": 3.72,
            "eps_latest_yearly": 4,
            "eps_growth_yearly": 30.14
        },
        "20034": {
            "year_quarter": 20034,
            "year": 2003,
            "quarter": 4,
            "eps": 0.91,
            "eps_growth_year": 12.35,
            "eps_4q": 3.33,
            "eps_4q_growth_year": -12.49,
            "roe": 3.5,
            "roe_4q": 13.479999999999999,
            "gross_profit": 892849,
            "gross_margin": 4.8,
            "gross_margin_4q_avg": 5.41,
            "net_income": 656755,
            "revenue": 18609052,
            "common_shares": 7350000,
            "book_valuer_per_share": 25.42,
            "book_valuer_per_share_4q_avg": 25.63,
            "equity": 19760939,
            "current_ratio": 153.07,
            "debt_ratio": 53.18,
            "inventory_turnover_ratio": 2.41,
            "account_receivable_turnover_ratio": null,
            "reinvestment_rate": 12.78,
            "research_to_sale_ratio": null,
            "price_fair": 118.24,
            "eps_avg_yearly": 3.71,
            "eps_latest_yearly": 3.64,
            "eps_growth_yearly": 21.87
        },
        "20041": {
            "year_quarter": 20041,
            "year": 2004,
            "quarter": 1,
            "eps": 0.87,
            "eps_growth_year": 19.18,
            "eps_4q": 3.53,
            "eps_4q_growth_year": 18.18,
            "roe": 3.24,
            "roe_4q": 14.03,
            "gross_profit": 913183,
            "gross_margin": 6.2,
            "gross_margin_4q_avg": 5.58,
            "net_income": 632174,
            "revenue": 14719824,
            "common_shares": 7350000,
            "book_valuer_per_share": 26.15,
            "book_valuer_per_share_4q_avg": 25.47,
            "equity": 19223786,
            "current_ratio": 195.26,
            "debt_ratio": 32.55,
            "inventory_turnover_ratio": 2.01,
            "account_receivable_turnover_ratio": null,
            "reinvestment_rate": 4.51,
            "research_to_sale_ratio": null,
            "price_fair": 101.27,
            "eps_avg_yearly": 3.68,
            "eps_latest_yearly": 3.48,
            "eps_growth_yearly": 17.49
        },
        "20042": {
            "year_quarter": 20042,
            "year": 2004,
            "quarter": 2,
            "eps": 0.71,
            "eps_growth_year": -7.79,
            "eps_4q": 3.2,
            "eps_4q_growth_year": 11.23,
            "roe": 3.04,
            "roe_4q": 13.900000000000002,
            "gross_profit": 841146,
            "gross_margin": 5.98,
            "gross_margin_4q_avg": 5.69,
            "net_income": 573790,
            "revenue": 14060869,
            "common_shares": 7453000,
            "book_valuer_per_share": 24.86,
            "book_valuer_per_share_4q_avg": 25.16,
            "equity": 18526648,
            "current_ratio": 163.9,
            "debt_ratio": 38.59,
            "inventory_turnover_ratio": 3.31,
            "account_receivable_turnover_ratio": null,
            "reinvestment_rate": 4.15,
            "research_to_sale_ratio": null,
            "price_fair": 66.18,
            "eps_avg_yearly": 3.6,
            "eps_latest_yearly": 2.84,
            "eps_growth_yearly": 8.38
        },
        "20043": {
            "year_quarter": 20043,
            "year": 2004,
            "quarter": 3,
            "eps": 0.9,
            "eps_growth_year": -10,
            "eps_4q": 3.21,
            "eps_4q_growth_year": 2.14,
            "roe": 3.83,
            "roe_4q": 13.61,
            "gross_profit": 947798,
            "gross_margin": 5.68,
            "gross_margin_4q_avg": 5.67,
            "net_income": 726220,
            "revenue": 16686667,
            "common_shares": 8280000,
            "book_valuer_per_share": 23.4,
            "book_valuer_per_share_4q_avg": 24.96,
            "equity": 19374335,
            "current_ratio": 205.83,
            "debt_ratio": 39.04,
            "inventory_turnover_ratio": 3.76,
            "account_receivable_turnover_ratio": null,
            "reinvestment_rate": 3.38,
            "research_to_sale_ratio": null,
            "price_fair": 98.46,
            "eps_avg_yearly": 3.6,
            "eps_latest_yearly": 3.6,
            "eps_growth_yearly": 17.35
        },
        "20044": {
            "year_quarter": 20044,
            "year": 2004,
            "quarter": 4,
            "eps": 0.61,
            "eps_growth_year": -32.97,
            "eps_4q": 3,
            "eps_4q_growth_year": -9.92,
            "roe": 2.52,
            "roe_4q": 12.63,
            "gross_profit": 898117,
            "gross_margin": 5.4,
            "gross_margin_4q_avg": 5.82,
            "net_income": 493329,
            "revenue": 16636364,
            "common_shares": 8280000,
            "book_valuer_per_share": 23.48,
            "book_valuer_per_share_4q_avg": 24.47,
            "equity": 19732266,
            "current_ratio": 160.17,
            "debt_ratio": 56.42,
            "inventory_turnover_ratio": 1.92,
            "account_receivable_turnover_ratio": null,
            "reinvestment_rate": 9.64,
            "research_to_sale_ratio": null,
            "price_fair": 53.13,
            "eps_avg_yearly": 3.5,
            "eps_latest_yearly": 2.44,
            "eps_growth_yearly": 5.16
        },
        "20051": {
            "year_quarter": 20051,
            "year": 2005,
            "quarter": 1,
            "eps": 0.84,
            "eps_growth_year": -3.45,
            "eps_4q": 3.05,
            "eps_4q_growth_year": -13.64,
            "roe": 3.43,
            "roe_4q": 12.82,
            "gross_profit": 987548,
            "gross_margin": 6.9,
            "gross_margin_4q_avg": 5.99,
            "net_income": 682441,
            "revenue": 14306263,
            "common_shares": 8280000,
            "book_valuer_per_share": 24.17,
            "book_valuer_per_share_4q_avg": 23.98,
            "equity": 20011302,
            "current_ratio": 237,
            "debt_ratio": 33.98,
            "inventory_turnover_ratio": 1.6,
            "account_receivable_turnover_ratio": null,
            "reinvestment_rate": -0.32,
            "research_to_sale_ratio": null,
            "price_fair": 92.09,
            "eps_avg_yearly": 3.49,
            "eps_latest_yearly": 3.36,
            "eps_growth_yearly": 16.37
        },
        "20052": {
            "year_quarter": 20052,
            "year": 2005,
            "quarter": 2,
            "eps": 0.88,
            "eps_growth_year": 23.94,
            "eps_4q": 2.98,
            "eps_4q_growth_year": -6.85,
            "roe": 3.99,
            "roe_4q": 13.77,
            "gross_profit": 918334,
            "gross_margin": 6.9,
            "gross_margin_4q_avg": 6.22,
            "net_income": 797555,
            "revenue": 13315166,
            "common_shares": 8280000,
            "book_valuer_per_share": 24.15,
            "book_valuer_per_share_4q_avg": 23.8,
            "equity": 19993628,
            "current_ratio": 233.54,
            "debt_ratio": 33.85,
            "inventory_turnover_ratio": 3,
            "account_receivable_turnover_ratio": null,
            "reinvestment_rate": 0.81,
            "research_to_sale_ratio": null,
            "price_fair": 92.81,
            "eps_avg_yearly": 3.49,
            "eps_latest_yearly": 3.52,
            "eps_growth_yearly": 16.56
        },
        "20053": {
            "year_quarter": 20053,
            "year": 2005,
            "quarter": 3,
            "eps": 0.77,
            "eps_growth_year": -14.44,
            "eps_4q": 2.97,
            "eps_4q_growth_year": -7.35,
            "roe": 3.36,
            "roe_4q": 13.299999999999999,
            "gross_profit": 1018348,
            "gross_margin": 6.4,
            "gross_margin_4q_avg": 6.4,
            "net_income": 689814,
            "revenue": 15909940,
            "common_shares": 9200000,
            "book_valuer_per_share": 22.84,
            "book_valuer_per_share_4q_avg": 23.66,
            "equity": 21012178,
            "current_ratio": 245.73,
            "debt_ratio": 32.17,
            "inventory_turnover_ratio": 3.5,
            "account_receivable_turnover_ratio": null,
            "reinvestment_rate": -0.22,
            "research_to_sale_ratio": null,
            "price_fair": 76.69,
            "eps_avg_yearly": 3.47,
            "eps_latest_yearly": 3.08,
            "eps_growth_yearly": 12.12
        },
        "20054": {
            "year_quarter": 20054,
            "year": 2005,
            "quarter": 4,
            "eps": 0.75,
            "eps_growth_year": 22.95,
            "eps_4q": 3.16,
            "eps_4q_growth_year": 5.29,
            "roe": 3.15,
            "roe_4q": 13.93,
            "gross_profit": 917980,
            "gross_margin": 6.53,
            "gross_margin_4q_avg": 6.68,
            "net_income": 675850,
            "revenue": 14058748,
            "common_shares": 9200000,
            "book_valuer_per_share": 23.5,
            "book_valuer_per_share_4q_avg": 23.67,
            "equity": 21893058,
            "current_ratio": 163.92,
            "debt_ratio": 53.91,
            "inventory_turnover_ratio": 1.38,
            "account_receivable_turnover_ratio": null,
            "reinvestment_rate": 4.88,
            "research_to_sale_ratio": null,
            "price_fair": 71.21,
            "eps_avg_yearly": 3.44,
            "eps_latest_yearly": 3,
            "eps_growth_yearly": 10.72
        },
        "20061": {
            "year_quarter": 20061,
            "year": 2006,
            "quarter": 1,
            "eps": 0.62,
            "eps_growth_year": -26.19,
            "eps_4q": 3.04,
            "eps_4q_growth_year": -0.3,
            "roe": 2.52,
            "roe_4q": 13.02,
            "gross_profit": 827633,
            "gross_margin": 6.06,
            "gross_margin_4q_avg": 6.47,
            "net_income": 554593,
            "revenue": 13659247,
            "common_shares": 9200000,
            "book_valuer_per_share": 24.03,
            "book_valuer_per_share_4q_avg": 23.63,
            "equity": 22106121,
            "current_ratio": 188.4,
            "debt_ratio": 34.71,
            "inventory_turnover_ratio": 1.25,
            "account_receivable_turnover_ratio": null,
            "reinvestment_rate": 1.92,
            "research_to_sale_ratio": null,
            "price_fair": 9.48,
            "eps_avg_yearly": 3.16,
            "eps_latest_yearly": 2.48,
            "eps_growth_yearly": -9.81
        },
        "20062": {
            "year_quarter": 20062,
            "year": 2006,
            "quarter": 2,
            "eps": 0.58,
            "eps_growth_year": -34.09,
            "eps_4q": 2.5,
            "eps_4q_growth_year": -16,
            "roe": 2.67,
            "roe_4q": 11.7,
            "gross_profit": 879788,
            "gross_margin": 7.14,
            "gross_margin_4q_avg": 6.53,
            "net_income": 579430,
            "revenue": 12314510,
            "common_shares": 9200000,
            "book_valuer_per_share": 23.19,
            "book_valuer_per_share_4q_avg": 23.39,
            "equity": 21337931,
            "current_ratio": 156.47,
            "debt_ratio": 38.26,
            "inventory_turnover_ratio": 2.05,
            "account_receivable_turnover_ratio": null,
            "reinvestment_rate": 2.71,
            "research_to_sale_ratio": null,
            "price_fair": 44.58,
            "eps_avg_yearly": 3.14,
            "eps_latest_yearly": 2.32,
            "eps_growth_yearly": 4.19
        },
        "20063": {
            "year_quarter": 20063,
            "year": 2006,
            "quarter": 3,
            "eps": 0.78,
            "eps_growth_year": 1.3,
            "eps_4q": 2.57,
            "eps_4q_growth_year": -13.5,
            "roe": 3.59,
            "roe_4q": 11.93,
            "gross_profit": 874618,
            "gross_margin": 6.36,
            "gross_margin_4q_avg": 6.52,
            "net_income": 788051,
            "revenue": 13748764,
            "common_shares": 10220000,
            "book_valuer_per_share": 22.06,
            "book_valuer_per_share_4q_avg": 23.2,
            "equity": 22546053,
            "current_ratio": 157.38,
            "debt_ratio": 37.16,
            "inventory_turnover_ratio": 2.56,
            "account_receivable_turnover_ratio": null,
            "reinvestment_rate": 4.22,
            "research_to_sale_ratio": null,
            "price_fair": 50.96,
            "eps_avg_yearly": 3.13,
            "eps_latest_yearly": 3.12,
            "eps_growth_yearly": 6.27
        },
        "20064": {
            "year_quarter": 20064,
            "year": 2006,
            "quarter": 4,
            "eps": 0.74,
            "eps_growth_year": -1.33,
            "eps_4q": 2.67,
            "eps_4q_growth_year": -15.56,
            "roe": 3.21,
            "roe_4q": 11.989999999999998,
            "gross_profit": 775539,
            "gross_margin": 6.15,
            "gross_margin_4q_avg": 6.43,
            "net_income": 738312,
            "revenue": 12609106,
            "common_shares": 10220000,
            "book_valuer_per_share": 22.65,
            "book_valuer_per_share_4q_avg": 22.98,
            "equity": 23499699,
            "current_ratio": 167.39,
            "debt_ratio": 51.61,
            "inventory_turnover_ratio": 1.26,
            "account_receivable_turnover_ratio": null,
            "reinvestment_rate": 8.55,
            "research_to_sale_ratio": null,
            "price_fair": 47.63,
            "eps_avg_yearly": 3.12,
            "eps_latest_yearly": 2.96,
            "eps_growth_yearly": 5.29
        },
        "20071": {
            "year_quarter": 20071,
            "year": 2007,
            "quarter": 1,
            "eps": 0.71,
            "eps_growth_year": 14.52,
            "eps_4q": 2.81,
            "eps_4q_growth_year": -7.63,
            "roe": 2.99,
            "roe_4q": 12.459999999999999,
            "gross_profit": 772154,
            "gross_margin": 6.08,
            "gross_margin_4q_avg": 6.43,
            "net_income": 713156,
            "revenue": 12705684,
            "common_shares": 10220000,
            "book_valuer_per_share": 23.66,
            "book_valuer_per_share_4q_avg": 22.89,
            "equity": 24180318,
            "current_ratio": 145.89,
            "debt_ratio": 35.41,
            "inventory_turnover_ratio": 1.31,
            "account_receivable_turnover_ratio": null,
            "reinvestment_rate": 3.88,
            "research_to_sale_ratio": null,
            "price_fair": 52.08,
            "eps_avg_yearly": 3.11,
            "eps_latest_yearly": 2.84,
            "eps_growth_yearly": 6.75
        },
        "20072": {
            "year_quarter": 20072,
            "year": 2007,
            "quarter": 2,
            "eps": 1.06,
            "eps_growth_year": 82.76,
            "eps_4q": 3.14,
            "eps_4q_growth_year": 25.68,
            "roe": 4.74,
            "roe_4q": 14.530000000000001,
            "gross_profit": 762019,
            "gross_margin": 6.54,
            "gross_margin_4q_avg": 6.28,
            "net_income": 1138690,
            "revenue": 11655905,
            "common_shares": 10220000,
            "book_valuer_per_share": 23.39,
            "book_valuer_per_share_4q_avg": 22.94,
            "equity": 23899795,
            "current_ratio": 121.54,
            "debt_ratio": 39.09,
            "inventory_turnover_ratio": 2.44,
            "account_receivable_turnover_ratio": null,
            "reinvestment_rate": 3.79,
            "research_to_sale_ratio": null,
            "price_fair": 88.16,
            "eps_avg_yearly": 3.18,
            "eps_latest_yearly": 4.24,
            "eps_growth_yearly": 17.7
        },
        "20073": {
            "year_quarter": 20073,
            "year": 2007,
            "quarter": 3,
            "eps": 1.24,
            "eps_growth_year": 58.97,
            "eps_4q": 3.65,
            "eps_4q_growth_year": 42.07,
            "roe": 5.36,
            "roe_4q": 16.3,
            "gross_profit": 801374,
            "gross_margin": 5.86,
            "gross_margin_4q_avg": 6.16,
            "net_income": 1330982,
            "revenue": 13674628,
            "common_shares": 10840000,
            "book_valuer_per_share": 23.8,
            "book_valuer_per_share_4q_avg": 23.38,
            "equity": 25803492,
            "current_ratio": 109.98,
            "debt_ratio": 41.54,
            "inventory_turnover_ratio": 2.79,
            "account_receivable_turnover_ratio": null,
            "reinvestment_rate": 3.65,
            "research_to_sale_ratio": null,
            "price_fair": 79.37,
            "eps_avg_yearly": 3.24,
            "eps_latest_yearly": 4.96,
            "eps_growth_yearly": 14.48
        },
        "20074": {
            "year_quarter": 20074,
            "year": 2007,
            "quarter": 4,
            "eps": 0.58,
            "eps_growth_year": -21.62,
            "eps_4q": 3.56,
            "eps_4q_growth_year": 33.52,
            "roe": 2.34,
            "roe_4q": 15.430000000000001,
            "gross_profit": 720674,
            "gross_margin": 5.41,
            "gross_margin_4q_avg": 5.97,
            "net_income": 619396,
            "revenue": 13323511,
            "common_shares": 10840000,
            "book_valuer_per_share": 24.53,
            "book_valuer_per_share_4q_avg": 23.85,
            "equity": 27093475,
            "current_ratio": 161.5,
            "debt_ratio": 54.1,
            "inventory_turnover_ratio": 1.18,
            "account_receivable_turnover_ratio": null,
            "reinvestment_rate": 5.51,
            "research_to_sale_ratio": null,
            "price_fair": 42.41,
            "eps_avg_yearly": 3.16,
            "eps_latest_yearly": 2.32,
            "eps_growth_yearly": 3.42
        },
        "20081": {
            "year_quarter": 20081,
            "year": 2008,
            "quarter": 1,
            "eps": 1.07,
            "eps_growth_year": 50.7,
            "eps_4q": 3.84,
            "eps_4q_growth_year": 37,
            "roe": 4.39,
            "roe_4q": 16.83,
            "gross_profit": 2019387,
            "gross_margin": 4.23,
            "gross_margin_4q_avg": 5.51,
            "net_income": 1183096,
            "revenue": 47759473,
            "common_shares": 10840000,
            "book_valuer_per_share": 24.31,
            "book_valuer_per_share_4q_avg": 24.01,
            "equity": 26765042,
            "current_ratio": 165.56,
            "debt_ratio": 52.97,
            "inventory_turnover_ratio": 2.75,
            "account_receivable_turnover_ratio": null,
            "reinvestment_rate": 11.58,
            "research_to_sale_ratio": null,
            "price_fair": 112.35,
            "eps_avg_yearly": 3.21,
            "eps_latest_yearly": 4.28,
            "eps_growth_yearly": 25.64
        },
        "20082": {
            "year_quarter": 20082,
            "year": 2008,
            "quarter": 2,
            "eps": 0.61,
            "eps_growth_year": -42.45,
            "eps_4q": 3.1,
            "eps_4q_growth_year": -1.55,
            "roe": 2.88,
            "roe_4q": 14.969999999999999,
            "gross_profit": 1974797,
            "gross_margin": 4.36,
            "gross_margin_4q_avg": 4.97,
            "net_income": 757851,
            "revenue": 45300725,
            "common_shares": 10840000,
            "book_valuer_per_share": 23.8,
            "book_valuer_per_share_4q_avg": 24.11,
            "equity": 25797858,
            "current_ratio": 171.91,
            "debt_ratio": 59.46,
            "inventory_turnover_ratio": 2.55,
            "account_receivable_turnover_ratio": null,
            "reinvestment_rate": 9.62,
            "research_to_sale_ratio": null,
            "price_fair": 93.93,
            "eps_avg_yearly": 3.19,
            "eps_latest_yearly": 2.44,
            "eps_growth_yearly": 19.49
        },
        "20083": {
            "year_quarter": 20083,
            "year": 2008,
            "quarter": 3,
            "eps": 0.7,
            "eps_growth_year": -43.55,
            "eps_4q": 2.78,
            "eps_4q_growth_year": -23.98,
            "roe": 3.18,
            "roe_4q": 12.79,
            "gross_profit": 2172808,
            "gross_margin": 4.23,
            "gross_margin_4q_avg": 4.56,
            "net_income": 847657,
            "revenue": 51332197,
            "common_shares": 12040000,
            "book_valuer_per_share": 22.79,
            "book_valuer_per_share_4q_avg": 23.86,
            "equity": 27445030,
            "current_ratio": 158.22,
            "debt_ratio": 58.46,
            "inventory_turnover_ratio": 2.78,
            "account_receivable_turnover_ratio": null,
            "reinvestment_rate": 10.94,
            "research_to_sale_ratio": null,
            "price_fair": 83.05,
            "eps_avg_yearly": 3.14,
            "eps_latest_yearly": 2.8,
            "eps_growth_yearly": 16.49
        },
        "20084": {
            "year_quarter": 20084,
            "year": 2008,
            "quarter": 4,
            "eps": 0.46,
            "eps_growth_year": -20.69,
            "eps_4q": 2.76,
            "eps_4q_growth_year": -22.54,
            "roe": 1.99,
            "roe_4q": 12.440000000000001,
            "gross_profit": 2022101,
            "gross_margin": 4.43,
            "gross_margin_4q_avg": 4.31,
            "net_income": 549187,
            "revenue": 45609258,
            "common_shares": 12040000,
            "book_valuer_per_share": 23.09,
            "book_valuer_per_share_4q_avg": 23.5,
            "equity": 27803400,
            "current_ratio": 165.51,
            "debt_ratio": 55.97,
            "inventory_turnover_ratio": 2.45,
            "account_receivable_turnover_ratio": 4.35,
            "reinvestment_rate": 3.37,
            "research_to_sale_ratio": null,
            "price_fair": 80.45,
            "eps_avg_yearly": 3.1,
            "eps_latest_yearly": 1.84,
            "eps_growth_yearly": 15.97
        },
        "20091": {
            "year_quarter": 20091,
            "year": 2009,
            "quarter": 1,
            "eps": 0.63,
            "eps_growth_year": -41.12,
            "eps_4q": 2.39,
            "eps_4q_growth_year": -37.89,
            "roe": 2.67,
            "roe_4q": 10.719999999999999,
            "gross_profit": 1982307,
            "gross_margin": 4.09,
            "gross_margin_4q_avg": 4.28,
            "net_income": 763470,
            "revenue": 48435991,
            "common_shares": 12040000,
            "book_valuer_per_share": 24.49,
            "book_valuer_per_share_4q_avg": 23.54,
            "equity": 29487343,
            "current_ratio": 182.93,
            "debt_ratio": 50.86,
            "inventory_turnover_ratio": 2.92,
            "account_receivable_turnover_ratio": 2.36,
            "reinvestment_rate": 11.88,
            "research_to_sale_ratio": null,
            "price_fair": 78.52,
            "eps_avg_yearly": 3.05,
            "eps_latest_yearly": 2.52,
            "eps_growth_yearly": 15.79
        },
        "20092": {
            "year_quarter": 20092,
            "year": 2009,
            "quarter": 2,
            "eps": 0.89,
            "eps_growth_year": 45.9,
            "eps_4q": 2.52,
            "eps_4q_growth_year": -18.45,
            "roe": 4.02,
            "roe_4q": 11.86,
            "gross_profit": 2102752,
            "gross_margin": 4.24,
            "gross_margin_4q_avg": 4.25,
            "net_income": 1176103,
            "revenue": 49608165,
            "common_shares": 12040000,
            "book_valuer_per_share": 24.15,
            "book_valuer_per_share_4q_avg": 23.63,
            "equity": 29080739,
            "current_ratio": 172.84,
            "debt_ratio": 53.79,
            "inventory_turnover_ratio": 3.01,
            "account_receivable_turnover_ratio": 2.45,
            "reinvestment_rate": 11.33,
            "research_to_sale_ratio": null,
            "price_fair": 106.4,
            "eps_avg_yearly": 3.05,
            "eps_latest_yearly": 3.56,
            "eps_growth_yearly": 24.91
        },
        "20093": {
            "year_quarter": 20093,
            "year": 2009,
            "quarter": 3,
            "eps": 1.23,
            "eps_growth_year": 75.71,
            "eps_4q": 3.11,
            "eps_4q_growth_year": 11.82,
            "roe": 5.47,
            "roe_4q": 14.149999999999999,
            "gross_profit": 2503761,
            "gross_margin": 3.89,
            "gross_margin_4q_avg": 4.16,
            "net_income": 1632290,
            "revenue": 64397529,
            "common_shares": 13276490,
            "book_valuer_per_share": 23.07,
            "book_valuer_per_share_4q_avg": 23.7,
            "equity": 30634345,
            "current_ratio": 182.26,
            "debt_ratio": 56.01,
            "inventory_turnover_ratio": 3.62,
            "account_receivable_turnover_ratio": 2.79,
            "reinvestment_rate": 11.06,
            "research_to_sale_ratio": null,
            "price_fair": 110.69,
            "eps_avg_yearly": 3.16,
            "eps_latest_yearly": 4.92,
            "eps_growth_yearly": 37.59
        },
        "20094": {
            "year_quarter": 20094,
            "year": 2009,
            "quarter": 4,
            "eps": 0.95,
            "eps_growth_year": 106.52,
            "eps_4q": 3.63,
            "eps_4q_growth_year": 31.79,
            "roe": 4.02,
            "roe_4q": 16.18,
            "gross_profit": 2332811,
            "gross_margin": 4,
            "gross_margin_4q_avg": 4.06,
            "net_income": 1256023,
            "revenue": 58283734,
            "common_shares": 13281080,
            "book_valuer_per_share": 24.04,
            "book_valuer_per_share_4q_avg": 23.94,
            "equity": 31923240,
            "current_ratio": 178.39,
            "debt_ratio": 56.61,
            "inventory_turnover_ratio": 2.95,
            "account_receivable_turnover_ratio": 4.4,
            "reinvestment_rate": 69.28,
            "research_to_sale_ratio": null,
            "price_fair": 112.44,
            "eps_avg_yearly": 3.21,
            "eps_latest_yearly": 3.8,
            "eps_growth_yearly": 32.55
        },
        "20101": {
            "year_quarter": 20101,
            "year": 2010,
            "quarter": 1,
            "eps": 0.94,
            "eps_growth_year": 49.21,
            "eps_4q": 4,
            "eps_4q_growth_year": 67.31,
            "roe": 3.84,
            "roe_4q": 17.349999999999998,
            "gross_profit": 2541206,
            "gross_margin": 4.07,
            "gross_margin_4q_avg": 4.05,
            "net_income": 1249503,
            "revenue": 62423573,
            "common_shares": 13281080,
            "book_valuer_per_share": 24.9,
            "book_valuer_per_share_4q_avg": 24.04,
            "equity": 33114999,
            "current_ratio": 181.76,
            "debt_ratio": 55.24,
            "inventory_turnover_ratio": 2.71,
            "account_receivable_turnover_ratio": 2.38,
            "reinvestment_rate": 75.46,
            "research_to_sale_ratio": null,
            "price_fair": 115.24,
            "eps_avg_yearly": 3.29,
            "eps_latest_yearly": 3.76,
            "eps_growth_yearly": 36.62
        },
        "20102": {
            "year_quarter": 20102,
            "year": 2010,
            "quarter": 2,
            "eps": 0.84,
            "eps_growth_year": -5.25,
            "eps_4q": 3.66,
            "eps_4q_growth_year": 44.99,
            "roe": 3.83,
            "roe_4q": 17.16,
            "gross_profit": 2304659,
            "gross_margin": 3.59,
            "gross_margin_4q_avg": 3.89,
            "net_income": 1238487,
            "revenue": 64231854,
            "common_shares": 13299778,
            "book_valuer_per_share": 23.58,
            "book_valuer_per_share_4q_avg": 23.9,
            "equity": 31482686,
            "current_ratio": 157.64,
            "debt_ratio": 61.61,
            "inventory_turnover_ratio": 2.55,
            "account_receivable_turnover_ratio": 2.36,
            "reinvestment_rate": 72.87,
            "research_to_sale_ratio": null,
            "price_fair": 117.51,
            "eps_avg_yearly": 3.36,
            "eps_latest_yearly": 3.36,
            "eps_growth_yearly": 35.57
        },
        "20103": {
            "year_quarter": 20103,
            "year": 2010,
            "quarter": 3,
            "eps": 1.19,
            "eps_growth_year": -3.46,
            "eps_4q": 3.68,
            "eps_4q_growth_year": 18.44,
            "roe": 5.38,
            "roe_4q": 17.07,
            "gross_profit": 2713612,
            "gross_margin": 3.58,
            "gross_margin_4q_avg": 3.81,
            "net_income": 1784982,
            "revenue": 75834393,
            "common_shares": 14686107,
            "book_valuer_per_share": 23.19,
            "book_valuer_per_share_4q_avg": 23.93,
            "equity": 34863118,
            "current_ratio": 157.24,
            "debt_ratio": 59.73,
            "inventory_turnover_ratio": 3.07,
            "account_receivable_turnover_ratio": 2.45,
            "reinvestment_rate": 68.37,
            "research_to_sale_ratio": null,
            "price_fair": 121.1,
            "eps_avg_yearly": 3.46,
            "eps_latest_yearly": 4.76,
            "eps_growth_yearly": 37.37
        },
        "20104": {
            "year_quarter": 20104,
            "year": 2010,
            "quarter": 4,
            "eps": 0.77,
            "eps_growth_year": -19.28,
            "eps_4q": 3.55,
            "eps_4q_growth_year": -2.26,
            "roe": 3.34,
            "roe_4q": 16.39,
            "gross_profit": 2289196,
            "gross_margin": 3.26,
            "gross_margin_4q_avg": 3.63,
            "net_income": 1176136,
            "revenue": 70144389,
            "common_shares": 15032263,
            "book_valuer_per_share": 23.25,
            "book_valuer_per_share_4q_avg": 23.73,
            "equity": 35659253,
            "current_ratio": 150.07,
            "debt_ratio": 58.37,
            "inventory_turnover_ratio": 3.1,
            "account_receivable_turnover_ratio": 2.15,
            "reinvestment_rate": 61.68,
            "research_to_sale_ratio": null,
            "price_fair": 121.36,
            "eps_avg_yearly": 3.47,
            "eps_latest_yearly": 3.08,
            "eps_growth_yearly": 29.83
        },
        "20111": {
            "year_quarter": 20111,
            "year": 2011,
            "quarter": 1,
            "eps": 0.91,
            "eps_growth_year": -3.19,
            "eps_4q": 3.63,
            "eps_4q_growth_year": -9.21,
            "roe": 3.8,
            "roe_4q": 16.35,
            "gross_profit": 2580055,
            "gross_margin": 3.47,
            "gross_margin_4q_avg": 3.48,
            "net_income": 1403622,
            "revenue": 74419771,
            "common_shares": 15446027,
            "book_valuer_per_share": 24.75,
            "book_valuer_per_share_4q_avg": 23.69,
            "equity": 38233516,
            "current_ratio": 154.46,
            "debt_ratio": 58.24,
            "inventory_turnover_ratio": 2.94,
            "account_receivable_turnover_ratio": 2.24,
            "reinvestment_rate": 70.98,
            "research_to_sale_ratio": null,
            "price_fair": 123.11,
            "eps_avg_yearly": 3.52,
            "eps_latest_yearly": 3.64,
            "eps_growth_yearly": 35.38
        },
        "20112": {
            "year_quarter": 20112,
            "year": 2011,
            "quarter": 2,
            "eps": 1.22,
            "eps_growth_year": 44.7,
            "eps_4q": 4.04,
            "eps_4q_growth_year": 10.44,
            "roe": 5.06,
            "roe_4q": 17.58,
            "gross_profit": 2781332,
            "gross_margin": 3.83,
            "gross_margin_4q_avg": 3.54,
            "net_income": 1886924,
            "revenue": 72579553,
            "common_shares": 15463141,
            "book_valuer_per_share": 23.47,
            "book_valuer_per_share_4q_avg": 23.67,
            "equity": 36289877,
            "current_ratio": 147.03,
            "debt_ratio": 62.78,
            "inventory_turnover_ratio": 2.46,
            "account_receivable_turnover_ratio": 2.06,
            "reinvestment_rate": 69.73,
            "research_to_sale_ratio": null,
            "price_fair": 124.51,
            "eps_avg_yearly": 3.56,
            "eps_latest_yearly": 4.88,
            "eps_growth_yearly": 31.58
        },
        "20113": {
            "year_quarter": 20113,
            "year": 2011,
            "quarter": 3,
            "eps": 1.54,
            "eps_growth_year": 30.01,
            "eps_4q": 4.41,
            "eps_4q_growth_year": 19.95,
            "roe": 6.26,
            "roe_4q": 18.46,
            "gross_profit": 3426765,
            "gross_margin": 3.99,
            "gross_margin_4q_avg": 3.64,
            "net_income": 2404220,
            "revenue": 85821625,
            "common_shares": 15573896,
            "book_valuer_per_share": 26.04,
            "book_valuer_per_share_4q_avg": 24.38,
            "equity": 40548822,
            "current_ratio": 144.84,
            "debt_ratio": 62.81,
            "inventory_turnover_ratio": 3.08,
            "account_receivable_turnover_ratio": 2.16,
            "reinvestment_rate": 69.02,
            "research_to_sale_ratio": null,
            "price_fair": 127.14,
            "eps_avg_yearly": 3.63,
            "eps_latest_yearly": 6.16,
            "eps_growth_yearly": 33.89
        },
        "20114": {
            "year_quarter": 20114,
            "year": 2011,
            "quarter": 4,
            "eps": 0.98,
            "eps_growth_year": 28.01,
            "eps_4q": 4.61,
            "eps_4q_growth_year": 29.68,
            "roe": 3.7,
            "roe_4q": 18.82,
            "gross_profit": 2988833,
            "gross_margin": 3.84,
            "gross_margin_4q_avg": 3.78,
            "net_income": 1541823,
            "revenue": 77851841,
            "common_shares": 15707006,
            "book_valuer_per_share": 27.25,
            "book_valuer_per_share_4q_avg": 25.38,
            "equity": 42805214,
            "current_ratio": 150.52,
            "debt_ratio": 59.67,
            "inventory_turnover_ratio": 2.94,
            "account_receivable_turnover_ratio": 1.85,
            "reinvestment_rate": 63.74,
            "research_to_sale_ratio": null,
            "price_fair": 130.64,
            "eps_avg_yearly": 3.73,
            "eps_latest_yearly": 3.92,
            "eps_growth_yearly": 38.11
        },
        "20121": {
            "year_quarter": 20121,
            "year": 2012,
            "quarter": 1,
            "eps": 1.14,
            "eps_growth_year": 25.27,
            "eps_4q": 4.84,
            "eps_4q_growth_year": 33.29,
            "roe": 4.12,
            "roe_4q": 19.14,
            "gross_profit": 3021547,
            "gross_margin": 4.15,
            "gross_margin_4q_avg": 3.95,
            "net_income": 1789628,
            "revenue": 72788090,
            "common_shares": 15764588,
            "book_valuer_per_share": 27.98,
            "book_valuer_per_share_4q_avg": 26.19,
            "equity": 44113885,
            "current_ratio": 156.73,
            "debt_ratio": 57.19,
            "inventory_turnover_ratio": 2.58,
            "account_receivable_turnover_ratio": 1.89,
            "reinvestment_rate": 62.44,
            "research_to_sale_ratio": null,
            "price_fair": 116.5,
            "eps_avg_yearly": 3.75,
            "eps_latest_yearly": 4.56,
            "eps_growth_yearly": 21.07
        },
        "20122": {
            "year_quarter": 20122,
            "year": 2012,
            "quarter": 2,
            "eps": 0.78,
            "eps_growth_year": -36.1,
            "eps_4q": 4.42,
            "eps_4q_growth_year": 9.26,
            "roe": 2.95,
            "roe_4q": 17.03,
            "gross_profit": 2938534,
            "gross_margin": 3.95,
            "gross_margin_4q_avg": 3.98,
            "net_income": 1229557,
            "revenue": 74314046,
            "common_shares": 15768609,
            "book_valuer_per_share": 24.85,
            "book_valuer_per_share_4q_avg": 26.53,
            "equity": 39180277,
            "current_ratio": 136.86,
            "debt_ratio": 64.66,
            "inventory_turnover_ratio": 2.36,
            "account_receivable_turnover_ratio": 1.96,
            "reinvestment_rate": 59.75,
            "research_to_sale_ratio": null,
            "price_fair": 128.64,
            "eps_avg_yearly": 3.79,
            "eps_latest_yearly": 3.12,
            "eps_growth_yearly": 23.92
        },
        "20123": {
            "year_quarter": 20123,
            "year": 2012,
            "quarter": 3,
            "eps": 0.89,
            "eps_growth_year": -42.28,
            "eps_4q": 3.78,
            "eps_4q_growth_year": -14.41,
            "roe": 3.54,
            "roe_4q": 14.309999999999999,
            "gross_profit": 2961637,
            "gross_margin": 3.59,
            "gross_margin_4q_avg": 3.88,
            "net_income": 1408767,
            "revenue": 82481454,
            "common_shares": 15809169,
            "book_valuer_per_share": 25.56,
            "book_valuer_per_share_4q_avg": 26.41,
            "equity": 40403936,
            "current_ratio": 141.97,
            "debt_ratio": 62.03,
            "inventory_turnover_ratio": 2.58,
            "account_receivable_turnover_ratio": 2.01,
            "reinvestment_rate": 58.44,
            "research_to_sale_ratio": null,
            "price_fair": 129.62,
            "eps_avg_yearly": 3.84,
            "eps_latest_yearly": 3.56,
            "eps_growth_yearly": 23.76
        },
        "20124": {
            "year_quarter": 20124,
            "year": 2012,
            "quarter": 4,
            "eps": 0.88,
            "eps_growth_year": -10.72,
            "eps_4q": 3.67,
            "eps_4q_growth_year": -20.3,
            "roe": 3.41,
            "roe_4q": 14.02,
            "gross_profit": 2610354,
            "gross_margin": 3.14,
            "gross_margin_4q_avg": 3.71,
            "net_income": 1388159,
            "revenue": 83001813,
            "common_shares": 15838869,
            "book_valuer_per_share": 25.86,
            "book_valuer_per_share_4q_avg": 26.06,
            "equity": 40957933,
            "current_ratio": 138.04,
            "debt_ratio": 64.27,
            "inventory_turnover_ratio": 2.8,
            "account_receivable_turnover_ratio": 1.91,
            "reinvestment_rate": 55.96,
            "research_to_sale_ratio": null,
            "price_fair": 138.08,
            "eps_avg_yearly": 3.95,
            "eps_latest_yearly": 3.52,
            "eps_growth_yearly": 32.05
        },
        "20131": {
            "year_quarter": 20131,
            "year": 2013,
            "quarter": 1,
            "eps": 0.63,
            "eps_growth_year": -44.74,
            "eps_4q": 3.16,
            "eps_4q_growth_year": -34.58,
            "roe": 2.46,
            "roe_4q": 12.36,
            "gross_profit": 2380963,
            "gross_margin": 3.23,
            "gross_margin_4q_avg": 3.48,
            "net_income": 1043105,
            "revenue": 73636807,
            "common_shares": 15866579,
            "book_valuer_per_share": 27.22,
            "book_valuer_per_share_4q_avg": 25.87,
            "equity": 43894609,
            "current_ratio": 134.38,
            "debt_ratio": 60.76,
            "inventory_turnover_ratio": 2.49,
            "account_receivable_turnover_ratio": 1.75,
            "reinvestment_rate": 53.26,
            "research_to_sale_ratio": null,
            "price_fair": 101.41,
            "eps_avg_yearly": 3.95,
            "eps_latest_yearly": 2.52,
            "eps_growth_yearly": 15.71
        },
        "20132": {
            "year_quarter": 20132,
            "year": 2013,
            "quarter": 2,
            "eps": 0.97,
            "eps_growth_year": 24.4,
            "eps_4q": 3.36,
            "eps_4q_growth_year": -23.9,
            "roe": 3.69,
            "roe_4q": 13.100000000000001,
            "gross_profit": 2889335,
            "gross_margin": 3.67,
            "gross_margin_4q_avg": 3.41,
            "net_income": 1572288,
            "revenue": 78779789,
            "common_shares": 15868889,
            "book_valuer_per_share": 25.62,
            "book_valuer_per_share_4q_avg": 26.07,
            "equity": 41367044,
            "current_ratio": 126.79,
            "debt_ratio": 64.92,
            "inventory_turnover_ratio": 2.43,
            "account_receivable_turnover_ratio": 1.93,
            "reinvestment_rate": 52.63,
            "research_to_sale_ratio": null,
            "price_fair": 114.51,
            "eps_avg_yearly": 3.97,
            "eps_latest_yearly": 3.88,
            "eps_growth_yearly": 18.88
        },
        "20133": {
            "year_quarter": 20133,
            "year": 2013,
            "quarter": 3,
            "eps": 0.88,
            "eps_growth_year": -1.25,
            "eps_4q": 3.35,
            "eps_4q_growth_year": -11.26,
            "roe": 3.39,
            "roe_4q": 12.95,
            "gross_profit": 2846987,
            "gross_margin": 3.32,
            "gross_margin_4q_avg": 3.34,
            "net_income": 1413847,
            "revenue": 85751917,
            "common_shares": 15875699,
            "book_valuer_per_share": 26.05,
            "book_valuer_per_share_4q_avg": 26.19,
            "equity": 41992740,
            "current_ratio": 126.42,
            "debt_ratio": 65.12,
            "inventory_turnover_ratio": 2.37,
            "account_receivable_turnover_ratio": 1.97,
            "reinvestment_rate": 55.16,
            "research_to_sale_ratio": null,
            "price_fair": 65.95,
            "eps_avg_yearly": 3.88,
            "eps_latest_yearly": 3.52,
            "eps_growth_yearly": 7.01
        },
        "20134": {
            "year_quarter": 20134,
            "year": 2013,
            "quarter": 4,
            "eps": 0.84,
            "eps_growth_year": -3.59,
            "eps_4q": 3.32,
            "eps_4q_growth_year": -9.59,
            "roe": 3.29,
            "roe_4q": 12.829999999999998,
            "gross_profit": 2941492,
            "gross_margin": 3.19,
            "gross_margin_4q_avg": 3.35,
            "net_income": 1403268,
            "revenue": 92091240,
            "common_shares": 15885209,
            "book_valuer_per_share": 26.81,
            "book_valuer_per_share_4q_avg": 26.43,
            "equity": 43348394,
            "current_ratio": 126.61,
            "debt_ratio": 65.17,
            "inventory_turnover_ratio": 2.59,
            "account_receivable_turnover_ratio": 2.04,
            "reinvestment_rate": 15.83,
            "research_to_sale_ratio": null,
            "price_fair": 83.02,
            "eps_avg_yearly": 3.85,
            "eps_latest_yearly": 3.36,
            "eps_growth_yearly": 11.56
        },
        "20141": {
            "year_quarter": 20141,
            "year": 2014,
            "quarter": 1,
            "eps": 0.63,
            "eps_growth_year": 0,
            "eps_4q": 3.32,
            "eps_4q_growth_year": 4.98,
            "roe": 2.34,
            "roe_4q": 12.709999999999999,
            "gross_profit": 2605770,
            "gross_margin": 3.33,
            "gross_margin_4q_avg": 3.38,
            "net_income": 1045375,
            "revenue": 78150572,
            "common_shares": 15885209,
            "book_valuer_per_share": 28.35,
            "book_valuer_per_share_4q_avg": 26.71,
            "equity": 45807795,
            "current_ratio": 127.63,
            "debt_ratio": 64.77,
            "inventory_turnover_ratio": 2.15,
            "account_receivable_turnover_ratio": 1.75,
            "reinvestment_rate": 17.16,
            "research_to_sale_ratio": null,
            "price_fair": 58.77,
            "eps_avg_yearly": 3.77,
            "eps_latest_yearly": 2.52,
            "eps_growth_yearly": 5.58
        },
        "20142": {
            "year_quarter": 20142,
            "year": 2014,
            "quarter": 2,
            "eps": 0.72,
            "eps_growth_year": -25.77,
            "eps_4q": 3.07,
            "eps_4q_growth_year": -8.6,
            "roe": 2.77,
            "roe_4q": 11.79,
            "gross_profit": 2779733,
            "gross_margin": 3.57,
            "gross_margin_4q_avg": 3.35,
            "net_income": 1214289,
            "revenue": 77931683,
            "common_shares": 15885209,
            "book_valuer_per_share": 25.79,
            "book_valuer_per_share_4q_avg": 26.75,
            "equity": 41731865,
            "current_ratio": 124.39,
            "debt_ratio": 66.55,
            "inventory_turnover_ratio": 2.12,
            "account_receivable_turnover_ratio": 1.85,
            "reinvestment_rate": 17.11,
            "research_to_sale_ratio": null,
            "price_fair": 81.62,
            "eps_avg_yearly": 3.74,
            "eps_latest_yearly": 2.88,
            "eps_growth_yearly": 11.81
        },
        "20143": {
            "year_quarter": 20143,
            "year": 2014,
            "quarter": 3,
            "eps": 0.94,
            "eps_growth_year": 6.82,
            "eps_4q": 3.14,
            "eps_4q_growth_year": -6.42,
            "roe": 3.65,
            "roe_4q": 12.05,
            "gross_profit": 3181347,
            "gross_margin": 3.51,
            "gross_margin_4q_avg": 3.4,
            "net_income": 1549509,
            "revenue": 90713904,
            "common_shares": 15885209,
            "book_valuer_per_share": 26.73,
            "book_valuer_per_share_4q_avg": 26.92,
            "equity": 43261082,
            "current_ratio": 131.9,
            "debt_ratio": 67.95,
            "inventory_turnover_ratio": 2.7,
            "account_receivable_turnover_ratio": 2.05,
            "reinvestment_rate": 18.74,
            "research_to_sale_ratio": null,
            "price_fair": 70.03,
            "eps_avg_yearly": 3.68,
            "eps_latest_yearly": 3.76,
            "eps_growth_yearly": 9.03
        },
        "20144": {
            "year_quarter": 20144,
            "year": 2014,
            "quarter": 4,
            "eps": 0.87,
            "eps_growth_year": 3.17,
            "eps_4q": 3.16,
            "eps_4q_growth_year": -4.74,
            "roe": 3.23,
            "roe_4q": 11.99,
            "gross_profit": 2958335,
            "gross_margin": 3.49,
            "gross_margin_4q_avg": 3.48,
            "net_income": 1446023,
            "revenue": 84736435,
            "common_shares": 15885209,
            "book_valuer_per_share": 28.53,
            "book_valuer_per_share_4q_avg": 27.35,
            "equity": 46208661,
            "current_ratio": 131.21,
            "debt_ratio": 66.19,
            "inventory_turnover_ratio": 2.6,
            "account_receivable_turnover_ratio": 1.81,
            "reinvestment_rate": 21.62,
            "research_to_sale_ratio": null,
            "price_fair": 96.3,
            "eps_avg_yearly": 3.71,
            "eps_latest_yearly": 3.48,
            "eps_growth_yearly": 15.99
        },
        "20151": {
            "year_quarter": 20151,
            "year": 2015,
            "quarter": 1,
            "eps": 0.73,
            "eps_growth_year": 15.87,
            "eps_4q": 3.27,
            "eps_4q_growth_year": -1.68,
            "roe": 2.63,
            "roe_4q": 12.28,
            "gross_profit": 2711069,
            "gross_margin": 3.86,
            "gross_margin_4q_avg": 3.61,
            "net_income": 1210400,
            "revenue": 70236826,
            "common_shares": 15885209,
            "book_valuer_per_share": 28.27,
            "book_valuer_per_share_4q_avg": 27.33,
            "equity": 45787353,
            "current_ratio": 130.87,
            "debt_ratio": 65.72,
            "inventory_turnover_ratio": 2.12,
            "account_receivable_turnover_ratio": 1.69,
            "reinvestment_rate": 18.77,
            "research_to_sale_ratio": null,
            "price_fair": 63.77,
            "eps_avg_yearly": 3.66,
            "eps_latest_yearly": 2.92,
            "eps_growth_yearly": 7.42
        },
        "20152": {
            "year_quarter": 20152,
            "year": 2015,
            "quarter": 2,
            "eps": 0.82,
            "eps_growth_year": 13.89,
            "eps_4q": 3.36,
            "eps_4q_growth_year": 9.35,
            "roe": 3.15,
            "roe_4q": 12.66,
            "gross_profit": 2598740,
            "gross_margin": 3.55,
            "gross_margin_4q_avg": 3.6,
            "net_income": 1369177,
            "revenue": 73178379,
            "common_shares": 15885209,
            "book_valuer_per_share": 25.3,
            "book_valuer_per_share_4q_avg": 27.21,
            "equity": 41105308,
            "current_ratio": 123.98,
            "debt_ratio": 69.19,
            "inventory_turnover_ratio": 2.16,
            "account_receivable_turnover_ratio": 1.88,
            "reinvestment_rate": 18.43,
            "research_to_sale_ratio": null,
            "price_fair": 42.68,
            "eps_avg_yearly": 3.56,
            "eps_latest_yearly": 3.28,
            "eps_growth_yearly": 1.99
        },
        "20153": {
            "year_quarter": 20153,
            "year": 2015,
            "quarter": 3,
            "eps": 0.19,
            "eps_growth_year": -79.79,
            "eps_4q": 2.61,
            "eps_4q_growth_year": -16.82,
            "roe": 0.82,
            "roe_4q": 9.83,
            "gross_profit": 3011352,
            "gross_margin": 3.56,
            "gross_margin_4q_avg": 3.62,
            "net_income": 347303,
            "revenue": 84507068,
            "common_shares": 15885209,
            "book_valuer_per_share": 26.66,
            "book_valuer_per_share_4q_avg": 27.19,
            "equity": 43289218,
            "current_ratio": 129.37,
            "debt_ratio": 69.42,
            "inventory_turnover_ratio": 2.46,
            "account_receivable_turnover_ratio": 1.98,
            "reinvestment_rate": 21.51,
            "research_to_sale_ratio": null,
            "price_fair": 9.67,
            "eps_avg_yearly": 3.22,
            "eps_latest_yearly": 0.76,
            "eps_growth_yearly": -23.77
        },
        "20154": {
            "year_quarter": 20154,
            "year": 2015,
            "quarter": 4,
            "eps": 0.27,
            "eps_growth_year": -69.14,
            "eps_4q": 2.01,
            "eps_4q_growth_year": -36.59,
            "roe": 1.13,
            "roe_4q": 7.7299999999999995,
            "gross_profit": 3270612,
            "gross_margin": 3.47,
            "gross_margin_4q_avg": 3.61,
            "net_income": 491797,
            "revenue": 94211179,
            "common_shares": 15885209,
            "book_valuer_per_share": 26.95,
            "book_valuer_per_share_4q_avg": 26.8,
            "equity": 43875292,
            "current_ratio": 120.24,
            "debt_ratio": 67.45,
            "inventory_turnover_ratio": 2.64,
            "account_receivable_turnover_ratio": 2.05,
            "reinvestment_rate": 20.76,
            "research_to_sale_ratio": null,
            "price_fair": 9.14,
            "eps_avg_yearly": 3.05,
            "eps_latest_yearly": 1.08,
            "eps_growth_yearly": -4.16
        },
        "20161": {
            "year_quarter": 20161,
            "year": 2016,
            "quarter": 1,
            "eps": 0.76,
            "eps_growth_year": 4.11,
            "eps_4q": 2.04,
            "eps_4q_growth_year": -37.58,
            "roe": 2.87,
            "roe_4q": 7.970000000000001,
            "gross_profit": 2887688,
            "gross_margin": 3.73,
            "gross_margin_4q_avg": 3.58,
            "net_income": 1270887,
            "revenue": 77493108,
            "common_shares": 15885209,
            "book_valuer_per_share": 27.4,
            "book_valuer_per_share_4q_avg": 26.58,
            "equity": 44668751,
            "current_ratio": 123.01,
            "debt_ratio": 64.66,
            "inventory_turnover_ratio": 2.13,
            "account_receivable_turnover_ratio": 1.77,
            "reinvestment_rate": 21.58,
            "research_to_sale_ratio": null,
            "price_fair": 103.25,
            "eps_avg_yearly": 2.95,
            "eps_latest_yearly": 3.04,
            "eps_growth_yearly": 37.13
        },
        "20162": {
            "year_quarter": 20162,
            "year": 2016,
            "quarter": 2,
            "eps": 0.71,
            "eps_growth_year": -13.41,
            "eps_4q": 1.83,
            "eps_4q_growth_year": -45.45,
            "roe": 2.68,
            "roe_4q": 7.500000000000001,
            "gross_profit": 2814072,
            "gross_margin": 3.37,
            "gross_margin_4q_avg": 3.53,
            "net_income": 1169428,
            "revenue": 83590700,
            "common_shares": 15885209,
            "book_valuer_per_share": 26.14,
            "book_valuer_per_share_4q_avg": 26.79,
            "equity": 42724638,
            "current_ratio": 119.56,
            "debt_ratio": 66.84,
            "inventory_turnover_ratio": 2.35,
            "account_receivable_turnover_ratio": 1.99,
            "reinvestment_rate": 21.55,
            "research_to_sale_ratio": null,
            "price_fair": 102.64,
            "eps_avg_yearly": 2.93,
            "eps_latest_yearly": 2.84,
            "eps_growth_yearly": 43.38
        },
        "20163": {
            "year_quarter": 20163,
            "year": 2016,
            "quarter": 3,
            "eps": 0.73,
            "eps_growth_year": 284.21,
            "eps_4q": 2.39,
            "eps_4q_growth_year": -8.56,
            "roe": 2.97,
            "roe_4q": 9.649999999999999,
            "gross_profit": 2924228,
            "gross_margin": 3.21,
            "gross_margin_4q_avg": 3.45,
            "net_income": 1265975,
            "revenue": 90968814,
            "common_shares": 16679470,
            "book_valuer_per_share": 24.69,
            "book_valuer_per_share_4q_avg": 26.3,
            "equity": 42410626,
            "current_ratio": 121.38,
            "debt_ratio": 65.8,
            "inventory_turnover_ratio": 2.78,
            "account_receivable_turnover_ratio": 2.05,
            "reinvestment_rate": 19.31,
            "research_to_sale_ratio": null,
            "price_fair": 101.24,
            "eps_avg_yearly": 2.89,
            "eps_latest_yearly": 2.92,
            "eps_growth_yearly": 40.56
        },
        "20164": {
            "year_quarter": 20164,
            "year": 2016,
            "quarter": 4,
            "eps": 0.79,
            "eps_growth_year": 195.48,
            "eps_4q": 2.92,
            "eps_4q_growth_year": 45.78,
            "roe": 3.29,
            "roe_4q": 11.809999999999999,
            "gross_profit": 3504976,
            "gross_margin": 3.87,
            "gross_margin_4q_avg": 3.55,
            "net_income": 1418446,
            "revenue": 90643831,
            "common_shares": 16679470,
            "book_valuer_per_share": 25.52,
            "book_valuer_per_share_4q_avg": 25.94,
            "equity": 43882496,
            "current_ratio": 122.63,
            "debt_ratio": 65.67,
            "inventory_turnover_ratio": 2.77,
            "account_receivable_turnover_ratio": 1.91,
            "reinvestment_rate": 21.76,
            "research_to_sale_ratio": null,
            "price_fair": 100.45,
            "eps_avg_yearly": 2.87,
            "eps_latest_yearly": 3.16,
            "eps_growth_yearly": 42.9
        },
        "20171": {
            "year_quarter": 20171,
            "year": 2017,
            "quarter": 1,
            "eps": 0.68,
            "eps_growth_year": -10.53,
            "eps_4q": 2.88,
            "eps_4q_growth_year": 41.44,
            "roe": 2.79,
            "roe_4q": 11.73,
            "gross_profit": 2985499,
            "gross_margin": 3.9,
            "gross_margin_4q_avg": 3.59,
            "net_income": 1201506,
            "revenue": 76537882,
            "common_shares": 16679470,
            "book_valuer_per_share": 24.56,
            "book_valuer_per_share_4q_avg": 25.23,
            "equity": 42269982,
            "current_ratio": 124.09,
            "debt_ratio": 64.71,
            "inventory_turnover_ratio": 2.17,
            "account_receivable_turnover_ratio": 1.71,
            "reinvestment_rate": 20.54,
            "research_to_sale_ratio": null,
            "price_fair": 100.89,
            "eps_avg_yearly": 2.88,
            "eps_latest_yearly": 2.72,
            "eps_growth_yearly": 46.52
        },
        "20172": {
            "year_quarter": 20172,
            "year": 2017,
            "quarter": 2,
            "eps": 0.8,
            "eps_growth_year": 12.68,
            "eps_4q": 3.01,
            "eps_4q_growth_year": 64.06,
            "roe": 3.29,
            "roe_4q": 12.340000000000002,
            "gross_profit": 2849610,
            "gross_margin": 3.54,
            "gross_margin_4q_avg": 3.63,
            "net_income": 1402554,
            "revenue": 80446026,
            "common_shares": 16679470,
            "book_valuer_per_share": 24.88,
            "book_valuer_per_share_4q_avg": 24.91,
            "equity": 42978572,
            "current_ratio": 122.14,
            "debt_ratio": 66.53,
            "inventory_turnover_ratio": 2.16,
            "account_receivable_turnover_ratio": 1.82,
            "reinvestment_rate": 22.72,
            "research_to_sale_ratio": null,
            "price_fair": 99.4,
            "eps_avg_yearly": 2.84,
            "eps_latest_yearly": 3.2,
            "eps_growth_yearly": 37.44
        },
        "20173": {
            "year_quarter": 20173,
            "year": 2017,
            "quarter": 3,
            "eps": 1.13,
            "eps_growth_year": 54.79,
            "eps_4q": 3.4,
            "eps_4q_growth_year": 42.56,
            "roe": 4.42,
            "roe_4q": 13.79,
            "gross_profit": 3416557,
            "gross_margin": 3.41,
            "gross_margin_4q_avg": 3.68,
            "net_income": 1950728,
            "revenue": 100255625,
            "common_shares": 16679470,
            "book_valuer_per_share": 26.21,
            "book_valuer_per_share_4q_avg": 25.29,
            "equity": 45249087,
            "current_ratio": 121.62,
            "debt_ratio": 67.19,
            "inventory_turnover_ratio": 2.57,
            "account_receivable_turnover_ratio": 2.03,
            "reinvestment_rate": 21.75,
            "research_to_sale_ratio": null,
            "price_fair": 101.59,
            "eps_avg_yearly": 2.9,
            "eps_latest_yearly": 4.52,
            "eps_growth_yearly": 50.07
        },
        "20174": {
            "year_quarter": 20174,
            "year": 2017,
            "quarter": 4,
            "eps": 1.06,
            "eps_growth_year": 33.45,
            "eps_4q": 3.67,
            "eps_4q_growth_year": 25.39,
            "roe": 4.04,
            "roe_4q": 14.54,
            "gross_profit": 3609698,
            "gross_margin": 3.37,
            "gross_margin_4q_avg": 3.56,
            "net_income": 1859451,
            "revenue": 106968344,
            "common_shares": 16679470,
            "book_valuer_per_share": 27.08,
            "book_valuer_per_share_4q_avg": 25.68,
            "equity": 46761830,
            "current_ratio": 121.14,
            "debt_ratio": 66.31,
            "inventory_turnover_ratio": 2.79,
            "account_receivable_turnover_ratio": 1.99,
            "reinvestment_rate": 27.93,
            "research_to_sale_ratio": null,
            "price_fair": 103.51,
            "eps_avg_yearly": 2.96,
            "eps_latest_yearly": 4.24,
            "eps_growth_yearly": 49.66
        },
        "20181": {
            "year_quarter": 20181,
            "year": 2018,
            "quarter": 1,
            "eps": 1.35,
            "eps_growth_year": 98.53,
            "eps_4q": 4.33,
            "eps_4q_growth_year": 50.25,
            "roe": 4.88,
            "roe_4q": 16.63,
            "gross_profit": 3278999,
            "gross_margin": 3.67,
            "gross_margin_4q_avg": 3.5,
            "net_income": 2326755,
            "revenue": 89322868,
            "common_shares": 16679470,
            "book_valuer_per_share": 28.13,
            "book_valuer_per_share_4q_avg": 26.58,
            "equity": 48531352,
            "current_ratio": 126.52,
            "debt_ratio": 63.52,
            "inventory_turnover_ratio": 2.41,
            "account_receivable_turnover_ratio": 1.7,
            "reinvestment_rate": 10.99,
            "research_to_sale_ratio": null,
            "price_fair": 109.81,
            "eps_avg_yearly": 3.14,
            "eps_latest_yearly": 5.4,
            "eps_growth_yearly": 62.75
        },
        "20182": {
            "year_quarter": 20182,
            "year": 2018,
            "quarter": 2,
            "eps": 0.91,
            "eps_growth_year": 13.75,
            "eps_4q": 4.45,
            "eps_4q_growth_year": 47.85,
            "roe": 3.26,
            "roe_4q": 16.6,
            "gross_profit": 3262354,
            "gross_margin": 3.6,
            "gross_margin_4q_avg": 3.51,
            "net_income": 1564711,
            "revenue": 90569151,
            "common_shares": 16679470,
            "book_valuer_per_share": 27.4,
            "book_valuer_per_share_4q_avg": 27.21,
            "equity": 47316538,
            "current_ratio": 121.45,
            "debt_ratio": 66.83,
            "inventory_turnover_ratio": 2.33,
            "account_receivable_turnover_ratio": 1.75,
            "reinvestment_rate": 13.84,
            "research_to_sale_ratio": null,
            "price_fair": 111.48,
            "eps_avg_yearly": 3.19,
            "eps_latest_yearly": 3.64,
            "eps_growth_yearly": 51.03
        },
        "20183": {
            "year_quarter": 20183,
            "year": 2018,
            "quarter": 3,
            "eps": 0.9,
            "eps_growth_year": -20.35,
            "eps_4q": 4.22,
            "eps_4q_growth_year": 24.09,
            "roe": 3.33,
            "roe_4q": 15.509999999999998,
            "gross_profit": 3944132,
            "gross_margin": 3.77,
            "gross_margin_4q_avg": 3.6,
            "net_income": 1578026,
            "revenue": 104581292,
            "common_shares": 16679470,
            "book_valuer_per_share": 27.55,
            "book_valuer_per_share_4q_avg": 27.54,
            "equity": 47582760,
            "current_ratio": 120.23,
            "debt_ratio": 67.53,
            "inventory_turnover_ratio": 2.6,
            "account_receivable_turnover_ratio": 1.8,
            "reinvestment_rate": 12.19,
            "research_to_sale_ratio": null,
            "price_fair": 111.13,
            "eps_avg_yearly": 3.18,
            "eps_latest_yearly": 3.6,
            "eps_growth_yearly": 43.11
        },
        "20184": {
            "year_quarter": 20184,
            "year": 2018,
            "quarter": 4,
            "eps": 0.8,
            "eps_growth_year": -24.32,
            "eps_4q": 3.96,
            "eps_4q_growth_year": 8.05,
            "roe": 2.98,
            "roe_4q": 14.45,
            "gross_profit": 4012619,
            "gross_margin": 4.06,
            "gross_margin_4q_avg": 3.78,
            "net_income": 1443168,
            "revenue": 98721628,
            "common_shares": 16679470,
            "book_valuer_per_share": 28.52,
            "book_valuer_per_share_4q_avg": 27.9,
            "equity": 49359900,
            "current_ratio": 120.87,
            "debt_ratio": 66.54,
            "inventory_turnover_ratio": 2.42,
            "account_receivable_turnover_ratio": 1.66,
            "reinvestment_rate": 13.32,
            "research_to_sale_ratio": null,
            "price_fair": 110.51,
            "eps_avg_yearly": 3.16,
            "eps_latest_yearly": 3.2,
            "eps_growth_yearly": 42.2
        },
        "20191": {
            "year_quarter": 20191,
            "year": 2019,
            "quarter": 1,
            "eps": 1.01,
            "eps_growth_year": -25.19,
            "eps_4q": 3.62,
            "eps_4q_growth_year": -16.35,
            "roe": 3.45,
            "roe_4q": 13.02,
            "gross_profit": 3672384,
            "gross_margin": 4.52,
            "gross_margin_4q_avg": 3.99,
            "net_income": 1773665,
            "revenue": 81333120,
            "common_shares": 16679470,
            "book_valuer_per_share": 30.87,
            "book_valuer_per_share_4q_avg": 28.59,
            "equity": 53396970,
            "current_ratio": 125.86,
            "debt_ratio": 62.08,
            "inventory_turnover_ratio": 2.05,
            "account_receivable_turnover_ratio": 1.5,
            "reinvestment_rate": 14.01,
            "research_to_sale_ratio": null,
            "price_fair": 112.96,
            "eps_avg_yearly": 3.23,
            "eps_latest_yearly": 4.04,
            "eps_growth_yearly": 52.78
        },
        "20192": {
            "year_quarter": 20192,
            "year": 2019,
            "quarter": 2,
            "eps": 0.94,
            "eps_growth_year": 3.3,
            "eps_4q": 3.65,
            "eps_4q_growth_year": -17.82,
            "roe": 3.11,
            "roe_4q": 12.870000000000001,
            "gross_profit": 3226509,
            "gross_margin": 4.14,
            "gross_margin_4q_avg": 4.12,
            "net_income": 1625445,
            "revenue": 77932508,
            "common_shares": 16679470,
            "book_valuer_per_share": 29.5,
            "book_valuer_per_share_4q_avg": 29.11,
            "equity": 51125826,
            "current_ratio": 122.74,
            "debt_ratio": 63.46,
            "inventory_turnover_ratio": 2.27,
            "account_receivable_turnover_ratio": 1.55,
            "reinvestment_rate": 13.13,
            "research_to_sale_ratio": null,
            "price_fair": 114.01,
            "eps_avg_yearly": 3.26,
            "eps_latest_yearly": 3.76,
            "eps_growth_yearly": 47.97
        },
        "20193": {
            "year_quarter": 20193,
            "year": 2019,
            "quarter": 3,
            "eps": 0.97,
            "eps_growth_year": 7.78,
            "eps_4q": 3.73,
            "eps_4q_growth_year": -11.69,
            "roe": 3.42,
            "roe_4q": 12.96,
            "gross_profit": 3650771,
            "gross_margin": 4.17,
            "gross_margin_4q_avg": 4.22,
            "net_income": 1743680,
            "revenue": 87449657,
            "common_shares": 16679470,
            "book_valuer_per_share": 29.29,
            "book_valuer_per_share_4q_avg": 29.55,
            "equity": 50903821,
            "current_ratio": 118.09,
            "debt_ratio": 65.51,
            "inventory_turnover_ratio": 2.75,
            "account_receivable_turnover_ratio": 1.75,
            "reinvestment_rate": 8.79,
            "research_to_sale_ratio": null,
            "price_fair": 120.84,
            "eps_avg_yearly": 3.45,
            "eps_latest_yearly": 3.88,
            "eps_growth_yearly": 67.97
        },
        "20194": {
            "year_quarter": 20194,
            "year": 2019,
            "quarter": 4,
            "eps": 1.16,
            "eps_growth_year": 44.87,
            "eps_4q": 4.09,
            "eps_4q_growth_year": 3.15,
            "roe": 4.04,
            "roe_4q": 14.02,
            "gross_profit": 4171248,
            "gross_margin": 4.47,
            "gross_margin_4q_avg": 4.33,
            "net_income": 2076260,
            "revenue": 93279381,
            "common_shares": 16679470,
            "book_valuer_per_share": 29.87,
            "book_valuer_per_share_4q_avg": 29.88,
            "equity": 51945672,
            "current_ratio": 119.04,
            "debt_ratio": 64.83,
            "inventory_turnover_ratio": 2.88,
            "account_receivable_turnover_ratio": 1.82,
            "reinvestment_rate": 7.64,
            "research_to_sale_ratio": null,
            "price_fair": 128.63,
            "eps_avg_yearly": 3.68,
            "eps_latest_yearly": 4.64,
            "eps_growth_yearly": 62.34
        },
        "20201": {
            "year_quarter": 20201,
            "year": 2020,
            "quarter": 1,
            "eps": 1.08,
            "eps_growth_year": 6.93,
            "eps_4q": 4.15,
            "eps_4q_growth_year": 14.67,
            "roe": 3.79,
            "roe_4q": 14.36,
            "gross_profit": 3381713,
            "gross_margin": 4.92,
            "gross_margin_4q_avg": 4.43,
            "net_income": 1870641,
            "revenue": 68705356,
            "common_shares": 16679470,
            "book_valuer_per_share": 26.97,
            "book_valuer_per_share_4q_avg": 28.91,
            "equity": 46856065,
            "current_ratio": 115.29,
            "debt_ratio": 65.09,
            "inventory_turnover_ratio": 2.25,
            "account_receivable_turnover_ratio": 1.41,
            "reinvestment_rate": 16.37,
            "research_to_sale_ratio": null,
            "price_fair": 94.81,
            "eps_avg_yearly": 3.76,
            "eps_latest_yearly": 4.32,
            "eps_growth_yearly": 15.25
        },
        "20202": {
            "year_quarter": 20202,
            "year": 2020,
            "quarter": 2,
            "eps": 1.07,
            "eps_growth_year": 13.83,
            "eps_4q": 4.28,
            "eps_4q_growth_year": 17.28,
            "roe": 3.84,
            "roe_4q": 15.09,
            "gross_profit": 3603486,
            "gross_margin": 4.74,
            "gross_margin_4q_avg": 4.58,
            "net_income": 1846976,
            "revenue": 75943536,
            "common_shares": 16679470,
            "book_valuer_per_share": 28.29,
            "book_valuer_per_share_4q_avg": 28.61,
            "equity": 49376972,
            "current_ratio": 117.31,
            "debt_ratio": 65.39,
            "inventory_turnover_ratio": 2.54,
            "account_receivable_turnover_ratio": 1.58,
            "reinvestment_rate": 17.03,
            "research_to_sale_ratio": null,
            "price_fair": 102.51,
            "eps_avg_yearly": 3.85,
            "eps_latest_yearly": 4.28,
            "eps_growth_yearly": 16.66
        },
        "20203": {
            "year_quarter": 20203,
            "year": 2020,
            "quarter": 3,
            "eps": 1.26,
            "eps_growth_year": 29.9,
            "eps_4q": 4.57,
            "eps_4q_growth_year": 22.65,
            "roe": 4.39,
            "roe_4q": 16.06,
            "gross_profit": 3817323,
            "gross_margin": 4.26,
            "gross_margin_4q_avg": 4.6,
            "net_income": 2231288,
            "revenue": 89626062,
            "common_shares": 16679470,
            "book_valuer_per_share": 30.06,
            "book_valuer_per_share_4q_avg": 28.8,
            "equity": 52217055,
            "current_ratio": 119.19,
            "debt_ratio": 64.85,
            "inventory_turnover_ratio": 3.12,
            "account_receivable_turnover_ratio": 1.67,
            "reinvestment_rate": 18.71,
            "research_to_sale_ratio": null,
            "price_fair": 120.9,
            "eps_avg_yearly": 3.98,
            "eps_latest_yearly": 5.04,
            "eps_growth_yearly": 20.4
        },
        "20204": {
            "year_quarter": 20204,
            "year": 2020,
            "quarter": 4,
            "eps": 1.48,
            "eps_growth_year": 27.66,
            "eps_4q": 4.89,
            "eps_4q_growth_year": 19.71,
            "roe": 4.75,
            "roe_4q": 16.77,
            "gross_profit": 4292096,
            "gross_margin": 4.3,
            "gross_margin_4q_avg": 4.56,
            "net_income": 2589481,
            "revenue": 99926023,
            "common_shares": 16679470,
            "book_valuer_per_share": 32.72,
            "book_valuer_per_share_4q_avg": 29.51,
            "equity": 56850168,
            "current_ratio": 119.52,
            "debt_ratio": 64.4,
            "inventory_turnover_ratio": 3.46,
            "account_receivable_turnover_ratio": 1.64,
            "reinvestment_rate": 22.63,
            "research_to_sale_ratio": null,
            "price_fair": 135.73,
            "eps_avg_yearly": 4.15,
            "eps_latest_yearly": 5.92,
            "eps_growth_yearly": 22.71
        },
        "20211": {
            "year_quarter": 20211,
            "year": 2021,
            "quarter": 1,
            "eps": 1.52,
            "eps_growth_year": 40.74,
            "eps_4q": 5.33,
            "eps_4q_growth_year": 28.35,
            "roe": 4.83,
            "roe_4q": 17.81,
            "gross_profit": 4069652,
            "gross_margin": 4.69,
            "gross_margin_4q_avg": 4.5,
            "net_income": 2674390,
            "revenue": 86744611,
            "common_shares": 16679470,
            "book_valuer_per_share": 31.05,
            "book_valuer_per_share_4q_avg": 30.53,
            "equity": 53968691,
            "current_ratio": 115.91,
            "debt_ratio": 65.67,
            "inventory_turnover_ratio": 2.73,
            "account_receivable_turnover_ratio": 1.4,
            "reinvestment_rate": 26.07,
            "research_to_sale_ratio": null,
            "price_fair": 152.6,
            "eps_avg_yearly": 4.36,
            "eps_latest_yearly": 6.08,
            "eps_growth_yearly": 26.86
        },
        "20212": {
            "year_quarter": 20212,
            "year": 2021,
            "quarter": 2,
            "eps": 2,
            "eps_growth_year": 86.92,
            "eps_4q": 6.26,
            "eps_4q_growth_year": 46.15,
            "roe": 6.21,
            "roe_4q": 20.18,
            "gross_profit": 4069221,
            "gross_margin": 4.21,
            "gross_margin_4q_avg": 4.37,
            "net_income": 3426070,
            "revenue": 96566850,
            "common_shares": 16679470,
            "book_valuer_per_share": 32.55,
            "book_valuer_per_share_4q_avg": 31.6,
            "equity": 56295263,
            "current_ratio": 117.47,
            "debt_ratio": 65.8,
            "inventory_turnover_ratio": 2.95,
            "account_receivable_turnover_ratio": 1.56,
            "reinvestment_rate": 21.81,
            "research_to_sale_ratio": null,
            "price_fair": 163.1,
            "eps_avg_yearly": 4.66,
            "eps_latest_yearly": 8,
            "eps_growth_yearly": 30.35
        },
        "20213": {
            "year_quarter": 20213,
            "year": 2021,
            "quarter": 3,
            "eps": 5,
            "eps_growth_year": 296.83,
            "eps_4q": 10.01,
            "eps_4q_growth_year": 119.06,
            "roe": 14.44,
            "roe_4q": 30.229999999999997,
            "gross_profit": 4390261,
            "gross_margin": 4.32,
            "gross_margin_4q_avg": 4.38,
            "net_income": 8482022,
            "revenue": 101569621,
            "common_shares": 16679470,
            "book_valuer_per_share": 35.41,
            "book_valuer_per_share_4q_avg": 32.93,
            "equity": 61219564,
            "current_ratio": 128.6,
            "debt_ratio": 65.74,
            "inventory_turnover_ratio": 2.76,
            "account_receivable_turnover_ratio": 1.53,
            "reinvestment_rate": 3.9,
            "research_to_sale_ratio": null,
            "price_fair": 196.96,
            "eps_avg_yearly": 5.63,
            "eps_latest_yearly": 20,
            "eps_growth_yearly": 57.53
        },
        "20214": {
            "year_quarter": 20214,
            "year": 2021,
            "quarter": 4,
            "eps": 1.83,
            "eps_growth_year": 23.22,
            "eps_4q": 10.35,
            "eps_4q_growth_year": 111.7,
            "roe": 5.03,
            "roe_4q": 30.509999999999998,
            "gross_profit": 5070334,
            "gross_margin": 4.09,
            "gross_margin_4q_avg": 4.33,
            "net_income": 3195242,
            "revenue": 123930530,
            "common_shares": 16679470,
            "book_valuer_per_share": 38.14,
            "book_valuer_per_share_4q_avg": 34.29,
            "equity": 65891077,
            "current_ratio": 128.33,
            "debt_ratio": 67.33,
            "inventory_turnover_ratio": 2.79,
            "account_receivable_turnover_ratio": 1.61,
            "reinvestment_rate": 1.47,
            "research_to_sale_ratio": null,
            "price_fair": 203.7,
            "eps_avg_yearly": 5.82,
            "eps_latest_yearly": 7.32,
            "eps_growth_yearly": 43.23
        },
        "20221": {
            "year_quarter": 20221,
            "year": 2022,
            "quarter": 1,
            "eps": 1.53,
            "eps_growth_year": 0.66,
            "eps_4q": 10.36,
            "eps_4q_growth_year": 94.26,
            "roe": 4.18,
            "roe_4q": 29.86,
            "gross_profit": 4283230,
            "gross_margin": 4.25,
            "gross_margin_4q_avg": 4.22,
            "net_income": 2698083,
            "revenue": 100865185,
            "common_shares": 16679470,
            "book_valuer_per_share": 36.33,
            "book_valuer_per_share_4q_avg": 35.61,
            "equity": 63093056,
            "current_ratio": 125.17,
            "debt_ratio": 68.07,
            "inventory_turnover_ratio": 1.95,
            "account_receivable_turnover_ratio": 1.27,
            "reinvestment_rate": 10.81,
            "research_to_sale_ratio": null,
            "price_fair": 205.28,
            "eps_avg_yearly": 5.87,
            "eps_latest_yearly": 6.12,
            "eps_growth_yearly": 32.29
        },
        "20222": {
            "year_quarter": 20222,
            "year": 2022,
            "quarter": 2,
            "eps": 1.43,
            "eps_growth_year": -28.5,
            "eps_4q": 9.79,
            "eps_4q_growth_year": 56.25,
            "roe": 3.88,
            "roe_4q": 27.53,
            "gross_profit": 4129772,
            "gross_margin": 4,
            "gross_margin_4q_avg": 4.17,
            "net_income": 2443896,
            "revenue": 103353405,
            "common_shares": 16679470,
            "book_valuer_per_share": 36.15,
            "book_valuer_per_share_4q_avg": 36.51,
            "equity": 62838805,
            "current_ratio": 124.68,
            "debt_ratio": 68.94,
            "inventory_turnover_ratio": 1.84,
            "account_receivable_turnover_ratio": 1.38,
            "reinvestment_rate": 9.02,
            "research_to_sale_ratio": null,
            "price_fair": 209.83,
            "eps_avg_yearly": 6,
            "eps_latest_yearly": 5.72,
            "eps_growth_yearly": 38.81
        },
        "20223": {
            "year_quarter": 20223,
            "year": 2022,
            "quarter": 3,
            "eps": 5.01,
            "eps_growth_year": 0.2,
            "eps_4q": 9.79,
            "eps_4q_growth_year": -2.16,
            "roe": 12.73,
            "roe_4q": 25.82,
            "gross_profit": 4331011,
            "gross_margin": 3.98,
            "gross_margin_4q_avg": 4.08,
            "net_income": 8528914,
            "revenue": 108793437,
            "common_shares": 16679470,
            "book_valuer_per_share": 41.26,
            "book_valuer_per_share_4q_avg": 37.97,
            "equity": 71133214,
            "current_ratio": 139.93,
            "debt_ratio": 67.51,
            "inventory_turnover_ratio": 1.73,
            "account_receivable_turnover_ratio": 1.44,
            "reinvestment_rate": -3.35,
            "research_to_sale_ratio": null,
            "price_fair": 245.79,
            "eps_avg_yearly": 7.02,
            "eps_latest_yearly": 20.04,
            "eps_growth_yearly": 101.67
        },
        "20224": {
            "year_quarter": 20224,
            "year": 2022,
            "quarter": 4,
            "eps": 1.48,
            "eps_growth_year": -19.24,
            "eps_4q": 9.44,
            "eps_4q_growth_year": -8.82,
            "roe": 3.64,
            "roe_4q": 24.43,
            "gross_profit": 5099206,
            "gross_margin": 4.57,
            "gross_margin_4q_avg": 4.2,
            "net_income": 2659433,
            "revenue": 111538393,
            "common_shares": 16679470,
            "book_valuer_per_share": 43.5,
            "book_valuer_per_share_4q_avg": 39.31,
            "equity": 74931034,
            "current_ratio": 154.47,
            "debt_ratio": 66.17,
            "inventory_turnover_ratio": 1.76,
            "account_receivable_turnover_ratio": 1.45,
            "reinvestment_rate": -5.6,
            "research_to_sale_ratio": null,
            "price_fair": 251.74,
            "eps_avg_yearly": 7.19,
            "eps_latest_yearly": 5.92,
            "eps_growth_yearly": 86.83
        },
        "20231": {
            "year_quarter": 20231,
            "year": 2023,
            "quarter": 1,
            "eps": 1.04,
            "eps_growth_year": -32.03,
            "eps_4q": 8.95,
            "eps_4q_growth_year": -13.56,
            "roe": 2.53,
            "roe_4q": 22.779999999999998,
            "gross_profit": 4276718,
            "gross_margin": 4.83,
            "gross_margin_4q_avg": 4.35,
            "net_income": 1836087,
            "revenue": 88599839,
            "common_shares": 16679470,
            "book_valuer_per_share": 40.41,
            "book_valuer_per_share_4q_avg": 40.33,
            "equity": 69946582,
            "current_ratio": 150.98,
            "debt_ratio": 66.02,
            "inventory_turnover_ratio": 1.64,
            "account_receivable_turnover_ratio": 1.18,
            "reinvestment_rate": -5.84,
            "research_to_sale_ratio": null,
            "price_fair": 252,
            "eps_avg_yearly": 7.2,
            "eps_latest_yearly": 4.16,
            "eps_growth_yearly": 72.84
        }
    },
    "months": {
        "2001-06": {
            "month": "2001-06",
            "price": "59.68",
            "revenue": 3118036
        },
        "2001-07": {
            "month": "2001-07",
            "price": "42.05",
            "revenue": 4044463
        },
        "2001-08": {
            "month": "2001-08",
            "price": "46.12",
            "revenue": 4511493
        },
        "2001-09": {
            "month": "2001-09",
            "price": "36.68",
            "revenue": 4102848
        },
        "2001-10": {
            "month": "2001-10",
            "price": "30.56",
            "revenue": 4604355
        },
        "2001-11": {
            "month": "2001-11",
            "price": "35.53",
            "revenue": 4469180
        },
        "2001-12": {
            "month": "2001-12",
            "price": "43.00",
            "revenue": 4704605
        },
        "2002-01": {
            "month": "2002-01",
            "price": "48.63",
            "revenue": 4598082
        },
        "2002-02": {
            "month": "2002-02",
            "price": "47.16",
            "revenue": 3781557
        },
        "2002-03": {
            "month": "2002-03",
            "price": "50.12",
            "revenue": 4355841
        },
        "2002-04": {
            "month": "2002-04",
            "price": "50.05",
            "revenue": 4190034
        },
        "2002-05": {
            "month": "2002-05",
            "price": "47.44",
            "revenue": 4945382
        },
        "2002-06": {
            "month": "2002-06",
            "price": "44.62",
            "revenue": 3822223
        },
        "2002-07": {
            "month": "2002-07",
            "price": "40.27",
            "revenue": 4563527
        },
        "2002-08": {
            "month": "2002-08",
            "price": "44.31",
            "revenue": 4714820
        },
        "2002-09": {
            "month": "2002-09",
            "price": "47.12",
            "revenue": 4943965
        },
        "2002-10": {
            "month": "2002-10",
            "price": "48.18",
            "revenue": 5467746
        },
        "2002-11": {
            "month": "2002-11",
            "price": "54.64",
            "revenue": 4943261
        },
        "2002-12": {
            "month": "2002-12",
            "price": "54.70",
            "revenue": 5284041
        },
        "2003-01": {
            "month": "2003-01",
            "price": "54.18",
            "revenue": 5365313
        },
        "2003-02": {
            "month": "2003-02",
            "price": "50.03",
            "revenue": 4287051
        },
        "2003-03": {
            "month": "2003-03",
            "price": "48.58",
            "revenue": 5187388
        },
        "2003-04": {
            "month": "2003-04",
            "price": "47.82",
            "revenue": 4817416
        },
        "2003-05": {
            "month": "2003-05",
            "price": "43.90",
            "revenue": 4636383
        },
        "2003-06": {
            "month": "2003-06",
            "price": "48.98",
            "revenue": 5067886
        },
        "2003-07": {
            "month": "2003-07",
            "price": "53.13",
            "revenue": 5620493
        },
        "2003-08": {
            "month": "2003-08",
            "price": "51.83",
            "revenue": 5584591
        },
        "2003-09": {
            "month": "2003-09",
            "price": "51.07",
            "revenue": 6431182
        },
        "2003-10": {
            "month": "2003-10",
            "price": "49.80",
            "revenue": 5870072
        },
        "2003-11": {
            "month": "2003-11",
            "price": "48.28",
            "revenue": 5545072
        },
        "2003-12": {
            "month": "2003-12",
            "price": "47.26",
            "revenue": 7194812
        },
        "2004-01": {
            "month": "2004-01",
            "price": "48.27",
            "revenue": 4751134
        },
        "2004-02": {
            "month": "2004-02",
            "price": "54.85",
            "revenue": 5045958
        },
        "2004-03": {
            "month": "2004-03",
            "price": "60.43",
            "revenue": 4922732
        },
        "2004-04": {
            "month": "2004-04",
            "price": "60.16",
            "revenue": 4459294
        },
        "2004-05": {
            "month": "2004-05",
            "price": "52.12",
            "revenue": 4750229
        },
        "2004-06": {
            "month": "2004-06",
            "price": "51.97",
            "revenue": 4910414
        },
        "2004-07": {
            "month": "2004-07",
            "price": "50.72",
            "revenue": 5334045
        },
        "2004-08": {
            "month": "2004-08",
            "price": "50.52",
            "revenue": 5461212
        },
        "2004-09": {
            "month": "2004-09",
            "price": "49.04",
            "revenue": 5895736
        },
        "2004-10": {
            "month": "2004-10",
            "price": "48.11",
            "revenue": 5615162
        },
        "2004-11": {
            "month": "2004-11",
            "price": "47.50",
            "revenue": 5399382
        },
        "2004-12": {
            "month": "2004-12",
            "price": "47.10",
            "revenue": 5617828
        },
        "2005-01": {
            "month": "2005-01",
            "price": "45.21",
            "revenue": 11396975
        },
        "2005-02": {
            "month": "2005-02",
            "price": "46.91",
            "revenue": 8632512
        },
        "2005-03": {
            "month": "2005-03",
            "price": "47.29",
            "revenue": 12373242
        },
        "2005-04": {
            "month": "2005-04",
            "price": "48.16",
            "revenue": 11038999
        },
        "2005-05": {
            "month": "2005-05",
            "price": "46.21",
            "revenue": 10567589
        },
        "2005-06": {
            "month": "2005-06",
            "price": "46.94",
            "revenue": 11386110
        },
        "2005-07": {
            "month": "2005-07",
            "price": "47.30",
            "revenue": 11281433
        },
        "2005-08": {
            "month": "2005-08",
            "price": "41.85",
            "revenue": 13414451
        },
        "2005-09": {
            "month": "2005-09",
            "price": "39.92",
            "revenue": 13958961
        },
        "2005-10": {
            "month": "2005-10",
            "price": "41.16",
            "revenue": 10764939
        },
        "2005-11": {
            "month": "2005-11",
            "price": "39.50",
            "revenue": 12002576
        },
        "2005-12": {
            "month": "2005-12",
            "price": "40.48",
            "revenue": 12360643
        },
        "2006-01": {
            "month": "2006-01",
            "price": "41.39",
            "revenue": 11024076
        },
        "2006-02": {
            "month": "2006-02",
            "price": "41.11",
            "revenue": 10237262
        },
        "2006-03": {
            "month": "2006-03",
            "price": "37.92",
            "revenue": 14426987
        },
        "2006-04": {
            "month": "2006-04",
            "price": "37.91",
            "revenue": 11233809
        },
        "2006-05": {
            "month": "2006-05",
            "price": "37.12",
            "revenue": 10290489
        },
        "2006-06": {
            "month": "2006-06",
            "price": "33.12",
            "revenue": 11714869
        },
        "2006-07": {
            "month": "2006-07",
            "price": "32.19",
            "revenue": 11064079
        },
        "2006-08": {
            "month": "2006-08",
            "price": "29.93",
            "revenue": 13268811
        },
        "2006-09": {
            "month": "2006-09",
            "price": "29.52",
            "revenue": 13077274
        },
        "2006-10": {
            "month": "2006-10",
            "price": "30.26",
            "revenue": 11367364
        },
        "2006-11": {
            "month": "2006-11",
            "price": "32.32",
            "revenue": 12540015
        },
        "2006-12": {
            "month": "2006-12",
            "price": "40.69",
            "revenue": 12233515
        },
        "2007-01": {
            "month": "2007-01",
            "price": "40.64",
            "revenue": 12715229
        },
        "2007-02": {
            "month": "2007-02",
            "price": "39.20",
            "revenue": 10730111
        },
        "2007-03": {
            "month": "2007-03",
            "price": "38.46",
            "revenue": 15163528
        },
        "2007-04": {
            "month": "2007-04",
            "price": "43.89",
            "revenue": 13490884
        },
        "2007-05": {
            "month": "2007-05",
            "price": "42.62",
            "revenue": 13029024
        },
        "2007-06": {
            "month": "2007-06",
            "price": "46.00",
            "revenue": 13733741
        },
        "2007-07": {
            "month": "2007-07",
            "price": "58.48",
            "revenue": 14536309
        },
        "2007-08": {
            "month": "2007-08",
            "price": "74.74",
            "revenue": 16085310
        },
        "2007-09": {
            "month": "2007-09",
            "price": "88.57",
            "revenue": 16936838
        },
        "2007-10": {
            "month": "2007-10",
            "price": "97.41",
            "revenue": 14578040
        },
        "2007-11": {
            "month": "2007-11",
            "price": "87.57",
            "revenue": 14763497
        },
        "2007-12": {
            "month": "2007-12",
            "price": "76.06",
            "revenue": 15268560
        },
        "2008-01": {
            "month": "2008-01",
            "price": "74.48",
            "revenue": 17491208
        },
        "2008-02": {
            "month": "2008-02",
            "price": "70.31",
            "revenue": 12655213
        },
        "2008-03": {
            "month": "2008-03",
            "price": "80.49",
            "revenue": 17154698
        },
        "2008-04": {
            "month": "2008-04",
            "price": "86.76",
            "revenue": 16753106
        },
        "2008-05": {
            "month": "2008-05",
            "price": "83.72",
            "revenue": 12800301
        },
        "2008-06": {
            "month": "2008-06",
            "price": "73.39",
            "revenue": 15516254
        },
        "2008-07": {
            "month": "2008-07",
            "price": "69.22",
            "revenue": 16727128
        },
        "2008-08": {
            "month": "2008-08",
            "price": "66.17",
            "revenue": 15424197
        },
        "2008-09": {
            "month": "2008-09",
            "price": "52.90",
            "revenue": 19348470
        },
        "2008-10": {
            "month": "2008-10",
            "price": "44.10",
            "revenue": 15377633
        },
        "2008-11": {
            "month": "2008-11",
            "price": "34.03",
            "revenue": 13163034
        },
        "2008-12": {
            "month": "2008-12",
            "price": "34.14",
            "revenue": 16473419
        },
        "2009-01": {
            "month": "2009-01",
            "price": "35.18",
            "revenue": 14042899
        },
        "2009-02": {
            "month": "2009-02",
            "price": "38.59",
            "revenue": 16683025
        },
        "2009-03": {
            "month": "2009-03",
            "price": "44.02",
            "revenue": 17835217
        },
        "2009-04": {
            "month": "2009-04",
            "price": "46.59",
            "revenue": 18215811
        },
        "2009-05": {
            "month": "2009-05",
            "price": "51.66",
            "revenue": 14294906
        },
        "2009-06": {
            "month": "2009-06",
            "price": "51.25",
            "revenue": 16932739
        },
        "2009-07": {
            "month": "2009-07",
            "price": "59.96",
            "revenue": 20960570
        },
        "2009-08": {
            "month": "2009-08",
            "price": "60.24",
            "revenue": 20132443
        },
        "2009-09": {
            "month": "2009-09",
            "price": "64.99",
            "revenue": 23289223
        },
        "2009-10": {
            "month": "2009-10",
            "price": "67.34",
            "revenue": 17071059
        },
        "2009-11": {
            "month": "2009-11",
            "price": "65.29",
            "revenue": 18477901
        },
        "2009-12": {
            "month": "2009-12",
            "price": "67.60",
            "revenue": 22774476
        },
        "2010-01": {
            "month": "2010-01",
            "price": "68.03",
            "revenue": 21133465
        },
        "2010-02": {
            "month": "2010-02",
            "price": "66.18",
            "revenue": 17003024
        },
        "2010-03": {
            "month": "2010-03",
            "price": "68.94",
            "revenue": 24219039
        },
        "2010-04": {
            "month": "2010-04",
            "price": "73.20",
            "revenue": 23912133
        },
        "2010-05": {
            "month": "2010-05",
            "price": "70.59",
            "revenue": 18598920
        },
        "2010-06": {
            "month": "2010-06",
            "price": "70.28",
            "revenue": 22083707
        },
        "2010-07": {
            "month": "2010-07",
            "price": "72.77",
            "revenue": 23353256
        },
        "2010-08": {
            "month": "2010-08",
            "price": "71.30",
            "revenue": 24137418
        },
        "2010-09": {
            "month": "2010-09",
            "price": "69.67",
            "revenue": 28547285
        },
        "2010-10": {
            "month": "2010-10",
            "price": "73.09",
            "revenue": 19554342
        },
        "2010-11": {
            "month": "2010-11",
            "price": "75.05",
            "revenue": 23923087
        },
        "2010-12": {
            "month": "2010-12",
            "price": "78.77",
            "revenue": 27431635
        },
        "2011-01": {
            "month": "2011-01",
            "price": "77.46",
            "revenue": 26136013
        },
        "2011-02": {
            "month": "2011-02",
            "price": "71.20",
            "revenue": 19489896
        },
        "2011-03": {
            "month": "2011-03",
            "price": "68.60",
            "revenue": 28771712
        },
        "2011-04": {
            "month": "2011-04",
            "price": "72.19",
            "revenue": 25898815
        },
        "2011-05": {
            "month": "2011-05",
            "price": "68.90",
            "revenue": 21333421
        },
        "2011-06": {
            "month": "2011-06",
            "price": "67.07",
            "revenue": 25761191
        },
        "2011-07": {
            "month": "2011-07",
            "price": "71.23",
            "revenue": 25869569
        },
        "2011-08": {
            "month": "2011-08",
            "price": "72.26",
            "revenue": 28762077
        },
        "2011-09": {
            "month": "2011-09",
            "price": "70.48",
            "revenue": 31480280
        },
        "2011-10": {
            "month": "2011-10",
            "price": "71.30",
            "revenue": 25299626
        },
        "2011-11": {
            "month": "2011-11",
            "price": "71.28",
            "revenue": 25942835
        },
        "2011-12": {
            "month": "2011-12",
            "price": "71.52",
            "revenue": 26678430
        },
        "2012-01": {
            "month": "2012-01",
            "price": "74.48",
            "revenue": 20539144
        },
        "2012-02": {
            "month": "2012-02",
            "price": "72.79",
            "revenue": 25980114
        },
        "2012-03": {
            "month": "2012-03",
            "price": "73.61",
            "revenue": 26375000
        },
        "2012-04": {
            "month": "2012-04",
            "price": "70.97",
            "revenue": 23962814
        },
        "2012-05": {
            "month": "2012-05",
            "price": "68.79",
            "revenue": 24191694
        },
        "2012-06": {
            "month": "2012-06",
            "price": "70.20",
            "revenue": 25983531
        },
        "2012-07": {
            "month": "2012-07",
            "price": "69.06",
            "revenue": 26396431
        },
        "2012-08": {
            "month": "2012-08",
            "price": "66.59",
            "revenue": 27571727
        },
        "2012-09": {
            "month": "2012-09",
            "price": "66.71",
            "revenue": 28668857
        },
        "2012-10": {
            "month": "2012-10",
            "price": "64.61",
            "revenue": 28170605
        },
        "2012-11": {
            "month": "2012-11",
            "price": "55.69",
            "revenue": 27452097
        },
        "2012-12": {
            "month": "2012-12",
            "price": "54.46",
            "revenue": 26882063
        },
        "2013-01": {
            "month": "2013-01",
            "price": "57.93",
            "revenue": 27285333
        },
        "2013-02": {
            "month": "2013-02",
            "price": "61.03",
            "revenue": 19310528
        },
        "2013-03": {
            "month": "2013-03",
            "price": "57.37",
            "revenue": 27234938
        },
        "2013-04": {
            "month": "2013-04",
            "price": "50.82",
            "revenue": 26489180
        },
        "2013-05": {
            "month": "2013-05",
            "price": "46.15",
            "revenue": 26336348
        },
        "2013-06": {
            "month": "2013-06",
            "price": "41.84",
            "revenue": 25938213
        },
        "2013-07": {
            "month": "2013-07",
            "price": "39.19",
            "revenue": 27721798
        },
        "2013-08": {
            "month": "2013-08",
            "price": "43.40",
            "revenue": 27015625
        },
        "2013-09": {
            "month": "2013-09",
            "price": "47.78",
            "revenue": 31234608
        },
        "2013-10": {
            "month": "2013-10",
            "price": "46.96",
            "revenue": 28115678
        },
        "2013-11": {
            "month": "2013-11",
            "price": "44.14",
            "revenue": 31532427
        },
        "2013-12": {
            "month": "2013-12",
            "price": "44.15",
            "revenue": 32040972
        },
        "2014-01": {
            "month": "2014-01",
            "price": "50.91",
            "revenue": 25101705
        },
        "2014-02": {
            "month": "2014-02",
            "price": "51.35",
            "revenue": 23147198
        },
        "2014-03": {
            "month": "2014-03",
            "price": "49.74",
            "revenue": 30034532
        },
        "2014-04": {
            "month": "2014-04",
            "price": "47.19",
            "revenue": 27570030
        },
        "2014-05": {
            "month": "2014-05",
            "price": "47.85",
            "revenue": 25899282
        },
        "2014-06": {
            "month": "2014-06",
            "price": "49.49",
            "revenue": 24455745
        },
        "2014-07": {
            "month": "2014-07",
            "price": "48.45",
            "revenue": 27905525
        },
        "2014-08": {
            "month": "2014-08",
            "price": "45.17",
            "revenue": 28658400
        },
        "2014-09": {
            "month": "2014-09",
            "price": "44.21",
            "revenue": 33891426
        },
        "2014-10": {
            "month": "2014-10",
            "price": "41.97",
            "revenue": 27102428
        },
        "2014-11": {
            "month": "2014-11",
            "price": "43.76",
            "revenue": 25973319
        },
        "2014-12": {
            "month": "2014-12",
            "price": "45.26",
            "revenue": 31944182
        },
        "2015-01": {
            "month": "2015-01",
            "price": "45.78",
            "revenue": 24770997
        },
        "2015-02": {
            "month": "2015-02",
            "price": "45.41",
            "revenue": 17790156
        },
        "2015-03": {
            "month": "2015-03",
            "price": "44.22",
            "revenue": 28079079
        },
        "2015-04": {
            "month": "2015-04",
            "price": "42.08",
            "revenue": 25928962
        },
        "2015-05": {
            "month": "2015-05",
            "price": "43.49",
            "revenue": 21898986
        },
        "2015-06": {
            "month": "2015-06",
            "price": "45.30",
            "revenue": 25661612
        },
        "2015-07": {
            "month": "2015-07",
            "price": "43.01",
            "revenue": 26531967
        },
        "2015-08": {
            "month": "2015-08",
            "price": "35.35",
            "revenue": 28182409
        },
        "2015-09": {
            "month": "2015-09",
            "price": "34.54",
            "revenue": 29994682
        },
        "2015-10": {
            "month": "2015-10",
            "price": "34.37",
            "revenue": 29615189
        },
        "2015-11": {
            "month": "2015-11",
            "price": "33.07",
            "revenue": 30731064
        },
        "2015-12": {
            "month": "2015-12",
            "price": "31.56",
            "revenue": 33866470
        },
        "2016-01": {
            "month": "2016-01",
            "price": "30.45",
            "revenue": 28678119
        },
        "2016-02": {
            "month": "2016-02",
            "price": "31.95",
            "revenue": 20200628
        },
        "2016-03": {
            "month": "2016-03",
            "price": "33.79",
            "revenue": 28885451
        },
        "2016-04": {
            "month": "2016-04",
            "price": "32.84",
            "revenue": 26448806
        },
        "2016-05": {
            "month": "2016-05",
            "price": "31.34",
            "revenue": 27377491
        },
        "2016-06": {
            "month": "2016-06",
            "price": "33.55",
            "revenue": 29809902
        },
        "2016-07": {
            "month": "2016-07",
            "price": "36.90",
            "revenue": 28770070
        },
        "2016-08": {
            "month": "2016-08",
            "price": "37.02",
            "revenue": 30452230
        },
        "2016-09": {
            "month": "2016-09",
            "price": "34.47",
            "revenue": 32340276
        },
        "2016-10": {
            "month": "2016-10",
            "price": "34.19",
            "revenue": 28017257
        },
        "2016-11": {
            "month": "2016-11",
            "price": "32.83",
            "revenue": 30755279
        },
        "2016-12": {
            "month": "2016-12",
            "price": "32.51",
            "revenue": 32260896
        },
        "2017-01": {
            "month": "2017-01",
            "price": "32.44",
            "revenue": 23674392
        },
        "2017-02": {
            "month": "2017-02",
            "price": "33.34",
            "revenue": 24418752
        },
        "2017-03": {
            "month": "2017-03",
            "price": "33.11",
            "revenue": 28861509
        },
        "2017-04": {
            "month": "2017-04",
            "price": "32.69",
            "revenue": 23598119
        },
        "2017-05": {
            "month": "2017-05",
            "price": "33.47",
            "revenue": 25913866
        },
        "2017-06": {
            "month": "2017-06",
            "price": "34.43",
            "revenue": 31673247
        },
        "2017-07": {
            "month": "2017-07",
            "price": "34.16",
            "revenue": 28700223
        },
        "2017-08": {
            "month": "2017-08",
            "price": "33.95",
            "revenue": 34759017
        },
        "2017-09": {
            "month": "2017-09",
            "price": "35.65",
            "revenue": 37503417
        },
        "2017-10": {
            "month": "2017-10",
            "price": "37.99",
            "revenue": 33368063
        },
        "2017-11": {
            "month": "2017-11",
            "price": "38.59",
            "revenue": 38700023
        },
        "2017-12": {
            "month": "2017-12",
            "price": "40.23",
            "revenue": 35463063
        },
        "2018-01": {
            "month": "2018-01",
            "price": "41.71",
            "revenue": 34259165
        },
        "2018-02": {
            "month": "2018-02",
            "price": "38.83",
            "revenue": 22164772
        },
        "2018-03": {
            "month": "2018-03",
            "price": "40.96",
            "revenue": 33669750
        },
        "2018-04": {
            "month": "2018-04",
            "price": "44.01",
            "revenue": 27679755
        },
        "2018-05": {
            "month": "2018-05",
            "price": "45.64",
            "revenue": 31785635
        },
        "2018-06": {
            "month": "2018-06",
            "price": "46.78",
            "revenue": 31489105
        },
        "2018-07": {
            "month": "2018-07",
            "price": "43.31",
            "revenue": 32530136
        },
        "2018-08": {
            "month": "2018-08",
            "price": "42.39",
            "revenue": 35647350
        },
        "2018-09": {
            "month": "2018-09",
            "price": "39.11",
            "revenue": 37156456
        },
        "2018-10": {
            "month": "2018-10",
            "price": "34.91",
            "revenue": 31949163
        },
        "2018-11": {
            "month": "2018-11",
            "price": "34.09",
            "revenue": 34857616
        },
        "2018-12": {
            "month": "2018-12",
            "price": "36.05",
            "revenue": 34419205
        },
        "2019-01": {
            "month": "2019-01",
            "price": "36.97",
            "revenue": 31856760
        },
        "2019-02": {
            "month": "2019-02",
            "price": "37.43",
            "revenue": 21815988
        },
        "2019-03": {
            "month": "2019-03",
            "price": "36.96",
            "revenue": 28922815
        },
        "2019-04": {
            "month": "2019-04",
            "price": "37.92",
            "revenue": 25523676
        },
        "2019-05": {
            "month": "2019-05",
            "price": "37.64",
            "revenue": 26892826
        },
        "2019-06": {
            "month": "2019-06",
            "price": "38.38",
            "revenue": 25866374
        },
        "2019-07": {
            "month": "2019-07",
            "price": "38.88",
            "revenue": 28335573
        },
        "2019-08": {
            "month": "2019-08",
            "price": "37.42",
            "revenue": 28801020
        },
        "2019-09": {
            "month": "2019-09",
            "price": "36.67",
            "revenue": 29715077
        },
        "2019-10": {
            "month": "2019-10",
            "price": "36.39",
            "revenue": 29522045
        },
        "2019-11": {
            "month": "2019-11",
            "price": "37.05",
            "revenue": 29803904
        },
        "2019-12": {
            "month": "2019-12",
            "price": "37.39",
            "revenue": 34069575
        },
        "2020-01": {
            "month": "2020-01",
            "price": "37.66",
            "revenue": 22163336
        },
        "2020-02": {
            "month": "2020-02",
            "price": "37.78",
            "revenue": 18929971
        },
        "2020-03": {
            "month": "2020-03",
            "price": "35.75",
            "revenue": 26890896
        },
        "2020-04": {
            "month": "2020-04",
            "price": "38.02",
            "revenue": 23525704
        },
        "2020-05": {
            "month": "2020-05",
            "price": "42.10",
            "revenue": 23916475
        },
        "2020-06": {
            "month": "2020-06",
            "price": "43.74",
            "revenue": 28977736
        },
        "2020-07": {
            "month": "2020-07",
            "price": "42.98",
            "revenue": 29097426
        },
        "2020-08": {
            "month": "2020-08",
            "price": "44.30",
            "revenue": 28404644
        },
        "2020-09": {
            "month": "2020-09",
            "price": "42.20",
            "revenue": 32485951
        },
        "2020-10": {
            "month": "2020-10",
            "price": "41.68",
            "revenue": 28556656
        },
        "2020-11": {
            "month": "2020-11",
            "price": "43.25",
            "revenue": 34158123
        },
        "2020-12": {
            "month": "2020-12",
            "price": "45.56",
            "revenue": 37463030
        },
        "2021-01": {
            "month": "2021-01",
            "price": "46.97",
            "revenue": 31023432
        },
        "2021-02": {
            "month": "2021-02",
            "price": "47.68",
            "revenue": 22360857
        },
        "2021-03": {
            "month": "2021-03",
            "price": "52.25",
            "revenue": 33106288
        },
        "2021-04": {
            "month": "2021-04",
            "price": "55.57",
            "revenue": 31828300
        },
        "2021-05": {
            "month": "2021-05",
            "price": "57.16",
            "revenue": 31570759
        },
        "2021-06": {
            "month": "2021-06",
            "price": "53.96",
            "revenue": 33736979
        },
        "2021-07": {
            "month": "2021-07",
            "price": "52.19",
            "revenue": 31859885
        },
        "2021-08": {
            "month": "2021-08",
            "price": "52.79",
            "revenue": 33366645
        },
        "2021-09": {
            "month": "2021-09",
            "price": "52.76",
            "revenue": 36665574
        },
        "2021-10": {
            "month": "2021-10",
            "price": "52.18",
            "revenue": 33628623
        },
        "2021-11": {
            "month": "2021-11",
            "price": "57.33",
            "revenue": 40313630
        },
        "2021-12": {
            "month": "2021-12",
            "price": "63.98",
            "revenue": 50532404
        },
        "2022-01": {
            "month": "2022-01",
            "price": "67.46",
            "revenue": 33444199
        },
        "2022-02": {
            "month": "2022-02",
            "price": "70.45",
            "revenue": 26644582
        },
        "2022-03": {
            "month": "2022-03",
            "price": "73.41",
            "revenue": 40425593
        },
        "2022-04": {
            "month": "2022-04",
            "price": "76.91",
            "revenue": 29682693
        },
        "2022-05": {
            "month": "2022-05",
            "price": "73.30",
            "revenue": 32214286
        },
        "2022-06": {
            "month": "2022-06",
            "price": "59.39",
            "revenue": 41929243
        },
        "2022-07": {
            "month": "2022-07",
            "price": "53.33",
            "revenue": 32768594
        },
        "2022-08": {
            "month": "2022-08",
            "price": "55.61",
            "revenue": 35920894
        },
        "2022-09": {
            "month": "2022-09",
            "price": "55.05",
            "revenue": 40305498
        },
        "2022-10": {
            "month": "2022-10",
            "price": "53.64",
            "revenue": 36644238
        },
        "2022-11": {
            "month": "2022-11",
            "price": "55.72",
            "revenue": 35742535
        },
        "2022-12": {
            "month": "2022-12",
            "price": "60.23",
            "revenue": 39768842
        },
        "2023-01": {
            "month": "2023-01",
            "price": "59.61",
            "revenue": 28087374
        },
        "2023-02": {
            "month": "2023-02",
            "price": "62.87",
            "revenue": 26084151
        },
        "2023-03": {
            "month": "2023-03",
            "price": "61.99",
            "revenue": 35036726
        },
        "2023-04": {
            "month": "2023-04",
            "price": "61.36",
            "revenue": 27715480
        },
        "2023-05": {
            "month": "2023-05",
            "price": "63.64",
            "revenue": 29107204
        }
    }
}
