{
    "summary": {
        "stock_name": "海悅",
        "stock_id": "2348",
        "category": "其他",
        "main_business": "不動產代銷及仲介、廣告服務、管理顧問、住宅及大樓開發租售<br>國際貿易業",
        "website_url": "http://www.hiyes-group.com.tw",
        "ceo": "王俊傑",
        "pe_ratio": 11,
        "report_year_from": 2001,
        "report_year_to": 2023,
        "age": 22,
        "eps_negative_percentage": 39,
        "eps_growth_avg": {
            "last_all": -15.13,
            "last_2y": 19.53,
            "last_4y": 36.05,
            "last_8y": 13.16,
            "last_12y": 1.85,
            "last_16y": -7.41,
            "last_20y": -15.13,
            "at_2006_last_3y": -100,
            "at_2007_last_3y": null,
            "at_2008_last_3y": -100,
            "at_2009_last_3y": -100,
            "at_2010_last_3y": -100,
            "at_2011_last_3y": -100,
            "at_2012_last_3y": -100,
            "at_2013_last_3y": -100,
            "at_2014_last_3y": -49.39,
            "at_2015_last_3y": -57.7,
            "at_2016_last_3y": -53.93,
            "at_2017_last_3y": -15.45,
            "at_2018_last_3y": 9.25,
            "at_2019_last_3y": 33.25,
            "at_2020_last_3y": 80.42,
            "at_2021_last_3y": 57.31,
            "at_2022_last_3y": 20.06,
            "at_2023_last_3y": 20.06,
            "at_2006_last_all": -100,
            "at_2007_last_all": -100,
            "at_2008_last_all": -100,
            "at_2009_last_all": -100,
            "at_2010_last_all": -100,
            "at_2011_last_all": -100,
            "at_2012_last_all": -100,
            "at_2013_last_all": -100,
            "at_2014_last_all": -74.69,
            "at_2015_last_all": -74.62,
            "at_2016_last_all": -76.96,
            "at_2017_last_all": -51.68,
            "at_2018_last_all": -32.72,
            "at_2019_last_all": -26.68,
            "at_2020_last_all": -14.01,
            "at_2021_last_all": -12.05,
            "at_2022_last_all": -15.13,
            "at_2023_last_all": -15.13
        },
        "latest_eps": 7.26,
        "latest_price": 80.9,
        "latest_roe": 12.54,
        "latest_gross_margin": 47,
        "latest_equity": 6559758,
        "latest_revenue": 1393272,
        "latest_gross_profit": 654793,
        "latest_net_income": 375662,
        "latest_debt_ratio": 76.98,
        "latest_current_ratio": 226.61,
        "latest_account_receivable_turnover_ratio": 1.32,
        "latest_inventory_turnover_ratio": 0.05,
        "latest_reinvestment_rate": 11.42,
        "latest_research_to_sale_ratio": null
    },
    "eps_dividends": {
        "1996": {
            "cash": 0,
            "stock": 3,
            "eps": 0
        },
        "1997": {
            "cash": 0,
            "stock": 6,
            "eps": 0
        },
        "1998": {
            "cash": 0,
            "stock": 4.5,
            "eps": 0
        },
        "2001": {
            "cash": 0,
            "stock": 0,
            "eps": -4.11
        },
        "2002": {
            "cash": 0,
            "stock": 0,
            "eps": 0.28
        },
        "2003": {
            "cash": 0,
            "stock": 0,
            "eps": -4.01
        },
        "2004": {
            "cash": 0,
            "stock": 0,
            "eps": -3.45
        },
        "2005": {
            "cash": 0,
            "stock": 0,
            "eps": -0.49
        },
        "2006": {
            "cash": 0,
            "stock": 0,
            "eps": -0.81
        },
        "2007": {
            "cash": 0,
            "stock": 0,
            "eps": 0.57
        },
        "2008": {
            "cash": 0,
            "stock": 0,
            "eps": -0.93
        },
        "2009": {
            "cash": 0,
            "stock": 0,
            "eps": -1.3
        },
        "2010": {
            "cash": 0,
            "stock": 0,
            "eps": -1.58
        },
        "2011": {
            "cash": 0,
            "stock": 0,
            "eps": 0.23
        },
        "2012": {
            "cash": 0,
            "stock": 0,
            "eps": -4.63
        },
        "2013": {
            "cash": 0,
            "stock": 0,
            "eps": 4.08
        },
        "2014": {
            "cash": 0,
            "stock": 0,
            "eps": 4.13
        },
        "2015": {
            "cash": 0.5,
            "stock": 0,
            "eps": 1.06
        },
        "2016": {
            "cash": 0,
            "stock": 0,
            "eps": 0.12
        },
        "2017": {
            "cash": 0,
            "stock": 0,
            "eps": 2.13
        },
        "2018": {
            "cash": 3.6,
            "stock": 0,
            "eps": 5.4
        },
        "2019": {
            "cash": 3.8,
            "stock": 0,
            "eps": 6.57
        },
        "2020": {
            "cash": 4.5,
            "stock": 0,
            "eps": 14.89
        },
        "2021": {
            "cash": 7,
            "stock": 1,
            "eps": 16.02
        },
        "2022": {
            "cash": 7,
            "stock": 1,
            "eps": 8.17
        },
        "2023": {
            "cash": 5,
            "stock": 0,
            "eps": 3.01
        }
    },
    "dividends": {
        "1996-04-15": {
            "cash": 0,
            "stock": 3
        },
        "1997-04-26": {
            "cash": 0,
            "stock": 6
        },
        "1998-05-20": {
            "cash": 0,
            "stock": 4.5
        },
        "2015-09-23": {
            "cash": 0.5,
            "stock": 0
        },
        "2018-08-14": {
            "cash": 3.6,
            "stock": 0
        },
        "2019-08-30": {
            "cash": 3.8,
            "stock": 0
        },
        "2020-08-14": {
            "cash": 4.5,
            "stock": 0
        },
        "2021-03-19": {
            "cash": 7,
            "stock": 1
        },
        "2022-09-02": {
            "cash": 7,
            "stock": 1
        },
        "2023-08-14": {
            "cash": 5,
            "stock": 0
        }
    },
    "prices": {
        "200101": "5.61",
        "200102": "7.61",
        "200103": "7.75",
        "200104": "8.78",
        "200105": "6.40",
        "200106": "5.95",
        "200107": "4.52",
        "200108": "5.24",
        "200109": "4.51",
        "200110": "3.49",
        "200111": "3.94",
        "200112": "5.30",
        "200201": "6.36",
        "200202": "6.60",
        "200203": "8.44",
        "200204": "12.47",
        "200205": "6.95",
        "200206": "4.53",
        "200207": "3.73",
        "200208": "3.92",
        "200209": "3.83",
        "200210": "3.26",
        "200211": "3.72",
        "200212": "9.73",
        "200301": "7.58",
        "200302": "7.89",
        "200303": "7.43",
        "200304": "8.05",
        "200305": "5.96",
        "200306": "8.10",
        "200307": "13.05",
        "200308": "10.72",
        "200309": "8.87",
        "200310": "9.07",
        "200311": "9.02",
        "200312": "8.56",
        "200401": "8.90",
        "200402": "10.48",
        "200403": "13.12",
        "200404": "15.36",
        "200405": "10.71",
        "200406": "9.57",
        "200407": "7.89",
        "200408": "7.21",
        "200409": "5.96",
        "200410": "6.69",
        "200411": "6.68",
        "200412": "6.04",
        "200501": "5.31",
        "200502": "5.14",
        "200503": "4.98",
        "200504": "4.94",
        "200505": "3.69",
        "200506": "4.67",
        "200507": "4.40",
        "200508": "4.29",
        "200509": "3.45",
        "200510": "3.78",
        "200511": "3.57",
        "200512": "3.90",
        "200601": "4.52",
        "200602": "5.29",
        "200603": "4.87",
        "200604": "4.77",
        "200605": "4.51",
        "200606": "4.27",
        "200607": "4.27",
        "200608": "5.12",
        "200609": "4.98",
        "200610": "6.01",
        "200611": "17.56",
        "200612": "32.48",
        "200701": "34.42",
        "200702": "34.38",
        "200703": "32.37",
        "200704": "23.06",
        "200705": "21.40",
        "200706": "26.46",
        "200707": "30.65",
        "200708": "27.40",
        "200709": "26.34",
        "200710": "24.24",
        "200711": "18.44",
        "200712": "16.40",
        "200801": "15.17",
        "200802": "14.09",
        "200803": "14.56",
        "200804": "15.72",
        "200805": "16.92",
        "200806": "14.00",
        "200807": "9.14",
        "200808": "7.87",
        "200809": "5.25",
        "200810": "4.21",
        "200811": "3.59",
        "200812": "1.42",
        "200901": "1.36",
        "200902": "1.39",
        "200903": "1.53",
        "200904": "2.33",
        "200905": "2.50",
        "200906": "1.65",
        "200907": "1.25",
        "200908": "1.57",
        "200909": "1.44",
        "200910": "1.92",
        "200911": "2.02",
        "200912": "1.94",
        "201001": "3.71",
        "201002": "3.83",
        "201003": "3.96",
        "201004": "4.25",
        "201005": "3.47",
        "201006": "2.95",
        "201007": "3.00",
        "201008": "2.90",
        "201009": "2.73",
        "201010": "2.07",
        "201011": "2.20",
        "201012": "2.31",
        "201101": "2.22",
        "201102": "2.49",
        "201103": "5.52",
        "201104": "4.70",
        "201105": "4.00",
        "201106": "2.93",
        "201107": "2.67",
        "201108": "2.25",
        "201109": "2.50",
        "201110": "2.54",
        "201111": "2.10",
        "201112": "1.87",
        "201201": "2.01",
        "201202": "1.97",
        "201203": "1.87",
        "201204": "1.56",
        "201205": "1.62",
        "201206": "1.49",
        "201207": "1.42",
        "201208": "1.22",
        "201209": "1.42",
        "201210": "3.11",
        "201211": "3.45",
        "201212": "5.43",
        "201301": "28.67",
        "201302": "38.69",
        "201303": "39.45",
        "201304": "40.00",
        "201305": "39.95",
        "201306": "57.95",
        "201307": "56.38",
        "201308": "46.65",
        "201309": "48.14",
        "201310": "41.88",
        "201311": "40.41",
        "201312": "44.53",
        "201401": "52.19",
        "201402": "52.63",
        "201403": "57.43",
        "201404": "58.16",
        "201405": "54.43",
        "201406": "54.30",
        "201407": "53.56",
        "201408": "51.64",
        "201409": "55.95",
        "201410": "51.68",
        "201411": "48.00",
        "201412": "42.61",
        "201501": "39.01",
        "201502": "39.00",
        "201503": "39.73",
        "201504": "無",
        "201505": "39.00",
        "201506": "36.32",
        "201507": "40.45",
        "201508": "37.00",
        "201509": "無",
        "201510": "無",
        "201511": "無",
        "201512": "26.75",
        "201601": "無",
        "201602": "無",
        "201603": "無",
        "201604": "30.50",
        "201605": "33.55",
        "201606": "29.54",
        "201607": "24.65",
        "201608": "23.74",
        "201609": "22.46",
        "201610": "20.80",
        "201611": "18.32",
        "201612": "18.58",
        "201701": "18.42",
        "201702": "18.27",
        "201703": "17.67",
        "201704": "17.07",
        "201705": "20.38",
        "201706": "29.26",
        "201707": "34.38",
        "201708": "30.10",
        "201709": "27.94",
        "201710": "27.43",
        "201711": "27.22",
        "201712": "26.63",
        "201801": "28.33",
        "201802": "26.75",
        "201803": "35.86",
        "201804": "44.86",
        "201805": "43.67",
        "201806": "44.60",
        "201807": "40.25",
        "201808": "38.09",
        "201809": "45.16",
        "201810": "49.31",
        "201811": "47.86",
        "201812": "44.39",
        "201901": "45.28",
        "201902": "46.24",
        "201903": "49.41",
        "201904": "47.06",
        "201905": "42.56",
        "201906": "41.92",
        "201907": "46.96",
        "201908": "46.04",
        "201909": "45.76",
        "201910": "50.59",
        "201911": "52.68",
        "201912": "54.39",
        "202001": "56.92",
        "202002": "53.91",
        "202003": "49.36",
        "202004": "51.93",
        "202005": "60.47",
        "202006": "76.06",
        "202007": "77.92",
        "202008": "92.19",
        "202009": "92.96",
        "202010": "88.85",
        "202011": "93.32",
        "202012": "86.79",
        "202101": "86.18",
        "202102": "88.84",
        "202103": "102.70",
        "202104": "106.74",
        "202105": "97.76",
        "202106": "96.42",
        "202107": "101.76",
        "202108": "91.82",
        "202109": "94.25",
        "202110": "98.20",
        "202111": "102.80",
        "202112": "107.82",
        "202201": "112.50",
        "202202": "104.63",
        "202203": "102.59",
        "202204": "99.26",
        "202205": "94.81",
        "202206": "94.69",
        "202207": "89.92",
        "202208": "76.20",
        "202209": "72.12",
        "202210": "64.15",
        "202211": "61.65",
        "202212": "64.93",
        "202301": "65.15",
        "202302": "67.70",
        "202303": "67.28",
        "202304": "68.05",
        "202305": "66.94",
        "202306": "71.18",
        "202307": "68.34",
        "202308": "67.63",
        "202309": "73.70",
        "202310": "78.98"
    },
    "quarters": {
        "20011": {
            "year_quarter": 20011,
            "year": 2001,
            "quarter": 1,
            "eps": -0.83,
            "eps_growth_year": null,
            "eps_4q": -1.55,
            "eps_4q_growth_year": null,
            "roe": -12.76,
            "roe_4q": -12.76,
            "gross_profit": 90579,
            "gross_margin": 9.1,
            "gross_margin_4q_avg": 9.1,
            "net_income": -357067,
            "net_income_4q": null,
            "revenue": 995864,
            "revenue_4q": null,
            "common_shares": 4295114,
            "book_valuer_per_share": 6.06,
            "book_valuer_per_share_4q_avg": 6.06,
            "equity": 2602308,
            "current_ratio": 54.64,
            "debt_ratio": 66.29,
            "inventory_turnover_ratio": 0.94,
            "account_receivable_turnover_ratio": null,
            "reinvestment_rate": null,
            "research_to_sale_ratio": null,
            "price_fair": 0,
            "eps_avg_yearly": 0,
            "eps_latest_yearly": 0,
            "eps_growth_yearly": 0
        },
        "20012": {
            "year_quarter": 20012,
            "year": 2001,
            "quarter": 2,
            "eps": -0.47,
            "eps_growth_year": -151.65,
            "eps_4q": -2.93,
            "eps_4q_growth_year": null,
            "roe": -8.04,
            "roe_4q": -20.799999999999997,
            "gross_profit": 238043,
            "gross_margin": 16.5,
            "gross_margin_4q_avg": 12.8,
            "net_income": -201524,
            "net_income_4q": null,
            "revenue": 1443102,
            "revenue_4q": null,
            "common_shares": 4295114,
            "book_valuer_per_share": 5.61,
            "book_valuer_per_share_4q_avg": 5.84,
            "equity": 2410939,
            "current_ratio": 56.01,
            "debt_ratio": 68.21,
            "inventory_turnover_ratio": 2.01,
            "account_receivable_turnover_ratio": null,
            "reinvestment_rate": null,
            "research_to_sale_ratio": null,
            "price_fair": 0,
            "eps_avg_yearly": 0,
            "eps_latest_yearly": 0,
            "eps_growth_yearly": 0
        },
        "20013": {
            "year_quarter": 20013,
            "year": 2001,
            "quarter": 3,
            "eps": -0.31,
            "eps_growth_year": null,
            "eps_4q": -2.85,
            "eps_4q_growth_year": null,
            "roe": -5.77,
            "roe_4q": -26.57,
            "gross_profit": 219128,
            "gross_margin": 12.76,
            "gross_margin_4q_avg": 12.79,
            "net_income": -134616,
            "net_income_4q": null,
            "revenue": 1717233,
            "revenue_4q": null,
            "common_shares": 4295114,
            "book_valuer_per_share": 5.24,
            "book_valuer_per_share_4q_avg": 5.64,
            "equity": 2251555,
            "current_ratio": 53.15,
            "debt_ratio": 69.8,
            "inventory_turnover_ratio": 2.87,
            "account_receivable_turnover_ratio": null,
            "reinvestment_rate": null,
            "research_to_sale_ratio": null,
            "price_fair": 0,
            "eps_avg_yearly": 0,
            "eps_latest_yearly": 0,
            "eps_growth_yearly": 0
        },
        "20014": {
            "year_quarter": 20014,
            "year": 2001,
            "quarter": 4,
            "eps": -2.5,
            "eps_growth_year": null,
            "eps_4q": -4.11,
            "eps_4q_growth_year": null,
            "roe": -62.47,
            "roe_4q": -89.04,
            "gross_profit": 125242,
            "gross_margin": 12.03,
            "gross_margin_4q_avg": 12.6,
            "net_income": -1072400,
            "net_income_4q": null,
            "revenue": 1040829,
            "revenue_4q": null,
            "common_shares": 4295114,
            "book_valuer_per_share": 2.75,
            "book_valuer_per_share_4q_avg": 4.92,
            "equity": 1181674,
            "current_ratio": 45.97,
            "debt_ratio": 81.87,
            "inventory_turnover_ratio": 1.22,
            "account_receivable_turnover_ratio": null,
            "reinvestment_rate": null,
            "research_to_sale_ratio": null,
            "price_fair": 0,
            "eps_avg_yearly": 0,
            "eps_latest_yearly": 0,
            "eps_growth_yearly": 0
        },
        "20021": {
            "year_quarter": 20021,
            "year": 2002,
            "quarter": 1,
            "eps": 0.12,
            "eps_growth_year": null,
            "eps_4q": -3.17,
            "eps_4q_growth_year": null,
            "roe": 4.26,
            "roe_4q": -72.02000000000001,
            "gross_profit": 222830,
            "gross_margin": 16.74,
            "gross_margin_4q_avg": 14.51,
            "net_income": 51367,
            "net_income_4q": null,
            "revenue": 1331242,
            "revenue_4q": null,
            "common_shares": 4295114,
            "book_valuer_per_share": 2.86,
            "book_valuer_per_share_4q_avg": 4.12,
            "equity": 1228864,
            "current_ratio": 36.54,
            "debt_ratio": 77.61,
            "inventory_turnover_ratio": 1.5,
            "account_receivable_turnover_ratio": null,
            "reinvestment_rate": null,
            "research_to_sale_ratio": null,
            "price_fair": 0,
            "eps_avg_yearly": 0,
            "eps_latest_yearly": 0,
            "eps_growth_yearly": 0
        },
        "20022": {
            "year_quarter": 20022,
            "year": 2002,
            "quarter": 2,
            "eps": 0.1,
            "eps_growth_year": null,
            "eps_4q": -2.57,
            "eps_4q_growth_year": null,
            "roe": 3.37,
            "roe_4q": -60.61,
            "gross_profit": 235956,
            "gross_margin": 15.15,
            "gross_margin_4q_avg": 14.17,
            "net_income": 43216,
            "net_income_4q": null,
            "revenue": 1557852,
            "revenue_4q": null,
            "common_shares": 4295114,
            "book_valuer_per_share": 3.12,
            "book_valuer_per_share_4q_avg": 3.49,
            "equity": 1338778,
            "current_ratio": 30.43,
            "debt_ratio": 73.47,
            "inventory_turnover_ratio": 4.44,
            "account_receivable_turnover_ratio": null,
            "reinvestment_rate": null,
            "research_to_sale_ratio": null,
            "price_fair": 1.2,
            "eps_avg_yearly": 0.4,
            "eps_latest_yearly": 0.4,
            "eps_growth_yearly": -66.67
        },
        "20023": {
            "year_quarter": 20023,
            "year": 2002,
            "quarter": 3,
            "eps": 0.27,
            "eps_growth_year": null,
            "eps_4q": -7.28,
            "eps_4q_growth_year": null,
            "roe": 2.62,
            "roe_4q": -52.22,
            "gross_profit": 263612,
            "gross_margin": 19.39,
            "gross_margin_4q_avg": 15.83,
            "net_income": 34969,
            "net_income_4q": null,
            "revenue": 1359408,
            "revenue_4q": null,
            "common_shares": 1287052,
            "book_valuer_per_share": 10.37,
            "book_valuer_per_share_4q_avg": 4.78,
            "equity": 1335015,
            "current_ratio": 30.24,
            "debt_ratio": 72.45,
            "inventory_turnover_ratio": 16.97,
            "account_receivable_turnover_ratio": null,
            "reinvestment_rate": null,
            "research_to_sale_ratio": null,
            "price_fair": 25.9,
            "eps_avg_yearly": 0.74,
            "eps_latest_yearly": 1.08,
            "eps_growth_yearly": 306.67
        },
        "20024": {
            "year_quarter": 20024,
            "year": 2002,
            "quarter": 4,
            "eps": -0.21,
            "eps_growth_year": null,
            "eps_4q": 0.8,
            "eps_4q_growth_year": null,
            "roe": -2.11,
            "roe_4q": 8.14,
            "gross_profit": 146917,
            "gross_margin": 21.64,
            "gross_margin_4q_avg": 18.23,
            "net_income": -26882,
            "net_income_4q": null,
            "revenue": 678831,
            "revenue_4q": null,
            "common_shares": 1287052,
            "book_valuer_per_share": 9.45,
            "book_valuer_per_share_4q_avg": 6.45,
            "equity": 1216692,
            "current_ratio": 47.4,
            "debt_ratio": 74.86,
            "inventory_turnover_ratio": 3.12,
            "account_receivable_turnover_ratio": null,
            "reinvestment_rate": null,
            "research_to_sale_ratio": null,
            "price_fair": 25.9,
            "eps_avg_yearly": 0.74,
            "eps_latest_yearly": 1.08,
            "eps_growth_yearly": 306.67
        },
        "20031": {
            "year_quarter": 20031,
            "year": 2003,
            "quarter": 1,
            "eps": -0.62,
            "eps_growth_year": -616.67,
            "eps_4q": -0.22,
            "eps_4q_growth_year": null,
            "roe": -6.99,
            "roe_4q": -3.1099999999999994,
            "gross_profit": 68638,
            "gross_margin": 15.41,
            "gross_margin_4q_avg": 17.9,
            "net_income": -79310,
            "net_income_4q": null,
            "revenue": 445471,
            "revenue_4q": null,
            "common_shares": 1287052,
            "book_valuer_per_share": 8.18,
            "book_valuer_per_share_4q_avg": 7.78,
            "equity": 1053170,
            "current_ratio": 30.3,
            "debt_ratio": 74.76,
            "inventory_turnover_ratio": 1.83,
            "account_receivable_turnover_ratio": null,
            "reinvestment_rate": null,
            "research_to_sale_ratio": null,
            "price_fair": 25.9,
            "eps_avg_yearly": 0.74,
            "eps_latest_yearly": 1.08,
            "eps_growth_yearly": 306.67
        },
        "20032": {
            "year_quarter": 20032,
            "year": 2003,
            "quarter": 2,
            "eps": -1.24,
            "eps_growth_year": -1340,
            "eps_4q": -1.8,
            "eps_4q_growth_year": null,
            "roe": -14.88,
            "roe_4q": -21.36,
            "gross_profit": 56624,
            "gross_margin": 14.46,
            "gross_margin_4q_avg": 17.73,
            "net_income": -160001,
            "net_income_4q": null,
            "revenue": 391532,
            "revenue_4q": null,
            "common_shares": 1287052,
            "book_valuer_per_share": 8.53,
            "book_valuer_per_share_4q_avg": 9.13,
            "equity": 1097229,
            "current_ratio": 33.1,
            "debt_ratio": 73.76,
            "inventory_turnover_ratio": 2.44,
            "account_receivable_turnover_ratio": null,
            "reinvestment_rate": null,
            "research_to_sale_ratio": null,
            "price_fair": 25.9,
            "eps_avg_yearly": 0.74,
            "eps_latest_yearly": 1.08,
            "eps_growth_yearly": 306.67
        },
        "20033": {
            "year_quarter": 20033,
            "year": 2003,
            "quarter": 3,
            "eps": -1.13,
            "eps_growth_year": -518.52,
            "eps_4q": -3.2,
            "eps_4q_growth_year": null,
            "roe": -14,
            "roe_4q": -37.980000000000004,
            "gross_profit": 43496,
            "gross_margin": 10.83,
            "gross_margin_4q_avg": 15.59,
            "net_income": -145823,
            "net_income_4q": null,
            "revenue": 401519,
            "revenue_4q": null,
            "common_shares": 1287052,
            "book_valuer_per_share": 7.66,
            "book_valuer_per_share_4q_avg": 8.46,
            "equity": 986253,
            "current_ratio": 38.65,
            "debt_ratio": 76.06,
            "inventory_turnover_ratio": 2.05,
            "account_receivable_turnover_ratio": null,
            "reinvestment_rate": null,
            "research_to_sale_ratio": null,
            "price_fair": 25.9,
            "eps_avg_yearly": 0.74,
            "eps_latest_yearly": 1.08,
            "eps_growth_yearly": 306.67
        },
        "20034": {
            "year_quarter": 20034,
            "year": 2003,
            "quarter": 4,
            "eps": -1.02,
            "eps_growth_year": null,
            "eps_4q": -4.01,
            "eps_4q_growth_year": -601.25,
            "roe": -14.23,
            "roe_4q": -50.1,
            "gross_profit": 61226,
            "gross_margin": 11.93,
            "gross_margin_4q_avg": 13.16,
            "net_income": -130776,
            "net_income_4q": null,
            "revenue": 513109,
            "revenue_4q": null,
            "common_shares": 1287052,
            "book_valuer_per_share": 6.61,
            "book_valuer_per_share_4q_avg": 7.75,
            "equity": 851157,
            "current_ratio": 59.71,
            "debt_ratio": 82.22,
            "inventory_turnover_ratio": 1.73,
            "account_receivable_turnover_ratio": null,
            "reinvestment_rate": null,
            "research_to_sale_ratio": null,
            "price_fair": 25.9,
            "eps_avg_yearly": 0.74,
            "eps_latest_yearly": 1.08,
            "eps_growth_yearly": 306.67
        },
        "20041": {
            "year_quarter": 20041,
            "year": 2004,
            "quarter": 1,
            "eps": -0.93,
            "eps_growth_year": null,
            "eps_4q": -4.33,
            "eps_4q_growth_year": null,
            "roe": -14.82,
            "roe_4q": -57.93,
            "gross_profit": 43872,
            "gross_margin": 8.76,
            "gross_margin_4q_avg": 11.5,
            "net_income": -119511,
            "net_income_4q": null,
            "revenue": 501043,
            "revenue_4q": null,
            "common_shares": 1287052,
            "book_valuer_per_share": 5.92,
            "book_valuer_per_share_4q_avg": 7.18,
            "equity": 761763,
            "current_ratio": 35.31,
            "debt_ratio": 80.65,
            "inventory_turnover_ratio": 2.09,
            "account_receivable_turnover_ratio": null,
            "reinvestment_rate": null,
            "research_to_sale_ratio": null,
            "price_fair": 25.9,
            "eps_avg_yearly": 0.74,
            "eps_latest_yearly": 1.08,
            "eps_growth_yearly": 306.67
        },
        "20042": {
            "year_quarter": 20042,
            "year": 2004,
            "quarter": 2,
            "eps": -0.19,
            "eps_growth_year": null,
            "eps_4q": -3.27,
            "eps_4q_growth_year": null,
            "roe": -3.38,
            "roe_4q": -46.43,
            "gross_profit": 48659,
            "gross_margin": 8.06,
            "gross_margin_4q_avg": 9.9,
            "net_income": -24935,
            "net_income_4q": null,
            "revenue": 603404,
            "revenue_4q": null,
            "common_shares": 1287052,
            "book_valuer_per_share": 5.55,
            "book_valuer_per_share_4q_avg": 6.44,
            "equity": 714333,
            "current_ratio": 42.7,
            "debt_ratio": 79.72,
            "inventory_turnover_ratio": 4.87,
            "account_receivable_turnover_ratio": null,
            "reinvestment_rate": null,
            "research_to_sale_ratio": null,
            "price_fair": 25.9,
            "eps_avg_yearly": 0.74,
            "eps_latest_yearly": 1.08,
            "eps_growth_yearly": 306.67
        },
        "20043": {
            "year_quarter": 20043,
            "year": 2004,
            "quarter": 3,
            "eps": -0.04,
            "eps_growth_year": null,
            "eps_4q": -2.18,
            "eps_4q_growth_year": null,
            "roe": -0.7,
            "roe_4q": -33.129999999999995,
            "gross_profit": 30536,
            "gross_margin": 6.22,
            "gross_margin_4q_avg": 8.74,
            "net_income": -4780,
            "net_income_4q": null,
            "revenue": 490700,
            "revenue_4q": null,
            "common_shares": 1287052,
            "book_valuer_per_share": 5.1,
            "book_valuer_per_share_4q_avg": 5.8,
            "equity": 656531,
            "current_ratio": 29.69,
            "debt_ratio": 80.11,
            "inventory_turnover_ratio": 4.26,
            "account_receivable_turnover_ratio": null,
            "reinvestment_rate": null,
            "research_to_sale_ratio": null,
            "price_fair": 25.9,
            "eps_avg_yearly": 0.74,
            "eps_latest_yearly": 1.08,
            "eps_growth_yearly": 306.67
        },
        "20044": {
            "year_quarter": 20044,
            "year": 2004,
            "quarter": 4,
            "eps": -2.29,
            "eps_growth_year": null,
            "eps_4q": -3.45,
            "eps_4q_growth_year": null,
            "roe": -55.23,
            "roe_4q": -74.13,
            "gross_profit": 15687,
            "gross_margin": 2.77,
            "gross_margin_4q_avg": 6.45,
            "net_income": -295170,
            "net_income_4q": null,
            "revenue": 567200,
            "revenue_4q": null,
            "common_shares": 1287052,
            "book_valuer_per_share": 3.2,
            "book_valuer_per_share_4q_avg": 4.94,
            "equity": 412422,
            "current_ratio": 55.87,
            "debt_ratio": 87.51,
            "inventory_turnover_ratio": 3.33,
            "account_receivable_turnover_ratio": null,
            "reinvestment_rate": null,
            "research_to_sale_ratio": null,
            "price_fair": 25.9,
            "eps_avg_yearly": 0.74,
            "eps_latest_yearly": 1.08,
            "eps_growth_yearly": 306.67
        },
        "20051": {
            "year_quarter": 20051,
            "year": 2005,
            "quarter": 1,
            "eps": -1.39,
            "eps_growth_year": null,
            "eps_4q": -3.92,
            "eps_4q_growth_year": null,
            "roe": -55.47,
            "roe_4q": -114.77999999999999,
            "gross_profit": 8772,
            "gross_margin": 2.22,
            "gross_margin_4q_avg": 4.82,
            "net_income": -178294,
            "net_income_4q": null,
            "revenue": 396004,
            "revenue_4q": null,
            "common_shares": 1287052,
            "book_valuer_per_share": 1.79,
            "book_valuer_per_share_4q_avg": 3.91,
            "equity": 230464,
            "current_ratio": 28.98,
            "debt_ratio": 90.5,
            "inventory_turnover_ratio": 3.04,
            "account_receivable_turnover_ratio": null,
            "reinvestment_rate": null,
            "research_to_sale_ratio": null,
            "price_fair": 25.9,
            "eps_avg_yearly": 0.74,
            "eps_latest_yearly": 1.08,
            "eps_growth_yearly": 306.67
        },
        "20052": {
            "year_quarter": 20052,
            "year": 2005,
            "quarter": 2,
            "eps": 0.46,
            "eps_growth_year": null,
            "eps_4q": -3.26,
            "eps_4q_growth_year": null,
            "roe": 23.3,
            "roe_4q": -88.10000000000001,
            "gross_profit": 9825,
            "gross_margin": 3.1,
            "gross_margin_4q_avg": 3.58,
            "net_income": 59092,
            "net_income_4q": null,
            "revenue": 317138,
            "revenue_4q": null,
            "common_shares": 1287052,
            "book_valuer_per_share": 2.15,
            "book_valuer_per_share_4q_avg": 3.06,
            "equity": 276771,
            "current_ratio": 30.87,
            "debt_ratio": 87.68,
            "inventory_turnover_ratio": 9.85,
            "account_receivable_turnover_ratio": null,
            "reinvestment_rate": null,
            "research_to_sale_ratio": null,
            "price_fair": 25.9,
            "eps_avg_yearly": 0.74,
            "eps_latest_yearly": 1.08,
            "eps_growth_yearly": 306.67
        },
        "20053": {
            "year_quarter": 20053,
            "year": 2005,
            "quarter": 3,
            "eps": 0.98,
            "eps_growth_year": null,
            "eps_4q": -2.23,
            "eps_4q_growth_year": null,
            "roe": 35.09,
            "roe_4q": -52.309999999999995,
            "gross_profit": -11983,
            "gross_margin": -3.72,
            "gross_margin_4q_avg": 1.09,
            "net_income": 126461,
            "net_income_4q": null,
            "revenue": 321869,
            "revenue_4q": null,
            "common_shares": 1287052,
            "book_valuer_per_share": 3.45,
            "book_valuer_per_share_4q_avg": 2.65,
            "equity": 443938,
            "current_ratio": 34.06,
            "debt_ratio": 78.48,
            "inventory_turnover_ratio": 21.01,
            "account_receivable_turnover_ratio": null,
            "reinvestment_rate": null,
            "research_to_sale_ratio": null,
            "price_fair": 63,
            "eps_avg_yearly": 1.8,
            "eps_latest_yearly": 3.92,
            "eps_growth_yearly": 355.17
        },
        "20054": {
            "year_quarter": 20054,
            "year": 2005,
            "quarter": 4,
            "eps": -0.54,
            "eps_growth_year": null,
            "eps_4q": -0.48,
            "eps_4q_growth_year": null,
            "roe": -17.15,
            "roe_4q": -14.22999999999999,
            "gross_profit": 2242,
            "gross_margin": 1.03,
            "gross_margin_4q_avg": 0.66,
            "net_income": -69423,
            "net_income_4q": null,
            "revenue": 218404,
            "revenue_4q": null,
            "common_shares": 1287052,
            "book_valuer_per_share": 2.84,
            "book_valuer_per_share_4q_avg": 2.56,
            "equity": 365528,
            "current_ratio": 32.57,
            "debt_ratio": 80.2,
            "inventory_turnover_ratio": 28821.6,
            "account_receivable_turnover_ratio": null,
            "reinvestment_rate": null,
            "research_to_sale_ratio": null,
            "price_fair": 63,
            "eps_avg_yearly": 1.8,
            "eps_latest_yearly": 3.92,
            "eps_growth_yearly": 355.17
        },
        "20061": {
            "year_quarter": 20061,
            "year": 2006,
            "quarter": 1,
            "eps": -0.17,
            "eps_growth_year": null,
            "eps_4q": 0.72,
            "eps_4q_growth_year": null,
            "roe": -3.49,
            "roe_4q": 37.75,
            "gross_profit": 121,
            "gross_margin": 0.05,
            "gross_margin_4q_avg": 0.12,
            "net_income": -22223,
            "net_income_4q": null,
            "revenue": 249453,
            "revenue_4q": null,
            "common_shares": 1287052,
            "book_valuer_per_share": 7.05,
            "book_valuer_per_share_4q_avg": 3.87,
            "equity": 907364,
            "current_ratio": 35.92,
            "debt_ratio": 62.36,
            "inventory_turnover_ratio": null,
            "account_receivable_turnover_ratio": null,
            "reinvestment_rate": null,
            "research_to_sale_ratio": null,
            "price_fair": 63,
            "eps_avg_yearly": 1.8,
            "eps_latest_yearly": 3.92,
            "eps_growth_yearly": 355.17
        },
        "20062": {
            "year_quarter": 20062,
            "year": 2006,
            "quarter": 2,
            "eps": -0.04,
            "eps_growth_year": -108.7,
            "eps_4q": 0.23,
            "eps_4q_growth_year": null,
            "roe": -0.57,
            "roe_4q": 13.880000000000003,
            "gross_profit": 2008,
            "gross_margin": 0.72,
            "gross_margin_4q_avg": -0.48,
            "net_income": -5610,
            "net_income_4q": null,
            "revenue": 278469,
            "revenue_4q": null,
            "common_shares": 1287052,
            "book_valuer_per_share": 8.18,
            "book_valuer_per_share_4q_avg": 5.38,
            "equity": 1052594,
            "current_ratio": 27.94,
            "debt_ratio": 58.31,
            "inventory_turnover_ratio": null,
            "account_receivable_turnover_ratio": null,
            "reinvestment_rate": null,
            "research_to_sale_ratio": null,
            "price_fair": 87.5,
            "eps_avg_yearly": 2.5,
            "eps_latest_yearly": 3.92,
            "eps_growth_yearly": 566.09
        },
        "20063": {
            "year_quarter": 20063,
            "year": 2006,
            "quarter": 3,
            "eps": 0.14,
            "eps_growth_year": -85.71,
            "eps_4q": -1.3,
            "eps_4q_growth_year": null,
            "roe": 0.87,
            "roe_4q": -20.34,
            "gross_profit": -2286,
            "gross_margin": -0.78,
            "gross_margin_4q_avg": 0.26,
            "net_income": 9446,
            "net_income_4q": null,
            "revenue": 292315,
            "revenue_4q": null,
            "common_shares": 687052,
            "book_valuer_per_share": 16.33,
            "book_valuer_per_share_4q_avg": 8.6,
            "equity": 1122089,
            "current_ratio": 31.42,
            "debt_ratio": 56.8,
            "inventory_turnover_ratio": null,
            "account_receivable_turnover_ratio": null,
            "reinvestment_rate": null,
            "research_to_sale_ratio": null,
            "price_fair": 137.2,
            "eps_avg_yearly": 3.92,
            "eps_latest_yearly": 3.92,
            "eps_growth_yearly": 452.17
        },
        "20064": {
            "year_quarter": 20064,
            "year": 2006,
            "quarter": 4,
            "eps": -0.74,
            "eps_growth_year": null,
            "eps_4q": -0.99,
            "eps_4q_growth_year": null,
            "roe": -4.09,
            "roe_4q": -7.279999999999999,
            "gross_profit": 5910,
            "gross_margin": 1.39,
            "gross_margin_4q_avg": 0.35,
            "net_income": -53834,
            "net_income_4q": null,
            "revenue": 426608,
            "revenue_4q": null,
            "common_shares": 1087052,
            "book_valuer_per_share": 13.87,
            "book_valuer_per_share_4q_avg": 11.36,
            "equity": 1507950,
            "current_ratio": 36.69,
            "debt_ratio": 41.9,
            "inventory_turnover_ratio": null,
            "account_receivable_turnover_ratio": null,
            "reinvestment_rate": null,
            "research_to_sale_ratio": null,
            "price_fair": 137.2,
            "eps_avg_yearly": 3.92,
            "eps_latest_yearly": 3.92,
            "eps_growth_yearly": 452.17
        },
        "20071": {
            "year_quarter": 20071,
            "year": 2007,
            "quarter": 1,
            "eps": -0.13,
            "eps_growth_year": null,
            "eps_4q": -0.59,
            "eps_4q_growth_year": -181.58,
            "roe": -1,
            "roe_4q": -4.79,
            "gross_profit": 298,
            "gross_margin": 0.06,
            "gross_margin_4q_avg": 0.35,
            "net_income": -14253,
            "net_income_4q": null,
            "revenue": 491575,
            "revenue_4q": null,
            "common_shares": 1087052,
            "book_valuer_per_share": 12.38,
            "book_valuer_per_share_4q_avg": 12.69,
            "equity": 1345719,
            "current_ratio": 34.39,
            "debt_ratio": 45.15,
            "inventory_turnover_ratio": null,
            "account_receivable_turnover_ratio": null,
            "reinvestment_rate": null,
            "research_to_sale_ratio": null,
            "price_fair": 137.2,
            "eps_avg_yearly": 3.92,
            "eps_latest_yearly": 3.92,
            "eps_growth_yearly": 452.17
        },
        "20072": {
            "year_quarter": 20072,
            "year": 2007,
            "quarter": 2,
            "eps": 0.46,
            "eps_growth_year": null,
            "eps_4q": -0.08,
            "eps_4q_growth_year": -133.62,
            "roe": 3.65,
            "roe_4q": -0.57,
            "gross_profit": 2545,
            "gross_margin": 0.72,
            "gross_margin_4q_avg": 0.35,
            "net_income": 50299,
            "net_income_4q": null,
            "revenue": 351040,
            "revenue_4q": null,
            "common_shares": 1087052,
            "book_valuer_per_share": 12.94,
            "book_valuer_per_share_4q_avg": 13.88,
            "equity": 1406870,
            "current_ratio": 35.17,
            "debt_ratio": 42.69,
            "inventory_turnover_ratio": null,
            "account_receivable_turnover_ratio": null,
            "reinvestment_rate": null,
            "research_to_sale_ratio": null,
            "price_fair": 137.2,
            "eps_avg_yearly": 3.92,
            "eps_latest_yearly": 3.92,
            "eps_growth_yearly": 452.17
        },
        "20073": {
            "year_quarter": 20073,
            "year": 2007,
            "quarter": 3,
            "eps": 0.95,
            "eps_growth_year": 578.57,
            "eps_4q": 0.79,
            "eps_4q_growth_year": null,
            "roe": 7.55,
            "roe_4q": 6.109999999999999,
            "gross_profit": 1552,
            "gross_margin": 0.46,
            "gross_margin_4q_avg": 0.66,
            "net_income": 103209,
            "net_income_4q": null,
            "revenue": 336339,
            "revenue_4q": null,
            "common_shares": 1087052,
            "book_valuer_per_share": 12.22,
            "book_valuer_per_share_4q_avg": 12.85,
            "equity": 1328472,
            "current_ratio": 47.38,
            "debt_ratio": 43.28,
            "inventory_turnover_ratio": null,
            "account_receivable_turnover_ratio": null,
            "reinvestment_rate": null,
            "research_to_sale_ratio": null,
            "price_fair": 135.1,
            "eps_avg_yearly": 3.86,
            "eps_latest_yearly": 3.8,
            "eps_growth_yearly": 439.13
        },
        "20074": {
            "year_quarter": 20074,
            "year": 2007,
            "quarter": 4,
            "eps": -0.71,
            "eps_growth_year": null,
            "eps_4q": 0.57,
            "eps_4q_growth_year": null,
            "roe": -6.41,
            "roe_4q": 3.789999999999999,
            "gross_profit": 887,
            "gross_margin": 0.35,
            "gross_margin_4q_avg": 0.4,
            "net_income": -77553,
            "net_income_4q": null,
            "revenue": 250772,
            "revenue_4q": null,
            "common_shares": 1087052,
            "book_valuer_per_share": 10.02,
            "book_valuer_per_share_4q_avg": 11.89,
            "equity": 1089731,
            "current_ratio": 21.66,
            "debt_ratio": 46.1,
            "inventory_turnover_ratio": null,
            "account_receivable_turnover_ratio": null,
            "reinvestment_rate": null,
            "research_to_sale_ratio": null,
            "price_fair": 135.1,
            "eps_avg_yearly": 3.86,
            "eps_latest_yearly": 3.8,
            "eps_growth_yearly": 439.13
        },
        "20081": {
            "year_quarter": 20081,
            "year": 2008,
            "quarter": 1,
            "eps": -0.03,
            "eps_growth_year": null,
            "eps_4q": 0.69,
            "eps_4q_growth_year": null,
            "roe": -0.32,
            "roe_4q": 4.469999999999999,
            "gross_profit": 1404,
            "gross_margin": 0.58,
            "gross_margin_4q_avg": 0.53,
            "net_income": -3165,
            "net_income_4q": null,
            "revenue": 241001,
            "revenue_4q": null,
            "common_shares": 1087052,
            "book_valuer_per_share": 8.24,
            "book_valuer_per_share_4q_avg": 10.86,
            "equity": 895617,
            "current_ratio": 20.77,
            "debt_ratio": 50.91,
            "inventory_turnover_ratio": null,
            "account_receivable_turnover_ratio": null,
            "reinvestment_rate": null,
            "research_to_sale_ratio": null,
            "price_fair": 135.1,
            "eps_avg_yearly": 3.86,
            "eps_latest_yearly": 3.8,
            "eps_growth_yearly": 439.13
        },
        "20082": {
            "year_quarter": 20082,
            "year": 2008,
            "quarter": 2,
            "eps": -0.12,
            "eps_growth_year": -126.09,
            "eps_4q": 0.09,
            "eps_4q_growth_year": null,
            "roe": -1.67,
            "roe_4q": -0.8500000000000005,
            "gross_profit": 2219,
            "gross_margin": 1.02,
            "gross_margin_4q_avg": 0.6,
            "net_income": -13054,
            "net_income_4q": null,
            "revenue": 217957,
            "revenue_4q": null,
            "common_shares": 1087052,
            "book_valuer_per_share": 6.17,
            "book_valuer_per_share_4q_avg": 9.16,
            "equity": 671051,
            "current_ratio": 16.34,
            "debt_ratio": 57.06,
            "inventory_turnover_ratio": null,
            "account_receivable_turnover_ratio": null,
            "reinvestment_rate": null,
            "research_to_sale_ratio": null,
            "price_fair": 135.1,
            "eps_avg_yearly": 3.86,
            "eps_latest_yearly": 3.8,
            "eps_growth_yearly": 439.13
        },
        "20083": {
            "year_quarter": 20083,
            "year": 2008,
            "quarter": 3,
            "eps": -0.27,
            "eps_growth_year": -128.42,
            "eps_4q": -1.14,
            "eps_4q_growth_year": -244.56,
            "roe": -5.87,
            "roe_4q": -14.27,
            "gross_profit": 1086,
            "gross_margin": 0.9,
            "gross_margin_4q_avg": 0.71,
            "net_income": -29786,
            "net_income_4q": null,
            "revenue": 121015,
            "revenue_4q": null,
            "common_shares": 1087052,
            "book_valuer_per_share": 3.17,
            "book_valuer_per_share_4q_avg": 6.9,
            "equity": 344106,
            "current_ratio": 13.58,
            "debt_ratio": 66.32,
            "inventory_turnover_ratio": null,
            "account_receivable_turnover_ratio": null,
            "reinvestment_rate": null,
            "research_to_sale_ratio": null,
            "price_fair": 135.1,
            "eps_avg_yearly": 3.86,
            "eps_latest_yearly": 3.8,
            "eps_growth_yearly": 439.13
        },
        "20084": {
            "year_quarter": 20084,
            "year": 2008,
            "quarter": 4,
            "eps": -0.51,
            "eps_growth_year": null,
            "eps_4q": -0.93,
            "eps_4q_growth_year": -263.16,
            "roe": -19.58,
            "roe_4q": -27.439999999999998,
            "gross_profit": 1214,
            "gross_margin": 1.01,
            "gross_margin_4q_avg": 0.88,
            "net_income": -55041,
            "net_income_4q": null,
            "revenue": 120637,
            "revenue_4q": null,
            "common_shares": 1087052,
            "book_valuer_per_share": 2.01,
            "book_valuer_per_share_4q_avg": 4.9,
            "equity": 218095,
            "current_ratio": 34.08,
            "debt_ratio": 76.25,
            "inventory_turnover_ratio": null,
            "account_receivable_turnover_ratio": 11.12,
            "reinvestment_rate": null,
            "research_to_sale_ratio": null,
            "price_fair": 135.1,
            "eps_avg_yearly": 3.86,
            "eps_latest_yearly": 3.8,
            "eps_growth_yearly": 439.13
        },
        "20091": {
            "year_quarter": 20091,
            "year": 2009,
            "quarter": 1,
            "eps": -0.09,
            "eps_growth_year": null,
            "eps_4q": -1,
            "eps_4q_growth_year": -244.26,
            "roe": -4.43,
            "roe_4q": -31.549999999999997,
            "gross_profit": 910,
            "gross_margin": 1.12,
            "gross_margin_4q_avg": 1.01,
            "net_income": -10317,
            "net_income_4q": null,
            "revenue": 81512,
            "revenue_4q": null,
            "common_shares": 1087052,
            "book_valuer_per_share": 2.28,
            "book_valuer_per_share_4q_avg": 3.41,
            "equity": 247556,
            "current_ratio": 26.35,
            "debt_ratio": 73.47,
            "inventory_turnover_ratio": null,
            "account_receivable_turnover_ratio": 4.24,
            "reinvestment_rate": null,
            "research_to_sale_ratio": null,
            "price_fair": 135.1,
            "eps_avg_yearly": 3.86,
            "eps_latest_yearly": 3.8,
            "eps_growth_yearly": 439.13
        },
        "20092": {
            "year_quarter": 20092,
            "year": 2009,
            "quarter": 2,
            "eps": -0.37,
            "eps_growth_year": null,
            "eps_4q": -1.25,
            "eps_4q_growth_year": -1535,
            "roe": -24.51,
            "roe_4q": -54.38999999999999,
            "gross_profit": 1381,
            "gross_margin": 2.49,
            "gross_margin_4q_avg": 1.38,
            "net_income": -40277,
            "net_income_4q": null,
            "revenue": 55457,
            "revenue_4q": null,
            "common_shares": 1087052,
            "book_valuer_per_share": 0.75,
            "book_valuer_per_share_4q_avg": 2.05,
            "equity": 81095,
            "current_ratio": 27.61,
            "debt_ratio": 87.45,
            "inventory_turnover_ratio": null,
            "account_receivable_turnover_ratio": 4.38,
            "reinvestment_rate": null,
            "research_to_sale_ratio": null,
            "price_fair": 135.1,
            "eps_avg_yearly": 3.86,
            "eps_latest_yearly": 3.8,
            "eps_growth_yearly": 439.13
        },
        "20093": {
            "year_quarter": 20093,
            "year": 2009,
            "quarter": 3,
            "eps": -0.46,
            "eps_growth_year": null,
            "eps_4q": -1.43,
            "eps_4q_growth_year": null,
            "roe": -64.14,
            "roe_4q": -112.66000000000001,
            "gross_profit": 797,
            "gross_margin": 1.11,
            "gross_margin_4q_avg": 1.43,
            "net_income": -50005,
            "net_income_4q": null,
            "revenue": 71910,
            "revenue_4q": null,
            "common_shares": 1087052,
            "book_valuer_per_share": 0.69,
            "book_valuer_per_share_4q_avg": 1.43,
            "equity": 74825,
            "current_ratio": 22.08,
            "debt_ratio": 87.95,
            "inventory_turnover_ratio": null,
            "account_receivable_turnover_ratio": 8.67,
            "reinvestment_rate": null,
            "research_to_sale_ratio": null,
            "price_fair": 133,
            "eps_avg_yearly": 3.8,
            "eps_latest_yearly": 3.8,
            "eps_growth_yearly": 426.09
        },
        "20094": {
            "year_quarter": 20094,
            "year": 2009,
            "quarter": 4,
            "eps": -0.38,
            "eps_growth_year": null,
            "eps_4q": -1.3,
            "eps_4q_growth_year": null,
            "roe": -44.21,
            "roe_4q": -137.29,
            "gross_profit": 886,
            "gross_margin": 1.27,
            "gross_margin_4q_avg": 1.5,
            "net_income": -40989,
            "net_income_4q": null,
            "revenue": 69884,
            "revenue_4q": null,
            "common_shares": 1087052,
            "book_valuer_per_share": 1.02,
            "book_valuer_per_share_4q_avg": 1.19,
            "equity": 110598,
            "current_ratio": 19.83,
            "debt_ratio": 82.7,
            "inventory_turnover_ratio": null,
            "account_receivable_turnover_ratio": 17.79,
            "reinvestment_rate": null,
            "research_to_sale_ratio": null,
            "price_fair": 133,
            "eps_avg_yearly": 3.8,
            "eps_latest_yearly": 3.8,
            "eps_growth_yearly": 426.09
        },
        "20101": {
            "year_quarter": 20101,
            "year": 2010,
            "quarter": 1,
            "eps": -0.37,
            "eps_growth_year": null,
            "eps_4q": -1.58,
            "eps_4q_growth_year": null,
            "roe": -27.59,
            "roe_4q": -160.45,
            "gross_profit": 1424,
            "gross_margin": 1.16,
            "gross_margin_4q_avg": 1.51,
            "net_income": -40175,
            "net_income_4q": null,
            "revenue": 122289,
            "revenue_4q": null,
            "common_shares": 1087052,
            "book_valuer_per_share": 1.66,
            "book_valuer_per_share_4q_avg": 1.03,
            "equity": 180665,
            "current_ratio": 26.84,
            "debt_ratio": 72.27,
            "inventory_turnover_ratio": null,
            "account_receivable_turnover_ratio": 14.37,
            "reinvestment_rate": null,
            "research_to_sale_ratio": null,
            "price_fair": 133,
            "eps_avg_yearly": 3.8,
            "eps_latest_yearly": 3.8,
            "eps_growth_yearly": 426.09
        },
        "20102": {
            "year_quarter": 20102,
            "year": 2010,
            "quarter": 2,
            "eps": -0.93,
            "eps_growth_year": null,
            "eps_4q": -2.14,
            "eps_4q_growth_year": null,
            "roe": -97.96,
            "roe_4q": -233.89999999999998,
            "gross_profit": 1455,
            "gross_margin": 1.89,
            "gross_margin_4q_avg": 1.36,
            "net_income": -101116,
            "net_income_4q": null,
            "revenue": 76831,
            "revenue_4q": null,
            "common_shares": 1087052,
            "book_valuer_per_share": 0.24,
            "book_valuer_per_share_4q_avg": 0.9,
            "equity": 25786,
            "current_ratio": 25.07,
            "debt_ratio": 94.84,
            "inventory_turnover_ratio": null,
            "account_receivable_turnover_ratio": 9.17,
            "reinvestment_rate": null,
            "research_to_sale_ratio": null,
            "price_fair": 133,
            "eps_avg_yearly": 3.8,
            "eps_latest_yearly": 3.8,
            "eps_growth_yearly": 426.09
        },
        "20103": {
            "year_quarter": 20103,
            "year": 2010,
            "quarter": 3,
            "eps": -0.07,
            "eps_growth_year": null,
            "eps_4q": -1.74,
            "eps_4q_growth_year": null,
            "roe": -13.51,
            "roe_4q": -183.27,
            "gross_profit": 1633,
            "gross_margin": 1.93,
            "gross_margin_4q_avg": 1.56,
            "net_income": -7380,
            "net_income_4q": null,
            "revenue": 84692,
            "revenue_4q": null,
            "common_shares": 1087052,
            "book_valuer_per_share": 0.77,
            "book_valuer_per_share_4q_avg": 0.92,
            "equity": 83427,
            "current_ratio": 22.51,
            "debt_ratio": 84.95,
            "inventory_turnover_ratio": null,
            "account_receivable_turnover_ratio": 11.12,
            "reinvestment_rate": null,
            "research_to_sale_ratio": null,
            "price_fair": 133,
            "eps_avg_yearly": 3.8,
            "eps_latest_yearly": 3.8,
            "eps_growth_yearly": 426.09
        },
        "20104": {
            "year_quarter": 20104,
            "year": 2010,
            "quarter": 4,
            "eps": -0.21,
            "eps_growth_year": null,
            "eps_4q": -3.27,
            "eps_4q_growth_year": null,
            "roe": -19.86,
            "roe_4q": -158.92,
            "gross_profit": 1382,
            "gross_margin": 1.64,
            "gross_margin_4q_avg": 1.66,
            "net_income": -10439,
            "net_income_4q": null,
            "revenue": 84131,
            "revenue_4q": null,
            "common_shares": 487052,
            "book_valuer_per_share": 0.45,
            "book_valuer_per_share_4q_avg": 0.78,
            "equity": 21688,
            "current_ratio": 19.9,
            "debt_ratio": 95.26,
            "inventory_turnover_ratio": null,
            "account_receivable_turnover_ratio": 10.18,
            "reinvestment_rate": null,
            "research_to_sale_ratio": null,
            "price_fair": 133,
            "eps_avg_yearly": 3.8,
            "eps_latest_yearly": 3.8,
            "eps_growth_yearly": 426.09
        },
        "20111": {
            "year_quarter": 20111,
            "year": 2011,
            "quarter": 1,
            "eps": -0.19,
            "eps_growth_year": null,
            "eps_4q": -2.63,
            "eps_4q_growth_year": null,
            "roe": -32.82,
            "roe_4q": -164.14999999999998,
            "gross_profit": 1684,
            "gross_margin": 2.15,
            "gross_margin_4q_avg": 1.9,
            "net_income": -9402,
            "net_income_4q": null,
            "revenue": 78251,
            "revenue_4q": null,
            "common_shares": 487052,
            "book_valuer_per_share": 0.73,
            "book_valuer_per_share_4q_avg": 0.55,
            "equity": 35603,
            "current_ratio": 8.82,
            "debt_ratio": 91.97,
            "inventory_turnover_ratio": null,
            "account_receivable_turnover_ratio": 9.74,
            "reinvestment_rate": null,
            "research_to_sale_ratio": null,
            "price_fair": 133,
            "eps_avg_yearly": 3.8,
            "eps_latest_yearly": 3.8,
            "eps_growth_yearly": 426.09
        },
        "20112": {
            "year_quarter": 20112,
            "year": 2011,
            "quarter": 2,
            "eps": 0.57,
            "eps_growth_year": null,
            "eps_4q": 0.11,
            "eps_4q_growth_year": null,
            "roe": 97.55,
            "roe_4q": 31.359999999999992,
            "gross_profit": 1295,
            "gross_margin": 2.18,
            "gross_margin_4q_avg": 1.98,
            "net_income": 33623,
            "net_income_4q": null,
            "revenue": 59333,
            "revenue_4q": null,
            "common_shares": 587052,
            "book_valuer_per_share": 0.57,
            "book_valuer_per_share_4q_avg": 0.63,
            "equity": 33334,
            "current_ratio": 27.06,
            "debt_ratio": 90.87,
            "inventory_turnover_ratio": null,
            "account_receivable_turnover_ratio": 8.99,
            "reinvestment_rate": null,
            "research_to_sale_ratio": null,
            "price_fair": 133,
            "eps_avg_yearly": 3.8,
            "eps_latest_yearly": 3.8,
            "eps_growth_yearly": 426.09
        },
        "20113": {
            "year_quarter": 20113,
            "year": 2011,
            "quarter": 3,
            "eps": -0.07,
            "eps_growth_year": null,
            "eps_4q": 0.09,
            "eps_4q_growth_year": null,
            "roe": -24.49,
            "roe_4q": 20.380000000000003,
            "gross_profit": 1019,
            "gross_margin": 1.6,
            "gross_margin_4q_avg": 1.89,
            "net_income": -5877,
            "net_income_4q": null,
            "revenue": 63518,
            "revenue_4q": null,
            "common_shares": 841052,
            "book_valuer_per_share": 0.17,
            "book_valuer_per_share_4q_avg": 0.48,
            "equity": 14659,
            "current_ratio": 21.65,
            "debt_ratio": 94.6,
            "inventory_turnover_ratio": null,
            "account_receivable_turnover_ratio": 10.93,
            "reinvestment_rate": null,
            "research_to_sale_ratio": null,
            "price_fair": 0,
            "eps_avg_yearly": 0,
            "eps_latest_yearly": 0,
            "eps_growth_yearly": 0
        },
        "20114": {
            "year_quarter": 20114,
            "year": 2011,
            "quarter": 4,
            "eps": -0.08,
            "eps_growth_year": null,
            "eps_4q": 0.1,
            "eps_4q_growth_year": null,
            "roe": -24.98,
            "roe_4q": 15.259999999999998,
            "gross_profit": 642,
            "gross_margin": 1.49,
            "gross_margin_4q_avg": 1.86,
            "net_income": -7786,
            "net_income_4q": null,
            "revenue": 42949,
            "revenue_4q": null,
            "common_shares": 1037052,
            "book_valuer_per_share": 0.46,
            "book_valuer_per_share_4q_avg": 0.48,
            "equity": 47681,
            "current_ratio": 37.76,
            "debt_ratio": 80.68,
            "inventory_turnover_ratio": null,
            "account_receivable_turnover_ratio": 11.38,
            "reinvestment_rate": null,
            "research_to_sale_ratio": null,
            "price_fair": 0,
            "eps_avg_yearly": 0,
            "eps_latest_yearly": 0,
            "eps_growth_yearly": 0
        },
        "20121": {
            "year_quarter": 20121,
            "year": 2012,
            "quarter": 1,
            "eps": -0.07,
            "eps_growth_year": null,
            "eps_4q": 0.13,
            "eps_4q_growth_year": null,
            "roe": -14.13,
            "roe_4q": 33.95,
            "gross_profit": 843,
            "gross_margin": 1.83,
            "gross_margin_4q_avg": 1.78,
            "net_income": -6958,
            "net_income_4q": null,
            "revenue": 45948,
            "revenue_4q": null,
            "common_shares": 1037052,
            "book_valuer_per_share": 0.49,
            "book_valuer_per_share_4q_avg": 0.42,
            "equity": 50829,
            "current_ratio": 8.79,
            "debt_ratio": 75.88,
            "inventory_turnover_ratio": null,
            "account_receivable_turnover_ratio": 18.69,
            "reinvestment_rate": null,
            "research_to_sale_ratio": null,
            "price_fair": 0,
            "eps_avg_yearly": 0,
            "eps_latest_yearly": 0,
            "eps_growth_yearly": 0
        },
        "20122": {
            "year_quarter": 20122,
            "year": 2012,
            "quarter": 2,
            "eps": -4.26,
            "eps_growth_year": -843.14,
            "eps_4q": -4.39,
            "eps_4q_growth_year": -4121.35,
            "roe": -2215.58,
            "roe_4q": -2279.18,
            "gross_profit": 851,
            "gross_margin": 1.97,
            "gross_margin_4q_avg": 1.72,
            "net_income": -679750,
            "net_income_4q": null,
            "revenue": 43242,
            "revenue_4q": null,
            "common_shares": 1597052,
            "book_valuer_per_share": 0.07,
            "book_valuer_per_share_4q_avg": 0.3,
            "equity": 10532,
            "current_ratio": 61.38,
            "debt_ratio": 89.88,
            "inventory_turnover_ratio": null,
            "account_receivable_turnover_ratio": 11.24,
            "reinvestment_rate": null,
            "research_to_sale_ratio": null,
            "price_fair": 0,
            "eps_avg_yearly": 0,
            "eps_latest_yearly": 0,
            "eps_growth_yearly": 0
        },
        "20123": {
            "year_quarter": 20123,
            "year": 2012,
            "quarter": 3,
            "eps": 0.01,
            "eps_growth_year": null,
            "eps_4q": -4.34,
            "eps_4q_growth_year": -4720.46,
            "roe": 8.26,
            "roe_4q": -2246.43,
            "gross_profit": 593,
            "gross_margin": 1.87,
            "gross_margin_4q_avg": 1.79,
            "net_income": 939,
            "net_income_4q": null,
            "revenue": 31691,
            "revenue_4q": null,
            "common_shares": 1597052,
            "book_valuer_per_share": 0.08,
            "book_valuer_per_share_4q_avg": 0.28,
            "equity": 12202,
            "current_ratio": 43.2,
            "debt_ratio": 81.86,
            "inventory_turnover_ratio": null,
            "account_receivable_turnover_ratio": 9,
            "reinvestment_rate": null,
            "research_to_sale_ratio": null,
            "price_fair": 0,
            "eps_avg_yearly": 0,
            "eps_latest_yearly": 0,
            "eps_growth_yearly": 0
        },
        "20124": {
            "year_quarter": 20124,
            "year": 2012,
            "quarter": 4,
            "eps": -0.31,
            "eps_growth_year": null,
            "eps_4q": -39.27,
            "eps_4q_growth_year": -38672.77,
            "roe": -36.17,
            "roe_4q": -2257.62,
            "gross_profit": 183,
            "gross_margin": 1.34,
            "gross_margin_4q_avg": 1.75,
            "net_income": -5386,
            "net_income_4q": null,
            "revenue": 13634,
            "revenue_4q": null,
            "common_shares": 176000,
            "book_valuer_per_share": 1,
            "book_valuer_per_share_4q_avg": 0.41,
            "equity": 17576,
            "current_ratio": 367.22,
            "debt_ratio": 73.94,
            "inventory_turnover_ratio": null,
            "account_receivable_turnover_ratio": 11.82,
            "reinvestment_rate": null,
            "research_to_sale_ratio": null,
            "price_fair": 0,
            "eps_avg_yearly": 0,
            "eps_latest_yearly": 0,
            "eps_growth_yearly": 0
        },
        "20131": {
            "year_quarter": 20131,
            "year": 2013,
            "quarter": 1,
            "eps": 0,
            "eps_growth_year": null,
            "eps_4q": -8.11,
            "eps_4q_growth_year": -6571.75,
            "roe": -5.82,
            "roe_4q": -2249.31,
            "gross_profit": 52,
            "gross_margin": 0.55,
            "gross_margin_4q_avg": 1.43,
            "net_income": -10358,
            "net_income_4q": null,
            "revenue": 9473,
            "revenue_4q": null,
            "common_shares": 856000,
            "book_valuer_per_share": 3.95,
            "book_valuer_per_share_4q_avg": 1.28,
            "equity": 338378,
            "current_ratio": 687.22,
            "debt_ratio": 12.91,
            "inventory_turnover_ratio": null,
            "account_receivable_turnover_ratio": 5.61,
            "reinvestment_rate": null,
            "research_to_sale_ratio": null,
            "price_fair": 0,
            "eps_avg_yearly": 0,
            "eps_latest_yearly": 0,
            "eps_growth_yearly": 0
        },
        "20132": {
            "year_quarter": 20132,
            "year": 2013,
            "quarter": 2,
            "eps": 0.9,
            "eps_growth_year": null,
            "eps_4q": 0.73,
            "eps_4q_growth_year": null,
            "roe": 20.48,
            "roe_4q": -13.250000000000002,
            "gross_profit": 98459,
            "gross_margin": 59.09,
            "gross_margin_4q_avg": 15.71,
            "net_income": 77202,
            "net_income_4q": null,
            "revenue": 166623,
            "revenue_4q": null,
            "common_shares": 856000,
            "book_valuer_per_share": 4.85,
            "book_valuer_per_share_4q_avg": 2.47,
            "equity": 415581,
            "current_ratio": 204.21,
            "debt_ratio": 45.77,
            "inventory_turnover_ratio": null,
            "account_receivable_turnover_ratio": 1.87,
            "reinvestment_rate": null,
            "research_to_sale_ratio": null,
            "price_fair": 0,
            "eps_avg_yearly": 0,
            "eps_latest_yearly": 0,
            "eps_growth_yearly": 0
        },
        "20133": {
            "year_quarter": 20133,
            "year": 2013,
            "quarter": 3,
            "eps": 1.01,
            "eps_growth_year": 17076.87,
            "eps_4q": 1.72,
            "eps_4q_growth_year": null,
            "roe": 18.22,
            "roe_4q": -3.289999999999999,
            "gross_profit": 119905,
            "gross_margin": 50.89,
            "gross_margin_4q_avg": 27.97,
            "net_income": 85995,
            "net_income_4q": null,
            "revenue": 235635,
            "revenue_4q": null,
            "common_shares": 856000,
            "book_valuer_per_share": 5.86,
            "book_valuer_per_share_4q_avg": 3.92,
            "equity": 528575,
            "current_ratio": 189.44,
            "debt_ratio": 61.48,
            "inventory_turnover_ratio": 0.22,
            "account_receivable_turnover_ratio": 1,
            "reinvestment_rate": null,
            "research_to_sale_ratio": null,
            "price_fair": 141.4,
            "eps_avg_yearly": 4.04,
            "eps_latest_yearly": 4.04,
            "eps_growth_yearly": 48.89
        },
        "20134": {
            "year_quarter": 20134,
            "year": 2013,
            "quarter": 4,
            "eps": 2.17,
            "eps_growth_year": null,
            "eps_4q": 3.95,
            "eps_4q_growth_year": null,
            "roe": 29.85,
            "roe_4q": 62.73,
            "gross_profit": 228296,
            "gross_margin": 49.51,
            "gross_margin_4q_avg": 40.01,
            "net_income": 185487,
            "net_income_4q": null,
            "revenue": 461106,
            "revenue_4q": null,
            "common_shares": 856000,
            "book_valuer_per_share": 8.03,
            "book_valuer_per_share_4q_avg": 5.67,
            "equity": 714062,
            "current_ratio": 200.23,
            "debt_ratio": 57.02,
            "inventory_turnover_ratio": 0.38,
            "account_receivable_turnover_ratio": 1.32,
            "reinvestment_rate": null,
            "research_to_sale_ratio": null,
            "price_fair": 222.6,
            "eps_avg_yearly": 6.36,
            "eps_latest_yearly": 8.68,
            "eps_growth_yearly": 254.15
        },
        "20141": {
            "year_quarter": 20141,
            "year": 2014,
            "quarter": 1,
            "eps": 2.85,
            "eps_growth_year": null,
            "eps_4q": 6.92,
            "eps_4q_growth_year": null,
            "roe": 29.13,
            "roe_4q": 97.68,
            "gross_profit": 293986,
            "gross_margin": 53.66,
            "gross_margin_4q_avg": 53.29,
            "net_income": 243480,
            "net_income_4q": null,
            "revenue": 547830,
            "revenue_4q": null,
            "common_shares": 856000,
            "book_valuer_per_share": 10.87,
            "book_valuer_per_share_4q_avg": 7.4,
            "equity": 957542,
            "current_ratio": 225.72,
            "debt_ratio": 58.23,
            "inventory_turnover_ratio": 0.31,
            "account_receivable_turnover_ratio": 1.44,
            "reinvestment_rate": null,
            "research_to_sale_ratio": null,
            "price_fair": 281.4,
            "eps_avg_yearly": 8.04,
            "eps_latest_yearly": 11.4,
            "eps_growth_yearly": 211.21
        },
        "20142": {
            "year_quarter": 20142,
            "year": 2014,
            "quarter": 2,
            "eps": 1.18,
            "eps_growth_year": 31.11,
            "eps_4q": 7.2,
            "eps_4q_growth_year": 888.08,
            "roe": 10.02,
            "roe_4q": 87.22,
            "gross_profit": 198896,
            "gross_margin": 46.49,
            "gross_margin_4q_avg": 50.14,
            "net_income": 101058,
            "net_income_4q": null,
            "revenue": 427859,
            "revenue_4q": null,
            "common_shares": 856000,
            "book_valuer_per_share": 12.06,
            "book_valuer_per_share_4q_avg": 9.21,
            "equity": 1058600,
            "current_ratio": 242.03,
            "debt_ratio": 56.85,
            "inventory_turnover_ratio": 0.21,
            "account_receivable_turnover_ratio": 1.21,
            "reinvestment_rate": null,
            "research_to_sale_ratio": null,
            "price_fair": 252.35,
            "eps_avg_yearly": 7.21,
            "eps_latest_yearly": 4.72,
            "eps_growth_yearly": 99.81
        },
        "20143": {
            "year_quarter": 20143,
            "year": 2014,
            "quarter": 3,
            "eps": 0.58,
            "eps_growth_year": -42.57,
            "eps_4q": 6.78,
            "eps_4q_growth_year": 293.36,
            "roe": 4.57,
            "roe_4q": 73.57,
            "gross_profit": 122630,
            "gross_margin": 27.47,
            "gross_margin_4q_avg": 44.28,
            "net_income": 49457,
            "net_income_4q": null,
            "revenue": 446436,
            "revenue_4q": null,
            "common_shares": 856000,
            "book_valuer_per_share": 12.64,
            "book_valuer_per_share_4q_avg": 10.9,
            "equity": 1108057,
            "current_ratio": 445.48,
            "debt_ratio": 56.95,
            "inventory_turnover_ratio": 0.26,
            "account_receivable_turnover_ratio": 1.27,
            "reinvestment_rate": -271,
            "research_to_sale_ratio": null,
            "price_fair": 218.12,
            "eps_avg_yearly": 6.23,
            "eps_latest_yearly": 2.32,
            "eps_growth_yearly": 39.17
        },
        "20144": {
            "year_quarter": 20144,
            "year": 2014,
            "quarter": 4,
            "eps": -0.48,
            "eps_growth_year": -122.27,
            "eps_4q": 4.13,
            "eps_4q_growth_year": 4.39,
            "roe": -3.83,
            "roe_4q": 39.89,
            "gross_profit": -31382,
            "gross_margin": -7.32,
            "gross_margin_4q_avg": 30.08,
            "net_income": -41640,
            "net_income_4q": null,
            "revenue": 428664,
            "revenue_4q": null,
            "common_shares": 856000,
            "book_valuer_per_share": 12.16,
            "book_valuer_per_share_4q_avg": 11.93,
            "equity": 1066417,
            "current_ratio": 499.01,
            "debt_ratio": 56.33,
            "inventory_turnover_ratio": 0.38,
            "account_receivable_turnover_ratio": 1.25,
            "reinvestment_rate": -279.8,
            "research_to_sale_ratio": null,
            "price_fair": 218.12,
            "eps_avg_yearly": 6.23,
            "eps_latest_yearly": 2.32,
            "eps_growth_yearly": 39.17
        },
        "20151": {
            "year_quarter": 20151,
            "year": 2015,
            "quarter": 1,
            "eps": 0.54,
            "eps_growth_year": -81.05,
            "eps_4q": 1.82,
            "eps_4q_growth_year": -73.68,
            "roe": 4.2,
            "roe_4q": 14.96,
            "gross_profit": 93662,
            "gross_margin": 44.55,
            "gross_margin_4q_avg": 27.8,
            "net_income": 45799,
            "net_income_4q": null,
            "revenue": 210245,
            "revenue_4q": null,
            "common_shares": 856000,
            "book_valuer_per_share": 12.69,
            "book_valuer_per_share_4q_avg": 12.39,
            "equity": 1112216,
            "current_ratio": 594.75,
            "debt_ratio": 51.35,
            "inventory_turnover_ratio": 0.11,
            "account_receivable_turnover_ratio": 0.72,
            "reinvestment_rate": -82.16,
            "research_to_sale_ratio": null,
            "price_fair": 218.12,
            "eps_avg_yearly": 6.23,
            "eps_latest_yearly": 2.32,
            "eps_growth_yearly": 39.17
        },
        "20152": {
            "year_quarter": 20152,
            "year": 2015,
            "quarter": 2,
            "eps": -0.02,
            "eps_growth_year": -101.69,
            "eps_4q": 0.62,
            "eps_4q_growth_year": -91.4,
            "roe": -0.14,
            "roe_4q": 4.800000000000001,
            "gross_profit": 50768,
            "gross_margin": 25.9,
            "gross_margin_4q_avg": 22.65,
            "net_income": -1516,
            "net_income_4q": null,
            "revenue": 196041,
            "revenue_4q": null,
            "common_shares": 856000,
            "book_valuer_per_share": 12.18,
            "book_valuer_per_share_4q_avg": 12.42,
            "equity": 1067900,
            "current_ratio": 496.21,
            "debt_ratio": 53.62,
            "inventory_turnover_ratio": 0.14,
            "account_receivable_turnover_ratio": 0.86,
            "reinvestment_rate": 288.53,
            "research_to_sale_ratio": null,
            "price_fair": 218.12,
            "eps_avg_yearly": 6.23,
            "eps_latest_yearly": 2.32,
            "eps_growth_yearly": 39.17
        },
        "20153": {
            "year_quarter": 20153,
            "year": 2015,
            "quarter": 3,
            "eps": 0.53,
            "eps_growth_year": -8.62,
            "eps_4q": 0.57,
            "eps_4q_growth_year": -91.6,
            "roe": 4.15,
            "roe_4q": 4.380000000000001,
            "gross_profit": 86721,
            "gross_margin": 23.02,
            "gross_margin_4q_avg": 21.54,
            "net_income": 45283,
            "net_income_4q": null,
            "revenue": 376709,
            "revenue_4q": null,
            "common_shares": 856000,
            "book_valuer_per_share": 12.71,
            "book_valuer_per_share_4q_avg": 12.44,
            "equity": 1113183,
            "current_ratio": 411.99,
            "debt_ratio": 48.8,
            "inventory_turnover_ratio": 0.3,
            "account_receivable_turnover_ratio": 1.22,
            "reinvestment_rate": 195.8,
            "research_to_sale_ratio": null,
            "price_fair": 218.12,
            "eps_avg_yearly": 6.23,
            "eps_latest_yearly": 2.32,
            "eps_growth_yearly": 39.17
        },
        "20154": {
            "year_quarter": 20154,
            "year": 2015,
            "quarter": 4,
            "eps": 0.01,
            "eps_growth_year": null,
            "eps_4q": 1.06,
            "eps_4q_growth_year": -74.24,
            "roe": 0.07,
            "roe_4q": 8.280000000000001,
            "gross_profit": 12465,
            "gross_margin": 9.32,
            "gross_margin_4q_avg": 25.7,
            "net_income": 770,
            "net_income_4q": null,
            "revenue": 133683,
            "revenue_4q": null,
            "common_shares": 856000,
            "book_valuer_per_share": 12.72,
            "book_valuer_per_share_4q_avg": 12.58,
            "equity": 1113953,
            "current_ratio": 431.77,
            "debt_ratio": 45.89,
            "inventory_turnover_ratio": 0.14,
            "account_receivable_turnover_ratio": 0.46,
            "reinvestment_rate": 233.86,
            "research_to_sale_ratio": null,
            "price_fair": 15.6,
            "eps_avg_yearly": 5.2,
            "eps_latest_yearly": 0.04,
            "eps_growth_yearly": -32.76
        },
        "20161": {
            "year_quarter": 20161,
            "year": 2016,
            "quarter": 1,
            "eps": 0.06,
            "eps_growth_year": -88.89,
            "eps_4q": 0.59,
            "eps_4q_growth_year": -67.71,
            "roe": 0.48,
            "roe_4q": 4.5600000000000005,
            "gross_profit": 37777,
            "gross_margin": 39.8,
            "gross_margin_4q_avg": 24.51,
            "net_income": 5381,
            "net_income_4q": null,
            "revenue": 94928,
            "revenue_4q": null,
            "common_shares": 856000,
            "book_valuer_per_share": 12.78,
            "book_valuer_per_share_4q_avg": 12.6,
            "equity": 1119334,
            "current_ratio": 330.88,
            "debt_ratio": 43.57,
            "inventory_turnover_ratio": 0.07,
            "account_receivable_turnover_ratio": 0.7,
            "reinvestment_rate": 225.11,
            "research_to_sale_ratio": null,
            "price_fair": 157.2,
            "eps_avg_yearly": 4.49,
            "eps_latest_yearly": 0.24,
            "eps_growth_yearly": 257.63
        },
        "20162": {
            "year_quarter": 20162,
            "year": 2016,
            "quarter": 2,
            "eps": 0.03,
            "eps_growth_year": null,
            "eps_4q": 0.64,
            "eps_4q_growth_year": 2.48,
            "roe": 0.22,
            "roe_4q": 4.92,
            "gross_profit": 42667,
            "gross_margin": 40.14,
            "gross_margin_4q_avg": 28.07,
            "net_income": 2413,
            "net_income_4q": null,
            "revenue": 106287,
            "revenue_4q": null,
            "common_shares": 856000,
            "book_valuer_per_share": 12.81,
            "book_valuer_per_share_4q_avg": 12.76,
            "equity": 1121747,
            "current_ratio": 283.07,
            "debt_ratio": 44.9,
            "inventory_turnover_ratio": 0.08,
            "account_receivable_turnover_ratio": 0.89,
            "reinvestment_rate": 36.73,
            "research_to_sale_ratio": null,
            "price_fair": 138.08,
            "eps_avg_yearly": 3.95,
            "eps_latest_yearly": 0.12,
            "eps_growth_yearly": 200.43
        },
        "20163": {
            "year_quarter": 20163,
            "year": 2016,
            "quarter": 3,
            "eps": 0.03,
            "eps_growth_year": -94.34,
            "eps_4q": 0.14,
            "eps_4q_growth_year": -75.8,
            "roe": 0.25,
            "roe_4q": 1.02,
            "gross_profit": 32899,
            "gross_margin": 37.13,
            "gross_margin_4q_avg": 31.6,
            "net_income": 2765,
            "net_income_4q": null,
            "revenue": 88605,
            "revenue_4q": null,
            "common_shares": 856000,
            "book_valuer_per_share": 12.84,
            "book_valuer_per_share_4q_avg": 12.79,
            "equity": 1124512,
            "current_ratio": 208.67,
            "debt_ratio": 38.42,
            "inventory_turnover_ratio": 0.07,
            "account_receivable_turnover_ratio": 0.62,
            "reinvestment_rate": 44.93,
            "research_to_sale_ratio": null,
            "price_fair": 123.2,
            "eps_avg_yearly": 3.52,
            "eps_latest_yearly": 0.12,
            "eps_growth_yearly": 178.16
        },
        "20164": {
            "year_quarter": 20164,
            "year": 2016,
            "quarter": 4,
            "eps": -0,
            "eps_growth_year": -121.97,
            "eps_4q": 0.12,
            "eps_4q_growth_year": -88.3,
            "roe": -0.03,
            "roe_4q": 0.9199999999999999,
            "gross_profit": 24578,
            "gross_margin": 15.41,
            "gross_margin_4q_avg": 33.12,
            "net_income": -317,
            "net_income_4q": null,
            "revenue": 159446,
            "revenue_4q": null,
            "common_shares": 856000,
            "book_valuer_per_share": 12.84,
            "book_valuer_per_share_4q_avg": 12.82,
            "equity": 1124195,
            "current_ratio": 291.35,
            "debt_ratio": 35.66,
            "inventory_turnover_ratio": 0.19,
            "account_receivable_turnover_ratio": 1.17,
            "reinvestment_rate": 44.63,
            "research_to_sale_ratio": null,
            "price_fair": 123.2,
            "eps_avg_yearly": 3.52,
            "eps_latest_yearly": 0.12,
            "eps_growth_yearly": 178.16
        },
        "20171": {
            "year_quarter": 20171,
            "year": 2017,
            "quarter": 1,
            "eps": 0.22,
            "eps_growth_year": 266.67,
            "eps_4q": 0.28,
            "eps_4q_growth_year": -52.58,
            "roe": 1.65,
            "roe_4q": 2.09,
            "gross_profit": 42164,
            "gross_margin": 41.35,
            "gross_margin_4q_avg": 33.51,
            "net_income": 18692,
            "net_income_4q": null,
            "revenue": 101974,
            "revenue_4q": null,
            "common_shares": 856000,
            "book_valuer_per_share": 13.06,
            "book_valuer_per_share_4q_avg": 12.89,
            "equity": 1147387,
            "current_ratio": 282.75,
            "debt_ratio": 34.82,
            "inventory_turnover_ratio": 0.09,
            "account_receivable_turnover_ratio": 0.85,
            "reinvestment_rate": 53.13,
            "research_to_sale_ratio": null,
            "price_fair": 123.2,
            "eps_avg_yearly": 3.52,
            "eps_latest_yearly": 0.12,
            "eps_growth_yearly": 178.16
        },
        "20172": {
            "year_quarter": 20172,
            "year": 2017,
            "quarter": 2,
            "eps": 0.6,
            "eps_growth_year": 1900,
            "eps_4q": 0.85,
            "eps_4q_growth_year": 33.56,
            "roe": 4.36,
            "roe_4q": 6.2299999999999995,
            "gross_profit": 75924,
            "gross_margin": 36.57,
            "gross_margin_4q_avg": 32.62,
            "net_income": 51168,
            "net_income_4q": null,
            "revenue": 207636,
            "revenue_4q": null,
            "common_shares": 856000,
            "book_valuer_per_share": 13.66,
            "book_valuer_per_share_4q_avg": 13.1,
            "equity": 1198555,
            "current_ratio": 292.09,
            "debt_ratio": 35.74,
            "inventory_turnover_ratio": 0.2,
            "account_receivable_turnover_ratio": 1.48,
            "reinvestment_rate": 59.42,
            "research_to_sale_ratio": null,
            "price_fair": 119.28,
            "eps_avg_yearly": 3.41,
            "eps_latest_yearly": 2.4,
            "eps_growth_yearly": 229.43
        },
        "20173": {
            "year_quarter": 20173,
            "year": 2017,
            "quarter": 3,
            "eps": 0.53,
            "eps_growth_year": 1666.67,
            "eps_4q": 1.35,
            "eps_4q_growth_year": 878.9,
            "roe": 3.67,
            "roe_4q": 9.650000000000002,
            "gross_profit": 73161,
            "gross_margin": 39.01,
            "gross_margin_4q_avg": 33.09,
            "net_income": 44861,
            "net_income_4q": null,
            "revenue": 187544,
            "revenue_4q": null,
            "common_shares": 856000,
            "book_valuer_per_share": 14.19,
            "book_valuer_per_share_4q_avg": 13.44,
            "equity": 1243416,
            "current_ratio": 656.79,
            "debt_ratio": 24.37,
            "inventory_turnover_ratio": 0.19,
            "account_receivable_turnover_ratio": 1.11,
            "reinvestment_rate": 36.32,
            "research_to_sale_ratio": null,
            "price_fair": 112.56,
            "eps_avg_yearly": 3.22,
            "eps_latest_yearly": 2.12,
            "eps_growth_yearly": 219.88
        },
        "20174": {
            "year_quarter": 20174,
            "year": 2017,
            "quarter": 4,
            "eps": 0.78,
            "eps_growth_year": null,
            "eps_4q": 2.13,
            "eps_4q_growth_year": 1615.42,
            "roe": 5.81,
            "roe_4q": 15.49,
            "gross_profit": 143993,
            "gross_margin": 49.51,
            "gross_margin_4q_avg": 41.61,
            "net_income": 74416,
            "net_income_4q": null,
            "revenue": 290819,
            "revenue_4q": null,
            "common_shares": 856000,
            "book_valuer_per_share": 14.98,
            "book_valuer_per_share_4q_avg": 13.97,
            "equity": 1317832,
            "current_ratio": 540.62,
            "debt_ratio": 26.02,
            "inventory_turnover_ratio": 0.25,
            "account_receivable_turnover_ratio": 1.42,
            "reinvestment_rate": 49.06,
            "research_to_sale_ratio": null,
            "price_fair": 93.1,
            "eps_avg_yearly": 2.66,
            "eps_latest_yearly": 3.12,
            "eps_growth_yearly": 192.8
        },
        "20181": {
            "year_quarter": 20181,
            "year": 2018,
            "quarter": 1,
            "eps": 1.4,
            "eps_growth_year": 536.36,
            "eps_4q": 3.32,
            "eps_4q_growth_year": 1089.15,
            "roe": 8.58,
            "roe_4q": 22.42,
            "gross_profit": 144194,
            "gross_margin": 62.6,
            "gross_margin_4q_avg": 46.92,
            "net_income": 118976,
            "net_income_4q": null,
            "revenue": 230337,
            "revenue_4q": null,
            "common_shares": 856000,
            "book_valuer_per_share": 16.61,
            "book_valuer_per_share_4q_avg": 14.86,
            "equity": 1456701,
            "current_ratio": 862.16,
            "debt_ratio": 19.67,
            "inventory_turnover_ratio": 0.17,
            "account_receivable_turnover_ratio": 1.17,
            "reinvestment_rate": 37.55,
            "research_to_sale_ratio": null,
            "price_fair": 72.8,
            "eps_avg_yearly": 2.08,
            "eps_latest_yearly": 5.6,
            "eps_growth_yearly": 212.06
        },
        "20182": {
            "year_quarter": 20182,
            "year": 2018,
            "quarter": 2,
            "eps": 1.02,
            "eps_growth_year": 70,
            "eps_4q": 3.74,
            "eps_4q_growth_year": 340.84,
            "roe": 6.38,
            "roe_4q": 24.439999999999998,
            "gross_profit": 129241,
            "gross_margin": 60.15,
            "gross_margin_4q_avg": 52.82,
            "net_income": 85727,
            "net_income_4q": null,
            "revenue": 214860,
            "revenue_4q": null,
            "common_shares": 856000,
            "book_valuer_per_share": 14.03,
            "book_valuer_per_share_4q_avg": 14.95,
            "equity": 1229768,
            "current_ratio": 269.22,
            "debt_ratio": 39.96,
            "inventory_turnover_ratio": 0.18,
            "account_receivable_turnover_ratio": 1.28,
            "reinvestment_rate": 42.11,
            "research_to_sale_ratio": null,
            "price_fair": 70.56,
            "eps_avg_yearly": 2.02,
            "eps_latest_yearly": 4.08,
            "eps_growth_yearly": 224.65
        },
        "20183": {
            "year_quarter": 20183,
            "year": 2018,
            "quarter": 3,
            "eps": 1.77,
            "eps_growth_year": 233.96,
            "eps_4q": 4.97,
            "eps_4q_growth_year": 268.6,
            "roe": 11.46,
            "roe_4q": 32.230000000000004,
            "gross_profit": 225996,
            "gross_margin": 64.94,
            "gross_margin_4q_avg": 59.3,
            "net_income": 149912,
            "net_income_4q": null,
            "revenue": 348030,
            "revenue_4q": null,
            "common_shares": 856000,
            "book_valuer_per_share": 15.88,
            "book_valuer_per_share_4q_avg": 15.38,
            "equity": 1386606,
            "current_ratio": 249.08,
            "debt_ratio": 32.57,
            "inventory_turnover_ratio": 0.26,
            "account_receivable_turnover_ratio": 1.57,
            "reinvestment_rate": 18.68,
            "research_to_sale_ratio": null,
            "price_fair": 87.22,
            "eps_avg_yearly": 2.49,
            "eps_latest_yearly": 7.08,
            "eps_growth_yearly": 274.4
        },
        "20184": {
            "year_quarter": 20184,
            "year": 2018,
            "quarter": 4,
            "eps": 1.21,
            "eps_growth_year": 54.11,
            "eps_4q": 5.39,
            "eps_4q_growth_year": 152.79,
            "roe": 7.43,
            "roe_4q": 33.85,
            "gross_profit": 166786,
            "gross_margin": 49.53,
            "gross_margin_4q_avg": 59.31,
            "net_income": 105643,
            "net_income_4q": null,
            "revenue": 336731,
            "revenue_4q": null,
            "common_shares": 856000,
            "book_valuer_per_share": 16.66,
            "book_valuer_per_share_4q_avg": 15.8,
            "equity": 1455713,
            "current_ratio": 213.39,
            "debt_ratio": 39.85,
            "inventory_turnover_ratio": 0.36,
            "account_receivable_turnover_ratio": 1.22,
            "reinvestment_rate": 9.26,
            "research_to_sale_ratio": null,
            "price_fair": 94.69,
            "eps_avg_yearly": 2.71,
            "eps_latest_yearly": 4.84,
            "eps_growth_yearly": 237.95
        },
        "20191": {
            "year_quarter": 20191,
            "year": 2019,
            "quarter": 1,
            "eps": 0.53,
            "eps_growth_year": -62.14,
            "eps_4q": 4.52,
            "eps_4q_growth_year": 36.34,
            "roe": 3.41,
            "roe_4q": 28.68,
            "gross_profit": 124514,
            "gross_margin": 63.72,
            "gross_margin_4q_avg": 59.59,
            "net_income": 50637,
            "net_income_4q": null,
            "revenue": 195417,
            "revenue_4q": null,
            "common_shares": 856000,
            "book_valuer_per_share": 17.24,
            "book_valuer_per_share_4q_avg": 15.95,
            "equity": 1511120,
            "current_ratio": 217.22,
            "debt_ratio": 39.86,
            "inventory_turnover_ratio": 0.1,
            "account_receivable_turnover_ratio": 0.77,
            "reinvestment_rate": 9.27,
            "research_to_sale_ratio": null,
            "price_fair": 92.98,
            "eps_avg_yearly": 2.66,
            "eps_latest_yearly": 2.12,
            "eps_growth_yearly": 199.38
        },
        "20192": {
            "year_quarter": 20192,
            "year": 2019,
            "quarter": 2,
            "eps": 1.86,
            "eps_growth_year": 82.35,
            "eps_4q": 5.36,
            "eps_4q_growth_year": 43.31,
            "roe": 11.09,
            "roe_4q": 33.39,
            "gross_profit": 135734,
            "gross_margin": 53.49,
            "gross_margin_4q_avg": 57.92,
            "net_income": 159574,
            "net_income_4q": null,
            "revenue": 253758,
            "revenue_4q": null,
            "common_shares": 856000,
            "book_valuer_per_share": 15.36,
            "book_valuer_per_share_4q_avg": 16.29,
            "equity": 1365681,
            "current_ratio": 171.73,
            "debt_ratio": 50.37,
            "inventory_turnover_ratio": 0.12,
            "account_receivable_turnover_ratio": 1.09,
            "reinvestment_rate": 9.1,
            "research_to_sale_ratio": null,
            "price_fair": 105.86,
            "eps_avg_yearly": 3.02,
            "eps_latest_yearly": 7.44,
            "eps_growth_yearly": 261.26
        },
        "20193": {
            "year_quarter": 20193,
            "year": 2019,
            "quarter": 3,
            "eps": 1.61,
            "eps_growth_year": -9.04,
            "eps_4q": 5.2,
            "eps_4q_growth_year": 4.64,
            "roe": 9.53,
            "roe_4q": 31.459999999999997,
            "gross_profit": 251253,
            "gross_margin": 56.15,
            "gross_margin_4q_avg": 55.72,
            "net_income": 137798,
            "net_income_4q": null,
            "revenue": 447435,
            "revenue_4q": null,
            "common_shares": 856000,
            "book_valuer_per_share": 17.18,
            "book_valuer_per_share_4q_avg": 16.61,
            "equity": 1526332,
            "current_ratio": 263.83,
            "debt_ratio": 62.47,
            "inventory_turnover_ratio": 0.15,
            "account_receivable_turnover_ratio": 1.51,
            "reinvestment_rate": 10.62,
            "research_to_sale_ratio": null,
            "price_fair": 114.4,
            "eps_avg_yearly": 3.27,
            "eps_latest_yearly": 6.44,
            "eps_growth_yearly": 238.76
        },
        "20194": {
            "year_quarter": 20194,
            "year": 2019,
            "quarter": 4,
            "eps": 2.57,
            "eps_growth_year": 112.57,
            "eps_4q": 6.5,
            "eps_4q_growth_year": 20.43,
            "roe": 13.79,
            "roe_4q": 37.81999999999999,
            "gross_profit": 425482,
            "gross_margin": 50.82,
            "gross_margin_4q_avg": 56.05,
            "net_income": 230919,
            "net_income_4q": null,
            "revenue": 837267,
            "revenue_4q": null,
            "common_shares": 856000,
            "book_valuer_per_share": 20.56,
            "book_valuer_per_share_4q_avg": 17.59,
            "equity": 1823090,
            "current_ratio": 331.72,
            "debt_ratio": 62.71,
            "inventory_turnover_ratio": 0.21,
            "account_receivable_turnover_ratio": 1.88,
            "reinvestment_rate": 6.91,
            "research_to_sale_ratio": null,
            "price_fair": 140,
            "eps_avg_yearly": 4,
            "eps_latest_yearly": 10.28,
            "eps_growth_yearly": 283.83
        },
        "20201": {
            "year_quarter": 20201,
            "year": 2020,
            "quarter": 1,
            "eps": 2.03,
            "eps_growth_year": 283.02,
            "eps_4q": 7.97,
            "eps_4q_growth_year": 76.19,
            "roe": 9.34,
            "roe_4q": 43.75,
            "gross_profit": 327241,
            "gross_margin": 60.63,
            "gross_margin_4q_avg": 55.27,
            "net_income": 180315,
            "net_income_4q": null,
            "revenue": 539724,
            "revenue_4q": null,
            "common_shares": 869717,
            "book_valuer_per_share": 22.55,
            "book_valuer_per_share_4q_avg": 18.91,
            "equity": 2037333,
            "current_ratio": 315.41,
            "debt_ratio": 64.88,
            "inventory_turnover_ratio": 0.08,
            "account_receivable_turnover_ratio": 1.25,
            "reinvestment_rate": 5.96,
            "research_to_sale_ratio": null,
            "price_fair": 159.7,
            "eps_avg_yearly": 4.56,
            "eps_latest_yearly": 8.12,
            "eps_growth_yearly": 134.97
        },
        "20202": {
            "year_quarter": 20202,
            "year": 2020,
            "quarter": 2,
            "eps": 3.34,
            "eps_growth_year": 79.57,
            "eps_4q": 9.16,
            "eps_4q_growth_year": 70.86,
            "roe": 14.55,
            "roe_4q": 47.21,
            "gross_profit": 420787,
            "gross_margin": 60.2,
            "gross_margin_4q_avg": 56.95,
            "net_income": 300257,
            "net_income_4q": null,
            "revenue": 699008,
            "revenue_4q": null,
            "common_shares": 875152,
            "book_valuer_per_share": 22.98,
            "book_valuer_per_share_4q_avg": 20.82,
            "equity": 2088567,
            "current_ratio": 235.85,
            "debt_ratio": 67.82,
            "inventory_turnover_ratio": 0.09,
            "account_receivable_turnover_ratio": 1.91,
            "reinvestment_rate": -0.45,
            "research_to_sale_ratio": null,
            "price_fair": 192.8,
            "eps_avg_yearly": 5.51,
            "eps_latest_yearly": 13.36,
            "eps_growth_yearly": 167.69
        },
        "20203": {
            "year_quarter": 20203,
            "year": 2020,
            "quarter": 3,
            "eps": 3.91,
            "eps_growth_year": 142.86,
            "eps_4q": 11.03,
            "eps_4q_growth_year": 112.02,
            "roe": 16.34,
            "roe_4q": 54.02,
            "gross_profit": 708738,
            "gross_margin": 64,
            "gross_margin_4q_avg": 58.91,
            "net_income": 392831,
            "net_income_4q": null,
            "revenue": 1107443,
            "revenue_4q": null,
            "common_shares": 967836,
            "book_valuer_per_share": 27.09,
            "book_valuer_per_share_4q_avg": 23.3,
            "equity": 2719900,
            "current_ratio": 258.92,
            "debt_ratio": 63.7,
            "inventory_turnover_ratio": 0.11,
            "account_receivable_turnover_ratio": 2,
            "reinvestment_rate": -6.86,
            "research_to_sale_ratio": null,
            "price_fair": 231.6,
            "eps_avg_yearly": 6.62,
            "eps_latest_yearly": 15.64,
            "eps_growth_yearly": 172.57
        },
        "20204": {
            "year_quarter": 20204,
            "year": 2020,
            "quarter": 4,
            "eps": 5.61,
            "eps_growth_year": 118.86,
            "eps_4q": 14.34,
            "eps_4q_growth_year": 120.68,
            "roe": 18.35,
            "roe_4q": 58.58,
            "gross_profit": 756007,
            "gross_margin": 53.95,
            "gross_margin_4q_avg": 59.7,
            "net_income": 557713,
            "net_income_4q": null,
            "revenue": 1401277,
            "revenue_4q": null,
            "common_shares": 967836,
            "book_valuer_per_share": 33.55,
            "book_valuer_per_share_4q_avg": 26.54,
            "equity": 3358857,
            "current_ratio": 248.91,
            "debt_ratio": 63.52,
            "inventory_turnover_ratio": 0.16,
            "account_receivable_turnover_ratio": 1.62,
            "reinvestment_rate": -1.98,
            "research_to_sale_ratio": null,
            "price_fair": 268.52,
            "eps_avg_yearly": 7.67,
            "eps_latest_yearly": 22.44,
            "eps_growth_yearly": 172.66
        },
        "20211": {
            "year_quarter": 20211,
            "year": 2021,
            "quarter": 1,
            "eps": 4.9,
            "eps_growth_year": 141.38,
            "eps_4q": 17.4,
            "eps_4q_growth_year": 118.44,
            "roe": 13.04,
            "roe_4q": 62.28,
            "gross_profit": 828993,
            "gross_margin": 63.96,
            "gross_margin_4q_avg": 60.53,
            "net_income": 504282,
            "net_income_4q": null,
            "revenue": 1296184,
            "revenue_4q": null,
            "common_shares": 967836,
            "book_valuer_per_share": 38.74,
            "book_valuer_per_share_4q_avg": 30.59,
            "equity": 4378454,
            "current_ratio": 236.25,
            "debt_ratio": 71.57,
            "inventory_turnover_ratio": 0.09,
            "account_receivable_turnover_ratio": 1.26,
            "reinvestment_rate": 0.07,
            "research_to_sale_ratio": null,
            "price_fair": 294.61,
            "eps_avg_yearly": 8.42,
            "eps_latest_yearly": 19.6,
            "eps_growth_yearly": 158.7
        },
        "20212": {
            "year_quarter": 20212,
            "year": 2021,
            "quarter": 2,
            "eps": 3.14,
            "eps_growth_year": -5.99,
            "eps_4q": 16.2,
            "eps_4q_growth_year": 76.9,
            "roe": 8.31,
            "roe_4q": 56.040000000000006,
            "gross_profit": 607133,
            "gross_margin": 52.18,
            "gross_margin_4q_avg": 58.52,
            "net_income": 350325,
            "net_income_4q": null,
            "revenue": 1163543,
            "revenue_4q": null,
            "common_shares": 967836,
            "book_valuer_per_share": 35.21,
            "book_valuer_per_share_4q_avg": 33.65,
            "equity": 4052490,
            "current_ratio": 249.31,
            "debt_ratio": 76.9,
            "inventory_turnover_ratio": 0.07,
            "account_receivable_turnover_ratio": 1.31,
            "reinvestment_rate": -1.64,
            "research_to_sale_ratio": null,
            "price_fair": 316.84,
            "eps_avg_yearly": 9.05,
            "eps_latest_yearly": 12.56,
            "eps_growth_yearly": 106.54
        },
        "20213": {
            "year_quarter": 20213,
            "year": 2021,
            "quarter": 3,
            "eps": 3.3,
            "eps_growth_year": -15.6,
            "eps_4q": 16,
            "eps_4q_growth_year": 45.1,
            "roe": 7.35,
            "roe_4q": 47.05,
            "gross_profit": 703795,
            "gross_margin": 62.76,
            "gross_margin_4q_avg": 58.21,
            "net_income": 357959,
            "net_income_4q": null,
            "revenue": 1121381,
            "revenue_4q": null,
            "common_shares": 1064620,
            "book_valuer_per_share": 36.95,
            "book_valuer_per_share_4q_avg": 36.11,
            "equity": 5684541,
            "current_ratio": 360.11,
            "debt_ratio": 71.47,
            "inventory_turnover_ratio": 0.04,
            "account_receivable_turnover_ratio": 1.27,
            "reinvestment_rate": 4.02,
            "research_to_sale_ratio": null,
            "price_fair": 341.08,
            "eps_avg_yearly": 9.75,
            "eps_latest_yearly": 13.2,
            "eps_growth_yearly": 110.73
        },
        "20214": {
            "year_quarter": 20214,
            "year": 2021,
            "quarter": 4,
            "eps": 4.68,
            "eps_growth_year": -16.68,
            "eps_4q": 15.58,
            "eps_4q_growth_year": 8.64,
            "roe": 9.01,
            "roe_4q": 37.71,
            "gross_profit": 1109283,
            "gross_margin": 39.97,
            "gross_margin_4q_avg": 54.72,
            "net_income": 537575,
            "net_income_4q": null,
            "revenue": 2775226,
            "revenue_4q": null,
            "common_shares": 1064620,
            "book_valuer_per_share": 40.9,
            "book_valuer_per_share_4q_avg": 37.95,
            "equity": 6243879,
            "current_ratio": 371.9,
            "debt_ratio": 71.08,
            "inventory_turnover_ratio": 0.16,
            "account_receivable_turnover_ratio": 2.29,
            "reinvestment_rate": 2.92,
            "research_to_sale_ratio": null,
            "price_fair": 375.2,
            "eps_avg_yearly": 10.72,
            "eps_latest_yearly": 18.72,
            "eps_growth_yearly": 109.39
        },
        "20221": {
            "year_quarter": 20221,
            "year": 2022,
            "quarter": 1,
            "eps": 3.02,
            "eps_growth_year": -38.37,
            "eps_4q": 14.14,
            "eps_4q_growth_year": -18.75,
            "roe": 4.95,
            "roe_4q": 29.620000000000005,
            "gross_profit": 624818,
            "gross_margin": 55.25,
            "gross_margin_4q_avg": 52.54,
            "net_income": 317931,
            "net_income_4q": null,
            "revenue": 1130831,
            "revenue_4q": null,
            "common_shares": 1064620,
            "book_valuer_per_share": 43.59,
            "book_valuer_per_share_4q_avg": 39.16,
            "equity": 6607810,
            "current_ratio": 419.36,
            "debt_ratio": 70.98,
            "inventory_turnover_ratio": 0.05,
            "account_receivable_turnover_ratio": 0.88,
            "reinvestment_rate": 7.67,
            "research_to_sale_ratio": null,
            "price_fair": 389.38,
            "eps_avg_yearly": 11.13,
            "eps_latest_yearly": 12.08,
            "eps_growth_yearly": 80.65
        },
        "20222": {
            "year_quarter": 20222,
            "year": 2022,
            "quarter": 2,
            "eps": 1.32,
            "eps_growth_year": -57.96,
            "eps_4q": 11.43,
            "eps_4q_growth_year": -29.4,
            "roe": 2.99,
            "roe_4q": 24.299999999999997,
            "gross_profit": 489208,
            "gross_margin": 39.45,
            "gross_margin_4q_avg": 49.36,
            "net_income": 188609,
            "net_income_4q": null,
            "revenue": 1240036,
            "revenue_4q": null,
            "common_shares": 1064620,
            "book_valuer_per_share": 39.37,
            "book_valuer_per_share_4q_avg": 40.2,
            "equity": 6027109,
            "current_ratio": 377.26,
            "debt_ratio": 74.28,
            "inventory_turnover_ratio": 0.07,
            "account_receivable_turnover_ratio": 1.22,
            "reinvestment_rate": 6.76,
            "research_to_sale_ratio": null,
            "price_fair": 392,
            "eps_avg_yearly": 11.2,
            "eps_latest_yearly": 5.28,
            "eps_growth_yearly": 73.37
        },
        "20223": {
            "year_quarter": 20223,
            "year": 2022,
            "quarter": 3,
            "eps": 1.44,
            "eps_growth_year": -56.36,
            "eps_4q": 9.87,
            "eps_4q_growth_year": -38.34,
            "roe": 1.67,
            "roe_4q": 18.619999999999997,
            "gross_profit": 513346,
            "gross_margin": 44.21,
            "gross_margin_4q_avg": 44.72,
            "net_income": 102378,
            "net_income_4q": null,
            "revenue": 1161039,
            "revenue_4q": null,
            "common_shares": 1171081,
            "book_valuer_per_share": 38.19,
            "book_valuer_per_share_4q_avg": 40.51,
            "equity": 6207085,
            "current_ratio": 420.34,
            "debt_ratio": 75.22,
            "inventory_turnover_ratio": 0.06,
            "account_receivable_turnover_ratio": 1.31,
            "reinvestment_rate": 8.89,
            "research_to_sale_ratio": null,
            "price_fair": 389.11,
            "eps_avg_yearly": 11.12,
            "eps_latest_yearly": 5.76,
            "eps_growth_yearly": 57.26
        },
        "20224": {
            "year_quarter": 20224,
            "year": 2022,
            "quarter": 4,
            "eps": 2.39,
            "eps_growth_year": -48.95,
            "eps_4q": 8.06,
            "eps_4q_growth_year": -48.27,
            "roe": 4.5,
            "roe_4q": 14.11,
            "gross_profit": 653322,
            "gross_margin": 41.87,
            "gross_margin_4q_avg": 45.2,
            "net_income": 291033,
            "net_income_4q": null,
            "revenue": 1560371,
            "revenue_4q": null,
            "common_shares": 1171081,
            "book_valuer_per_share": 39.76,
            "book_valuer_per_share_4q_avg": 40.23,
            "equity": 6730822,
            "current_ratio": 292.99,
            "debt_ratio": 74.82,
            "inventory_turnover_ratio": 0.07,
            "account_receivable_turnover_ratio": 1.45,
            "reinvestment_rate": 7.89,
            "research_to_sale_ratio": null,
            "price_fair": 399.44,
            "eps_avg_yearly": 11.41,
            "eps_latest_yearly": 9.56,
            "eps_growth_yearly": 81.66
        },
        "20231": {
            "year_quarter": 20231,
            "year": 2023,
            "quarter": 1,
            "eps": 0.26,
            "eps_growth_year": -91.39,
            "eps_4q": 5.55,
            "eps_4q_growth_year": -60.77,
            "roe": 0.3,
            "roe_4q": 9.46,
            "gross_profit": 184253,
            "gross_margin": 28.51,
            "gross_margin_4q_avg": 38.51,
            "net_income": 20211,
            "net_income_4q": null,
            "revenue": 646230,
            "revenue_4q": null,
            "common_shares": 1171081,
            "book_valuer_per_share": 40.16,
            "book_valuer_per_share_4q_avg": 39.37,
            "equity": 6779087,
            "current_ratio": 263,
            "debt_ratio": 74.57,
            "inventory_turnover_ratio": 0.03,
            "account_receivable_turnover_ratio": 0.6,
            "reinvestment_rate": 8.94,
            "research_to_sale_ratio": null,
            "price_fair": 397.08,
            "eps_avg_yearly": 11.35,
            "eps_latest_yearly": 1.04,
            "eps_growth_yearly": 73.43
        },
        "20232": {
            "year_quarter": 20232,
            "year": 2023,
            "quarter": 2,
            "eps": 2.75,
            "eps_growth_year": 108.33,
            "eps_4q": 7.26,
            "eps_4q_growth_year": -36.46,
            "roe": 5.63,
            "roe_4q": 12.1,
            "gross_profit": 654793,
            "gross_margin": 47,
            "gross_margin_4q_avg": 40.4,
            "net_income": 375662,
            "net_income_4q": null,
            "revenue": 1393272,
            "revenue_4q": null,
            "common_shares": 1171081,
            "book_valuer_per_share": 38.71,
            "book_valuer_per_share_4q_avg": 39.21,
            "equity": 6559758,
            "current_ratio": 226.61,
            "debt_ratio": 76.98,
            "inventory_turnover_ratio": 0.05,
            "account_receivable_turnover_ratio": 1.32,
            "reinvestment_rate": 11.42,
            "research_to_sale_ratio": null,
            "price_fair": 404.86,
            "eps_avg_yearly": 11.57,
            "eps_latest_yearly": 11,
            "eps_growth_yearly": 250.12
        }
    },
    "months": {
        "2001-06": {
            "month": "2001-06",
            "price": "5.95",
            "revenue": 604143
        },
        "2001-07": {
            "month": "2001-07",
            "price": "4.52",
            "revenue": 872271
        },
        "2001-08": {
            "month": "2001-08",
            "price": "5.24",
            "revenue": 458152
        },
        "2001-09": {
            "month": "2001-09",
            "price": "4.51",
            "revenue": 386810
        },
        "2001-10": {
            "month": "2001-10",
            "price": "3.49",
            "revenue": 326669
        },
        "2001-11": {
            "month": "2001-11",
            "price": "3.94",
            "revenue": 370636
        },
        "2001-12": {
            "month": "2001-12",
            "price": "5.30",
            "revenue": 393759
        },
        "2002-01": {
            "month": "2002-01",
            "price": "6.36",
            "revenue": 474359
        },
        "2002-02": {
            "month": "2002-02",
            "price": "6.60",
            "revenue": 318422
        },
        "2002-03": {
            "month": "2002-03",
            "price": "8.44",
            "revenue": 526040
        },
        "2002-04": {
            "month": "2002-04",
            "price": "12.47",
            "revenue": 500039
        },
        "2002-05": {
            "month": "2002-05",
            "price": "6.95",
            "revenue": 399210
        },
        "2002-06": {
            "month": "2002-06",
            "price": "4.53",
            "revenue": 376145
        },
        "2002-07": {
            "month": "2002-07",
            "price": "3.73",
            "revenue": 460871
        },
        "2002-08": {
            "month": "2002-08",
            "price": "3.92",
            "revenue": 470582
        },
        "2002-09": {
            "month": "2002-09",
            "price": "3.83",
            "revenue": 427955
        },
        "2002-10": {
            "month": "2002-10",
            "price": "3.26",
            "revenue": 327712
        },
        "2002-11": {
            "month": "2002-11",
            "price": "3.72",
            "revenue": 200444
        },
        "2002-12": {
            "month": "2002-12",
            "price": "9.73",
            "revenue": 130676
        },
        "2003-01": {
            "month": "2003-01",
            "price": "7.58",
            "revenue": 181856
        },
        "2003-02": {
            "month": "2003-02",
            "price": "7.89",
            "revenue": 125438
        },
        "2003-03": {
            "month": "2003-03",
            "price": "7.43",
            "revenue": 154176
        },
        "2003-04": {
            "month": "2003-04",
            "price": "8.05",
            "revenue": 150809
        },
        "2003-05": {
            "month": "2003-05",
            "price": "5.96",
            "revenue": 116152
        },
        "2003-06": {
            "month": "2003-06",
            "price": "8.10",
            "revenue": 116200
        },
        "2003-07": {
            "month": "2003-07",
            "price": "13.05",
            "revenue": 146478
        },
        "2003-08": {
            "month": "2003-08",
            "price": "10.72",
            "revenue": 135407
        },
        "2003-09": {
            "month": "2003-09",
            "price": "8.87",
            "revenue": 116397
        },
        "2003-10": {
            "month": "2003-10",
            "price": "9.07",
            "revenue": 110694
        },
        "2003-11": {
            "month": "2003-11",
            "price": "9.02",
            "revenue": 270172
        },
        "2003-12": {
            "month": "2003-12",
            "price": "8.56",
            "revenue": 117310
        },
        "2004-01": {
            "month": "2004-01",
            "price": "8.90",
            "revenue": 101125
        },
        "2004-02": {
            "month": "2004-02",
            "price": "10.48",
            "revenue": 162594
        },
        "2004-03": {
            "month": "2004-03",
            "price": "13.12",
            "revenue": 241125
        },
        "2004-04": {
            "month": "2004-04",
            "price": "15.36",
            "revenue": 182782
        },
        "2004-05": {
            "month": "2004-05",
            "price": "10.71",
            "revenue": 247807
        },
        "2004-06": {
            "month": "2004-06",
            "price": "9.57",
            "revenue": 172814
        },
        "2004-07": {
            "month": "2004-07",
            "price": "7.89",
            "revenue": 95478
        },
        "2004-08": {
            "month": "2004-08",
            "price": "7.21",
            "revenue": 181191
        },
        "2004-09": {
            "month": "2004-09",
            "price": "5.96",
            "revenue": 214031
        },
        "2004-10": {
            "month": "2004-10",
            "price": "6.69",
            "revenue": 178786
        },
        "2004-11": {
            "month": "2004-11",
            "price": "6.68",
            "revenue": 261277
        },
        "2004-12": {
            "month": "2004-12",
            "price": "6.04",
            "revenue": 127136
        },
        "2005-01": {
            "month": "2005-01",
            "price": "5.31",
            "revenue": 177936
        },
        "2005-02": {
            "month": "2005-02",
            "price": "5.14",
            "revenue": 26253
        },
        "2005-03": {
            "month": "2005-03",
            "price": "4.98",
            "revenue": 191815
        },
        "2005-04": {
            "month": "2005-04",
            "price": "4.94",
            "revenue": 99018
        },
        "2005-05": {
            "month": "2005-05",
            "price": "3.69",
            "revenue": 133572
        },
        "2005-06": {
            "month": "2005-06",
            "price": "4.67",
            "revenue": 84548
        },
        "2005-07": {
            "month": "2005-07",
            "price": "4.40",
            "revenue": 99717
        },
        "2005-08": {
            "month": "2005-08",
            "price": "4.29",
            "revenue": 94926
        },
        "2005-09": {
            "month": "2005-09",
            "price": "3.45",
            "revenue": 127226
        },
        "2005-10": {
            "month": "2005-10",
            "price": "3.78",
            "revenue": 65474
        },
        "2005-11": {
            "month": "2005-11",
            "price": "3.57",
            "revenue": 67006
        },
        "2005-12": {
            "month": "2005-12",
            "price": "3.90",
            "revenue": 85922
        },
        "2006-01": {
            "month": "2006-01",
            "price": "4.52",
            "revenue": 55506
        },
        "2006-02": {
            "month": "2006-02",
            "price": "5.29",
            "revenue": 140707
        },
        "2006-03": {
            "month": "2006-03",
            "price": "4.87",
            "revenue": 53240
        },
        "2006-04": {
            "month": "2006-04",
            "price": "4.77",
            "revenue": 104657
        },
        "2006-05": {
            "month": "2006-05",
            "price": "4.51",
            "revenue": 104842
        },
        "2006-06": {
            "month": "2006-06",
            "price": "4.27",
            "revenue": 68970
        },
        "2006-07": {
            "month": "2006-07",
            "price": "4.27",
            "revenue": 95964
        },
        "2006-08": {
            "month": "2006-08",
            "price": "5.12",
            "revenue": 102939
        },
        "2006-09": {
            "month": "2006-09",
            "price": "4.98",
            "revenue": 93412
        },
        "2006-10": {
            "month": "2006-10",
            "price": "6.01",
            "revenue": 165514
        },
        "2006-11": {
            "month": "2006-11",
            "price": "17.56",
            "revenue": 146485
        },
        "2006-12": {
            "month": "2006-12",
            "price": "32.48",
            "revenue": 114609
        },
        "2007-01": {
            "month": "2007-01",
            "price": "34.42",
            "revenue": 196830
        },
        "2007-02": {
            "month": "2007-02",
            "price": "34.38",
            "revenue": 128608
        },
        "2007-03": {
            "month": "2007-03",
            "price": "32.37",
            "revenue": 166136
        },
        "2007-04": {
            "month": "2007-04",
            "price": "23.06",
            "revenue": 109439
        },
        "2007-05": {
            "month": "2007-05",
            "price": "21.40",
            "revenue": 106581
        },
        "2007-06": {
            "month": "2007-06",
            "price": "26.46",
            "revenue": 135021
        },
        "2007-07": {
            "month": "2007-07",
            "price": "30.65",
            "revenue": 116791
        },
        "2007-08": {
            "month": "2007-08",
            "price": "27.40",
            "revenue": 109394
        },
        "2007-09": {
            "month": "2007-09",
            "price": "26.34",
            "revenue": 110153
        },
        "2007-10": {
            "month": "2007-10",
            "price": "24.24",
            "revenue": 68835
        },
        "2007-11": {
            "month": "2007-11",
            "price": "18.44",
            "revenue": 93839
        },
        "2007-12": {
            "month": "2007-12",
            "price": "16.40",
            "revenue": 88098
        },
        "2008-01": {
            "month": "2008-01",
            "price": "15.17",
            "revenue": 89248
        },
        "2008-02": {
            "month": "2008-02",
            "price": "14.09",
            "revenue": 82552
        },
        "2008-03": {
            "month": "2008-03",
            "price": "14.56",
            "revenue": 69202
        },
        "2008-04": {
            "month": "2008-04",
            "price": "15.72",
            "revenue": 71670
        },
        "2008-05": {
            "month": "2008-05",
            "price": "16.92",
            "revenue": 84934
        },
        "2008-06": {
            "month": "2008-06",
            "price": "14.00",
            "revenue": 61352
        },
        "2008-07": {
            "month": "2008-07",
            "price": "9.14",
            "revenue": 63864
        },
        "2008-08": {
            "month": "2008-08",
            "price": "7.87",
            "revenue": 35597
        },
        "2008-09": {
            "month": "2008-09",
            "price": "5.25",
            "revenue": 21553
        },
        "2008-10": {
            "month": "2008-10",
            "price": "4.21",
            "revenue": 52507
        },
        "2008-11": {
            "month": "2008-11",
            "price": "3.59",
            "revenue": 31541
        },
        "2008-12": {
            "month": "2008-12",
            "price": "1.42",
            "revenue": 36588
        },
        "2009-01": {
            "month": "2009-01",
            "price": "1.36",
            "revenue": 31632
        },
        "2009-02": {
            "month": "2009-02",
            "price": "1.39",
            "revenue": 19452
        },
        "2009-03": {
            "month": "2009-03",
            "price": "1.53",
            "revenue": 30428
        },
        "2009-04": {
            "month": "2009-04",
            "price": "2.33",
            "revenue": 21962
        },
        "2009-05": {
            "month": "2009-05",
            "price": "2.50",
            "revenue": 15421
        },
        "2009-06": {
            "month": "2009-06",
            "price": "1.65",
            "revenue": 18073
        },
        "2009-07": {
            "month": "2009-07",
            "price": "1.25",
            "revenue": 19112
        },
        "2009-08": {
            "month": "2009-08",
            "price": "1.57",
            "revenue": 31777
        },
        "2009-09": {
            "month": "2009-09",
            "price": "1.44",
            "revenue": 21021
        },
        "2009-10": {
            "month": "2009-10",
            "price": "1.92",
            "revenue": 9239
        },
        "2009-11": {
            "month": "2009-11",
            "price": "2.02",
            "revenue": 22092
        },
        "2009-12": {
            "month": "2009-12",
            "price": "1.94",
            "revenue": 38552
        },
        "2010-01": {
            "month": "2010-01",
            "price": "3.71",
            "revenue": 34945
        },
        "2010-02": {
            "month": "2010-02",
            "price": "3.83",
            "revenue": 46860
        },
        "2010-03": {
            "month": "2010-03",
            "price": "3.96",
            "revenue": 40484
        },
        "2010-04": {
            "month": "2010-04",
            "price": "4.25",
            "revenue": 42216
        },
        "2010-05": {
            "month": "2010-05",
            "price": "3.47",
            "revenue": 11742
        },
        "2010-06": {
            "month": "2010-06",
            "price": "2.95",
            "revenue": 22872
        },
        "2010-07": {
            "month": "2010-07",
            "price": "3.00",
            "revenue": 27866
        },
        "2010-08": {
            "month": "2010-08",
            "price": "2.90",
            "revenue": 27782
        },
        "2010-09": {
            "month": "2010-09",
            "price": "2.73",
            "revenue": 29044
        },
        "2010-10": {
            "month": "2010-10",
            "price": "2.07",
            "revenue": 26271
        },
        "2010-11": {
            "month": "2010-11",
            "price": "2.20",
            "revenue": 25283
        },
        "2010-12": {
            "month": "2010-12",
            "price": "2.31",
            "revenue": 32576
        },
        "2011-01": {
            "month": "2011-01",
            "price": "2.22",
            "revenue": 26586
        },
        "2011-02": {
            "month": "2011-02",
            "price": "2.49",
            "revenue": 24335
        },
        "2011-03": {
            "month": "2011-03",
            "price": "5.52",
            "revenue": 27329
        },
        "2011-04": {
            "month": "2011-04",
            "price": "4.70",
            "revenue": 30199
        },
        "2011-05": {
            "month": "2011-05",
            "price": "4.00",
            "revenue": 13534
        },
        "2011-06": {
            "month": "2011-06",
            "price": "2.93",
            "revenue": 15600
        },
        "2011-07": {
            "month": "2011-07",
            "price": "2.67",
            "revenue": 21960
        },
        "2011-08": {
            "month": "2011-08",
            "price": "2.25",
            "revenue": 15517
        },
        "2011-09": {
            "month": "2011-09",
            "price": "2.50",
            "revenue": 26041
        },
        "2011-10": {
            "month": "2011-10",
            "price": "2.54",
            "revenue": 8004
        },
        "2011-11": {
            "month": "2011-11",
            "price": "2.10",
            "revenue": 16491
        },
        "2011-12": {
            "month": "2011-12",
            "price": "1.87",
            "revenue": 18454
        },
        "2012-01": {
            "month": "2012-01",
            "price": "2.01",
            "revenue": 13490
        },
        "2012-02": {
            "month": "2012-02",
            "price": "1.97",
            "revenue": 17402
        },
        "2012-03": {
            "month": "2012-03",
            "price": "1.87",
            "revenue": 15056
        },
        "2012-04": {
            "month": "2012-04",
            "price": "1.56",
            "revenue": 15608
        },
        "2012-05": {
            "month": "2012-05",
            "price": "1.62",
            "revenue": 14557
        },
        "2012-06": {
            "month": "2012-06",
            "price": "1.49",
            "revenue": 13078
        },
        "2012-07": {
            "month": "2012-07",
            "price": "1.42",
            "revenue": 12882
        },
        "2012-08": {
            "month": "2012-08",
            "price": "1.22",
            "revenue": 11472
        },
        "2012-09": {
            "month": "2012-09",
            "price": "1.42",
            "revenue": 7336
        },
        "2012-10": {
            "month": "2012-10",
            "price": "3.11",
            "revenue": 6828
        },
        "2012-11": {
            "month": "2012-11",
            "price": "3.45",
            "revenue": 4471
        },
        "2012-12": {
            "month": "2012-12",
            "price": "5.43",
            "revenue": 2335
        },
        "2013-01": {
            "month": "2013-01",
            "price": "28.67",
            "revenue": 3154
        },
        "2013-02": {
            "month": "2013-02",
            "price": "38.69",
            "revenue": 2564
        },
        "2013-03": {
            "month": "2013-03",
            "price": "39.45",
            "revenue": 3755
        },
        "2013-04": {
            "month": "2013-04",
            "price": "40.00",
            "revenue": 11129
        },
        "2013-05": {
            "month": "2013-05",
            "price": "39.95",
            "revenue": 86943
        },
        "2013-06": {
            "month": "2013-06",
            "price": "57.95",
            "revenue": 68551
        },
        "2013-07": {
            "month": "2013-07",
            "price": "56.38",
            "revenue": 73688
        },
        "2013-08": {
            "month": "2013-08",
            "price": "46.65",
            "revenue": 70845
        },
        "2013-09": {
            "month": "2013-09",
            "price": "48.14",
            "revenue": 91101
        },
        "2013-10": {
            "month": "2013-10",
            "price": "41.88",
            "revenue": 139065
        },
        "2013-11": {
            "month": "2013-11",
            "price": "40.41",
            "revenue": 179266
        },
        "2013-12": {
            "month": "2013-12",
            "price": "44.53",
            "revenue": 142775
        },
        "2014-01": {
            "month": "2014-01",
            "price": "52.19",
            "revenue": 303972
        },
        "2014-02": {
            "month": "2014-02",
            "price": "52.63",
            "revenue": 133246
        },
        "2014-03": {
            "month": "2014-03",
            "price": "57.43",
            "revenue": 126166
        },
        "2014-04": {
            "month": "2014-04",
            "price": "58.16",
            "revenue": 163298
        },
        "2014-05": {
            "month": "2014-05",
            "price": "54.43",
            "revenue": 135482
        },
        "2014-06": {
            "month": "2014-06",
            "price": "54.30",
            "revenue": 129079
        },
        "2014-07": {
            "month": "2014-07",
            "price": "53.56",
            "revenue": 169378
        },
        "2014-08": {
            "month": "2014-08",
            "price": "51.64",
            "revenue": 103496
        },
        "2014-09": {
            "month": "2014-09",
            "price": "55.95",
            "revenue": 173562
        },
        "2014-10": {
            "month": "2014-10",
            "price": "51.68",
            "revenue": 173795
        },
        "2014-11": {
            "month": "2014-11",
            "price": "48.00",
            "revenue": 128369
        },
        "2014-12": {
            "month": "2014-12",
            "price": "42.61",
            "revenue": 126501
        },
        "2015-01": {
            "month": "2015-01",
            "price": "39.01",
            "revenue": 98568
        },
        "2015-02": {
            "month": "2015-02",
            "price": "39.00",
            "revenue": 56861
        },
        "2015-03": {
            "month": "2015-03",
            "price": "39.73",
            "revenue": 54816
        },
        "2015-05": {
            "month": "2015-05",
            "price": "39.00",
            "revenue": 53071
        },
        "2015-06": {
            "month": "2015-06",
            "price": "36.32",
            "revenue": 78634
        },
        "2015-07": {
            "month": "2015-07",
            "price": "40.45",
            "revenue": 66807
        },
        "2015-08": {
            "month": "2015-08",
            "price": "37.00",
            "revenue": 155097
        },
        "2015-12": {
            "month": "2015-12",
            "price": "26.75",
            "revenue": 13488
        },
        "2016-04": {
            "month": "2016-04",
            "price": "30.50",
            "revenue": 22624
        },
        "2016-05": {
            "month": "2016-05",
            "price": "33.55",
            "revenue": 31460
        },
        "2016-06": {
            "month": "2016-06",
            "price": "29.54",
            "revenue": 52202
        },
        "2016-07": {
            "month": "2016-07",
            "price": "24.65",
            "revenue": 37772
        },
        "2016-08": {
            "month": "2016-08",
            "price": "23.74",
            "revenue": 17150
        },
        "2016-09": {
            "month": "2016-09",
            "price": "22.46",
            "revenue": 33683
        },
        "2016-10": {
            "month": "2016-10",
            "price": "20.80",
            "revenue": 33728
        },
        "2016-11": {
            "month": "2016-11",
            "price": "18.32",
            "revenue": 51973
        },
        "2016-12": {
            "month": "2016-12",
            "price": "18.58",
            "revenue": 73746
        },
        "2017-01": {
            "month": "2017-01",
            "price": "18.42",
            "revenue": 25102
        },
        "2017-02": {
            "month": "2017-02",
            "price": "18.27",
            "revenue": 16281
        },
        "2017-03": {
            "month": "2017-03",
            "price": "17.67",
            "revenue": 60592
        },
        "2017-04": {
            "month": "2017-04",
            "price": "17.07",
            "revenue": 69842
        },
        "2017-05": {
            "month": "2017-05",
            "price": "20.38",
            "revenue": 72985
        },
        "2017-06": {
            "month": "2017-06",
            "price": "29.26",
            "revenue": 64809
        },
        "2017-07": {
            "month": "2017-07",
            "price": "34.38",
            "revenue": 89799
        },
        "2017-08": {
            "month": "2017-08",
            "price": "30.10",
            "revenue": 59929
        },
        "2017-09": {
            "month": "2017-09",
            "price": "27.94",
            "revenue": 37816
        },
        "2017-10": {
            "month": "2017-10",
            "price": "27.43",
            "revenue": 55085
        },
        "2017-11": {
            "month": "2017-11",
            "price": "27.22",
            "revenue": 154283
        },
        "2017-12": {
            "month": "2017-12",
            "price": "26.63",
            "revenue": 81451
        },
        "2018-01": {
            "month": "2018-01",
            "price": "28.33",
            "revenue": 104202
        },
        "2018-02": {
            "month": "2018-02",
            "price": "26.75",
            "revenue": 71328
        },
        "2018-03": {
            "month": "2018-03",
            "price": "35.86",
            "revenue": 54808
        },
        "2018-04": {
            "month": "2018-04",
            "price": "44.86",
            "revenue": 76926
        },
        "2018-05": {
            "month": "2018-05",
            "price": "43.67",
            "revenue": 76520
        },
        "2018-06": {
            "month": "2018-06",
            "price": "44.60",
            "revenue": 61414
        },
        "2018-07": {
            "month": "2018-07",
            "price": "40.25",
            "revenue": 101689
        },
        "2018-08": {
            "month": "2018-08",
            "price": "38.09",
            "revenue": 179659
        },
        "2018-09": {
            "month": "2018-09",
            "price": "45.16",
            "revenue": 66683
        },
        "2018-10": {
            "month": "2018-10",
            "price": "49.31",
            "revenue": 97352
        },
        "2018-11": {
            "month": "2018-11",
            "price": "47.86",
            "revenue": 75783
        },
        "2018-12": {
            "month": "2018-12",
            "price": "44.39",
            "revenue": 135024
        },
        "2019-01": {
            "month": "2019-01",
            "price": "45.28",
            "revenue": 46963
        },
        "2019-02": {
            "month": "2019-02",
            "price": "46.24",
            "revenue": 79911
        },
        "2019-03": {
            "month": "2019-03",
            "price": "49.41",
            "revenue": 65472
        },
        "2019-04": {
            "month": "2019-04",
            "price": "47.06",
            "revenue": 75256
        },
        "2019-05": {
            "month": "2019-05",
            "price": "42.56",
            "revenue": 80830
        },
        "2019-06": {
            "month": "2019-06",
            "price": "41.92",
            "revenue": 97539
        },
        "2019-07": {
            "month": "2019-07",
            "price": "46.96",
            "revenue": 134029
        },
        "2019-08": {
            "month": "2019-08",
            "price": "46.04",
            "revenue": 114076
        },
        "2019-09": {
            "month": "2019-09",
            "price": "45.76",
            "revenue": 171449
        },
        "2019-10": {
            "month": "2019-10",
            "price": "50.59",
            "revenue": 156883
        },
        "2019-11": {
            "month": "2019-11",
            "price": "52.68",
            "revenue": 312268
        },
        "2019-12": {
            "month": "2019-12",
            "price": "54.39",
            "revenue": 336784
        },
        "2020-01": {
            "month": "2020-01",
            "price": "56.92",
            "revenue": 169805
        },
        "2020-02": {
            "month": "2020-02",
            "price": "53.91",
            "revenue": 175803
        },
        "2020-03": {
            "month": "2020-03",
            "price": "49.36",
            "revenue": 192987
        },
        "2020-04": {
            "month": "2020-04",
            "price": "51.93",
            "revenue": 172928
        },
        "2020-05": {
            "month": "2020-05",
            "price": "60.47",
            "revenue": 213212
        },
        "2020-06": {
            "month": "2020-06",
            "price": "76.06",
            "revenue": 267807
        },
        "2020-07": {
            "month": "2020-07",
            "price": "77.92",
            "revenue": 359808
        },
        "2020-08": {
            "month": "2020-08",
            "price": "92.19",
            "revenue": 362683
        },
        "2020-09": {
            "month": "2020-09",
            "price": "92.96",
            "revenue": 346859
        },
        "2020-10": {
            "month": "2020-10",
            "price": "88.85",
            "revenue": 379778
        },
        "2020-11": {
            "month": "2020-11",
            "price": "93.32",
            "revenue": 439799
        },
        "2020-12": {
            "month": "2020-12",
            "price": "86.79",
            "revenue": 536424
        },
        "2021-01": {
            "month": "2021-01",
            "price": "86.18",
            "revenue": 330608
        },
        "2021-02": {
            "month": "2021-02",
            "price": "88.84",
            "revenue": 477872
        },
        "2021-03": {
            "month": "2021-03",
            "price": "102.70",
            "revenue": 426526
        },
        "2021-04": {
            "month": "2021-04",
            "price": "106.74",
            "revenue": 423915
        },
        "2021-05": {
            "month": "2021-05",
            "price": "97.76",
            "revenue": 328232
        },
        "2021-06": {
            "month": "2021-06",
            "price": "96.42",
            "revenue": 339116
        },
        "2021-07": {
            "month": "2021-07",
            "price": "101.76",
            "revenue": 314953
        },
        "2021-08": {
            "month": "2021-08",
            "price": "91.82",
            "revenue": 378276
        },
        "2021-09": {
            "month": "2021-09",
            "price": "94.25",
            "revenue": 405801
        },
        "2021-10": {
            "month": "2021-10",
            "price": "98.20",
            "revenue": 633863
        },
        "2021-11": {
            "month": "2021-11",
            "price": "102.80",
            "revenue": 1086280
        },
        "2021-12": {
            "month": "2021-12",
            "price": "107.82",
            "revenue": 950116
        },
        "2022-01": {
            "month": "2022-01",
            "price": "112.50",
            "revenue": 268462
        },
        "2022-02": {
            "month": "2022-02",
            "price": "104.63",
            "revenue": 336753
        },
        "2022-03": {
            "month": "2022-03",
            "price": "102.59",
            "revenue": 489928
        },
        "2022-04": {
            "month": "2022-04",
            "price": "99.26",
            "revenue": 494818
        },
        "2022-05": {
            "month": "2022-05",
            "price": "94.81",
            "revenue": 395216
        },
        "2022-06": {
            "month": "2022-06",
            "price": "94.69",
            "revenue": 341529
        },
        "2022-07": {
            "month": "2022-07",
            "price": "89.92",
            "revenue": 341010
        },
        "2022-08": {
            "month": "2022-08",
            "price": "76.20",
            "revenue": 417930
        },
        "2022-09": {
            "month": "2022-09",
            "price": "72.12",
            "revenue": 357168
        },
        "2022-10": {
            "month": "2022-10",
            "price": "64.15",
            "revenue": 457423
        },
        "2022-11": {
            "month": "2022-11",
            "price": "61.65",
            "revenue": 495717
        },
        "2022-12": {
            "month": "2022-12",
            "price": "64.93",
            "revenue": 522155
        },
        "2023-01": {
            "month": "2023-01",
            "price": "65.15",
            "revenue": 135876
        },
        "2023-02": {
            "month": "2023-02",
            "price": "67.70",
            "revenue": 201708
        },
        "2023-03": {
            "month": "2023-03",
            "price": "67.28",
            "revenue": 266823
        },
        "2023-04": {
            "month": "2023-04",
            "price": "68.05",
            "revenue": 363955
        },
        "2023-05": {
            "month": "2023-05",
            "price": "66.94",
            "revenue": 433065
        },
        "2023-06": {
            "month": "2023-06",
            "price": "71.18",
            "revenue": 572705
        },
        "2023-07": {
            "month": "2023-07",
            "price": "68.34",
            "revenue": 515107
        },
        "2023-08": {
            "month": "2023-08",
            "price": "67.63",
            "revenue": 535423
        },
        "2023-09": {
            "month": "2023-09",
            "price": "73.70",
            "revenue": 542586
        }
    }
}
