{
    "summary": {
        "stock_name": "錸德",
        "stock_id": "2349",
        "category": "光電",
        "main_business": "光碟片、影碟片、組裝機器、光電產品",
        "website_url": "http://www.ritek.com.tw",
        "ceo": "王鼎章",
        "pe_ratio": -18,
        "report_year_from": 2001,
        "report_year_to": 2023,
        "age": 23,
        "eps_negative_percentage": 87,
        "eps_growth_avg": {
            "last_all": -100,
            "last_2y": null,
            "last_4y": null,
            "last_8y": null,
            "last_12y": null,
            "last_16y": -100,
            "last_20y": -100,
            "at_2006_last_3y": -100,
            "at_2007_last_3y": -100,
            "at_2008_last_3y": -100,
            "at_2009_last_3y": -100,
            "at_2010_last_3y": -100,
            "at_2011_last_3y": -100,
            "at_2012_last_3y": null,
            "at_2013_last_3y": null,
            "at_2014_last_3y": null,
            "at_2015_last_3y": null,
            "at_2016_last_3y": null,
            "at_2017_last_3y": null,
            "at_2018_last_3y": null,
            "at_2019_last_3y": null,
            "at_2020_last_3y": null,
            "at_2021_last_3y": null,
            "at_2022_last_3y": null,
            "at_2023_last_3y": null,
            "at_2024_last_3y": null,
            "at_2006_last_all": -100,
            "at_2007_last_all": -100,
            "at_2008_last_all": -100,
            "at_2009_last_all": -100,
            "at_2010_last_all": -100,
            "at_2011_last_all": -100,
            "at_2012_last_all": -100,
            "at_2013_last_all": -100,
            "at_2014_last_all": -100,
            "at_2015_last_all": -100,
            "at_2016_last_all": -100,
            "at_2017_last_all": -100,
            "at_2018_last_all": -100,
            "at_2019_last_all": -100,
            "at_2020_last_all": -100,
            "at_2021_last_all": -100,
            "at_2022_last_all": -100,
            "at_2023_last_all": -100,
            "at_2024_last_all": -100
        },
        "latest_eps": -0.44,
        "latest_price": 7.81,
        "latest_roe": -3.63,
        "latest_gross_margin": 12.24,
        "latest_equity": 10218303,
        "latest_revenue": 1994982,
        "latest_gross_profit": 244202,
        "latest_net_income": -154306,
        "latest_debt_ratio": 45.85,
        "latest_current_ratio": 236.72,
        "latest_account_receivable_turnover_ratio": 1.25,
        "latest_inventory_turnover_ratio": 1.18,
        "latest_reinvestment_rate": null,
        "latest_research_to_sale_ratio": 4.64
    },
    "eps_dividends": {
        "1994": {
            "cash": 0,
            "stock": 1,
            "eps": 0
        },
        "1995": {
            "cash": 0,
            "stock": 2.5,
            "eps": 0
        },
        "1996": {
            "cash": 0,
            "stock": 2,
            "eps": 0
        },
        "1997": {
            "cash": 0,
            "stock": 3,
            "eps": 0
        },
        "1998": {
            "cash": 0,
            "stock": 5,
            "eps": 0
        },
        "1999": {
            "cash": 0,
            "stock": 5,
            "eps": 0
        },
        "2000": {
            "cash": 0,
            "stock": 6.5,
            "eps": 0
        },
        "2001": {
            "cash": 0.5,
            "stock": 3,
            "eps": 1.98
        },
        "2002": {
            "cash": 0.1,
            "stock": 2.5,
            "eps": -2.04
        },
        "2003": {
            "cash": 0,
            "stock": 0,
            "eps": 0.63
        },
        "2004": {
            "cash": 0.26,
            "stock": 0.26,
            "eps": -3.19
        },
        "2005": {
            "cash": 0,
            "stock": 0,
            "eps": -1.13
        },
        "2006": {
            "cash": 0,
            "stock": 0,
            "eps": -5.76
        },
        "2007": {
            "cash": 0,
            "stock": 0,
            "eps": 0.01
        },
        "2008": {
            "cash": 0,
            "stock": 0,
            "eps": -2.67
        },
        "2009": {
            "cash": 0,
            "stock": 0,
            "eps": -1.56
        },
        "2010": {
            "cash": 0,
            "stock": 0,
            "eps": -0.51
        },
        "2011": {
            "cash": 0,
            "stock": 0,
            "eps": -0.87
        },
        "2012": {
            "cash": 0,
            "stock": 0,
            "eps": -0.87
        },
        "2013": {
            "cash": 0,
            "stock": 0,
            "eps": -1.2
        },
        "2014": {
            "cash": 0,
            "stock": 0,
            "eps": -1.29
        },
        "2015": {
            "cash": 0,
            "stock": 0,
            "eps": -0.84
        },
        "2016": {
            "cash": 0,
            "stock": 0,
            "eps": -1.21
        },
        "2017": {
            "cash": 0,
            "stock": 0,
            "eps": -1.4
        },
        "2018": {
            "cash": 0,
            "stock": 0,
            "eps": -0.94
        },
        "2019": {
            "cash": 0,
            "stock": 0,
            "eps": -1.75
        },
        "2020": {
            "cash": 0,
            "stock": 0,
            "eps": -1.13
        },
        "2021": {
            "cash": 0,
            "stock": 0,
            "eps": -0.49
        },
        "2022": {
            "cash": 0,
            "stock": 0,
            "eps": -0.21
        },
        "2023": {
            "cash": 0,
            "stock": 0,
            "eps": -0.44
        }
    },
    "dividends": {
        "1994-05-29": {
            "cash": 0,
            "stock": 1
        },
        "1995-05-26": {
            "cash": 0,
            "stock": 2.5
        },
        "1996-06-03": {
            "cash": 0,
            "stock": 2
        },
        "1997-05-19": {
            "cash": 0,
            "stock": 3
        },
        "1998-06-01": {
            "cash": 0,
            "stock": 5
        },
        "1999-05-17": {
            "cash": 0,
            "stock": 5
        },
        "2000-04-19": {
            "cash": 0,
            "stock": 6.5
        },
        "2001-06-04": {
            "cash": 0.5,
            "stock": 3
        },
        "2002-05-27": {
            "cash": 0.1,
            "stock": 2.5
        },
        "2004-04-21": {
            "cash": 0.26,
            "stock": 0.26
        }
    },
    "prices": {
        "200101": "62.42",
        "200102": "80.16",
        "200103": "81.23",
        "200104": "78.40",
        "200105": "65.52",
        "200106": "72.78",
        "200107": "58.76",
        "200108": "43.70",
        "200109": "30.52",
        "200110": "29.59",
        "200111": "33.58",
        "200112": "35.60",
        "200201": "38.49",
        "200202": "36.62",
        "200203": "38.90",
        "200204": "39.10",
        "200205": "31.36",
        "200206": "30.20",
        "200207": "24.89",
        "200208": "18.58",
        "200209": "15.29",
        "200210": "16.38",
        "200211": "18.05",
        "200212": "16.06",
        "200301": "16.88",
        "200302": "16.84",
        "200303": "15.94",
        "200304": "15.62",
        "200305": "14.85",
        "200306": "20.86",
        "200307": "25.68",
        "200308": "23.47",
        "200309": "23.15",
        "200310": "23.59",
        "200311": "23.60",
        "200312": "21.66",
        "200401": "21.97",
        "200402": "23.18",
        "200403": "22.76",
        "200404": "22.86",
        "200405": "18.02",
        "200406": "15.66",
        "200407": "14.04",
        "200408": "12.86",
        "200409": "13.50",
        "200410": "13.18",
        "200411": "11.99",
        "200412": "11.60",
        "200501": "11.11",
        "200502": "11.09",
        "200503": "10.53",
        "200504": "9.49",
        "200505": "10.17",
        "200506": "12.85",
        "200507": "12.32",
        "200508": "11.95",
        "200509": "11.50",
        "200510": "11.03",
        "200511": "10.32",
        "200512": "10.74",
        "200601": "11.06",
        "200602": "10.80",
        "200603": "9.97",
        "200604": "10.25",
        "200605": "9.47",
        "200606": "8.26",
        "200607": "7.54",
        "200608": "7.32",
        "200609": "7.29",
        "200610": "7.94",
        "200611": "8.76",
        "200612": "9.62",
        "200701": "8.75",
        "200702": "8.23",
        "200703": "7.55",
        "200704": "7.94",
        "200705": "7.63",
        "200706": "9.16",
        "200707": "10.95",
        "200708": "9.88",
        "200709": "10.07",
        "200710": "10.25",
        "200711": "8.62",
        "200712": "7.57",
        "200801": "7.27",
        "200802": "7.06",
        "200803": "7.99",
        "200804": "8.21",
        "200805": "7.89",
        "200806": "6.71",
        "200807": "5.49",
        "200808": "6.21",
        "200809": "5.35",
        "200810": "4.94",
        "200811": "3.96",
        "200812": "4.16",
        "200901": "4.52",
        "200902": "4.79",
        "200903": "5.17",
        "200904": "7.46",
        "200905": "7.56",
        "200906": "7.97",
        "200907": "8.60",
        "200908": "8.68",
        "200909": "8.50",
        "200910": "8.45",
        "200911": "7.99",
        "200912": "8.07",
        "201001": "8.57",
        "201002": "7.84",
        "201003": "8.11",
        "201004": "8.57",
        "201005": "8.38",
        "201006": "8.15",
        "201007": "8.85",
        "201008": "9.28",
        "201009": "8.75",
        "201010": "8.59",
        "201011": "8.05",
        "201012": "8.34",
        "201101": "8.95",
        "201102": "8.23",
        "201103": "8.67",
        "201104": "8.53",
        "201105": "8.01",
        "201106": "7.91",
        "201107": "7.54",
        "201108": "5.78",
        "201109": "5.58",
        "201110": "5.64",
        "201111": "5.40",
        "201112": "4.50",
        "201201": "4.47",
        "201202": "5.60",
        "201203": "5.46",
        "201204": "4.65",
        "201205": "4.23",
        "201206": "4.18",
        "201207": "4.07",
        "201208": "4.04",
        "201209": "3.92",
        "201210": "3.17",
        "201211": "2.86",
        "201212": "3.50",
        "201301": "3.73",
        "201302": "3.69",
        "201303": "3.84",
        "201304": "3.80",
        "201305": "4.56",
        "201306": "5.76",
        "201307": "5.83",
        "201308": "5.43",
        "201309": "5.21",
        "201310": "4.90",
        "201311": "4.55",
        "201312": "4.96",
        "201401": "5.35",
        "201402": "5.18",
        "201403": "5.01",
        "201404": "4.88",
        "201405": "4.56",
        "201406": "4.76",
        "201407": "4.69",
        "201408": "4.23",
        "201409": "3.97",
        "201410": "3.47",
        "201411": "3.31",
        "201412": "3.37",
        "201501": "3.83",
        "201502": "3.58",
        "201503": "3.51",
        "201504": "3.19",
        "201505": "3.05",
        "201506": "3.49",
        "201507": "3.03",
        "201508": "2.83",
        "201509": "2.97",
        "201510": "2.97",
        "201511": "2.78",
        "201512": "2.73",
        "201601": "2.68",
        "201602": "2.70",
        "201603": "2.78",
        "201604": "2.90",
        "201605": "2.47",
        "201606": "2.67",
        "201607": "3.07",
        "201608": "3.79",
        "201609": "4.43",
        "201610": "5.67",
        "201611": "5.08",
        "201612": "5.21",
        "201701": "5.06",
        "201702": "6.10",
        "201703": "5.86",
        "201704": "5.20",
        "201705": "5.24",
        "201706": "5.41",
        "201707": "5.24",
        "201708": "5.05",
        "201709": "5.21",
        "201710": "5.08",
        "201711": "4.90",
        "201712": "4.58",
        "201801": "4.99",
        "201802": "5.20",
        "201803": "5.37",
        "201804": "5.74",
        "201805": "9.43",
        "201806": "16.73",
        "201807": "14.84",
        "201808": "11.76",
        "201809": "12.95",
        "201810": "10.69",
        "201811": "10.69",
        "201812": "11.81",
        "201901": "11.20",
        "201902": "10.90",
        "201903": "11.33",
        "201904": "10.92",
        "201905": "8.89",
        "201906": "9.08",
        "201907": "8.91",
        "201908": "8.67",
        "201909": "8.98",
        "201910": "8.49",
        "201911": "7.31",
        "201912": "7.12",
        "202001": "6.68",
        "202002": "5.85",
        "202003": "4.44",
        "202004": "4.83",
        "202005": "5.56",
        "202006": "5.52",
        "202007": "5.52",
        "202008": "5.80",
        "202009": "6.19",
        "202010": "10.88",
        "202011": "10.63",
        "202012": "11.17",
        "202101": "10.51",
        "202102": "10.28",
        "202103": "10.29",
        "202104": "11.74",
        "202105": "9.98",
        "202106": "9.68",
        "202107": "9.85",
        "202108": "9.93",
        "202109": "9.63",
        "202110": "9.44",
        "202111": "9.62",
        "202112": "9.78",
        "202201": "10.29",
        "202202": "9.66",
        "202203": "9.26",
        "202204": "8.98",
        "202205": "8.85",
        "202206": "8.48",
        "202207": "7.37",
        "202208": "8.01",
        "202209": "8.14",
        "202210": "7.20",
        "202211": "7.34",
        "202212": "7.92",
        "202301": "7.90",
        "202302": "8.37",
        "202303": "8.64",
        "202304": "9.14",
        "202305": "9.09",
        "202306": "9.78",
        "202307": "9.43",
        "202308": "8.60",
        "202309": "8.41",
        "202310": "8.01",
        "202311": "8.11",
        "202312": "8.27"
    },
    "quarters": {
        "20011": {
            "year_quarter": 20011,
            "year": 2001,
            "quarter": 1,
            "eps": 0.51,
            "eps_growth_year": -87.02,
            "eps_4q": 5.3,
            "eps_4q_growth_year": -52.76,
            "roe": 1.03,
            "roe_4q": 1.03,
            "gross_profit": 869425,
            "gross_margin": 19.89,
            "gross_margin_4q_avg": 19.89,
            "net_income": 642802,
            "net_income_4q": null,
            "revenue": 4370188,
            "revenue_4q": null,
            "common_shares": 12516973,
            "book_valuer_per_share": 49.23,
            "book_valuer_per_share_4q_avg": 49.23,
            "equity": 61623230,
            "current_ratio": 130.56,
            "debt_ratio": 30.43,
            "inventory_turnover_ratio": 0.9,
            "account_receivable_turnover_ratio": null,
            "reinvestment_rate": null,
            "research_to_sale_ratio": null,
            "price_fair": 0,
            "eps_avg_yearly": 0,
            "eps_latest_yearly": 0,
            "eps_growth_yearly": 0
        },
        "20012": {
            "year_quarter": 20012,
            "year": 2001,
            "quarter": 2,
            "eps": 0.6,
            "eps_growth_year": -70.3,
            "eps_4q": 4.18,
            "eps_4q_growth_year": -44.19,
            "roe": 1.21,
            "roe_4q": 2.24,
            "gross_profit": 1162172,
            "gross_margin": 20.23,
            "gross_margin_4q_avg": 20.06,
            "net_income": 754370,
            "net_income_4q": null,
            "revenue": 5743803,
            "revenue_4q": null,
            "common_shares": 12516973,
            "book_valuer_per_share": 50.07,
            "book_valuer_per_share_4q_avg": 49.65,
            "equity": 62670261,
            "current_ratio": 232.26,
            "debt_ratio": 34.5,
            "inventory_turnover_ratio": 1.13,
            "account_receivable_turnover_ratio": null,
            "reinvestment_rate": null,
            "research_to_sale_ratio": null,
            "price_fair": 0,
            "eps_avg_yearly": 0,
            "eps_latest_yearly": 0,
            "eps_growth_yearly": 0
        },
        "20013": {
            "year_quarter": 20013,
            "year": 2001,
            "quarter": 3,
            "eps": 0.7,
            "eps_growth_year": -59.3,
            "eps_4q": 2.7,
            "eps_4q_growth_year": -65.17,
            "roe": 1.86,
            "roe_4q": 4.1000000000000005,
            "gross_profit": 1724475,
            "gross_margin": 24.92,
            "gross_margin_4q_avg": 21.68,
            "net_income": 1159878,
            "net_income_4q": null,
            "revenue": 6919052,
            "revenue_4q": null,
            "common_shares": 16618423,
            "book_valuer_per_share": 37.44,
            "book_valuer_per_share_4q_avg": 45.58,
            "equity": 62215289,
            "current_ratio": 224.21,
            "debt_ratio": 36.68,
            "inventory_turnover_ratio": 1.28,
            "account_receivable_turnover_ratio": null,
            "reinvestment_rate": null,
            "research_to_sale_ratio": null,
            "price_fair": 0,
            "eps_avg_yearly": 0,
            "eps_latest_yearly": 0,
            "eps_growth_yearly": 0
        },
        "20014": {
            "year_quarter": 20014,
            "year": 2001,
            "quarter": 4,
            "eps": 0.17,
            "eps_growth_year": -89.7,
            "eps_4q": 1.74,
            "eps_4q_growth_year": -76.36,
            "roe": 0.42,
            "roe_4q": 4.5200000000000005,
            "gross_profit": 1625421,
            "gross_margin": 26,
            "gross_margin_4q_avg": 22.76,
            "net_income": 277516,
            "net_income_4q": null,
            "revenue": 6252091,
            "revenue_4q": null,
            "common_shares": 16618423,
            "book_valuer_per_share": 38.2,
            "book_valuer_per_share_4q_avg": 43.74,
            "equity": 68800061,
            "current_ratio": 190.9,
            "debt_ratio": 37.12,
            "inventory_turnover_ratio": 1.15,
            "account_receivable_turnover_ratio": null,
            "reinvestment_rate": null,
            "research_to_sale_ratio": null,
            "price_fair": 0,
            "eps_avg_yearly": 0,
            "eps_latest_yearly": 0,
            "eps_growth_yearly": 0
        },
        "20021": {
            "year_quarter": 20021,
            "year": 2002,
            "quarter": 1,
            "eps": 0.05,
            "eps_growth_year": -90.2,
            "eps_4q": 1.4,
            "eps_4q_growth_year": -73.52,
            "roe": 0.12,
            "roe_4q": 3.6100000000000003,
            "gross_profit": 867420,
            "gross_margin": 19.06,
            "gross_margin_4q_avg": 22.55,
            "net_income": 80981,
            "net_income_4q": null,
            "revenue": 4551648,
            "revenue_4q": null,
            "common_shares": 16618423,
            "book_valuer_per_share": 38.06,
            "book_valuer_per_share_4q_avg": 40.94,
            "equity": 63256880,
            "current_ratio": 247.7,
            "debt_ratio": 40.42,
            "inventory_turnover_ratio": 0.81,
            "account_receivable_turnover_ratio": null,
            "reinvestment_rate": null,
            "research_to_sale_ratio": null,
            "price_fair": 0.6,
            "eps_avg_yearly": 0.2,
            "eps_latest_yearly": 0.2,
            "eps_growth_yearly": -282.35
        },
        "20022": {
            "year_quarter": 20022,
            "year": 2002,
            "quarter": 2,
            "eps": -0.96,
            "eps_growth_year": -260,
            "eps_4q": -0.02,
            "eps_4q_growth_year": -100.56,
            "roe": -2.52,
            "roe_4q": -0.11999999999999988,
            "gross_profit": 366384,
            "gross_margin": 6.62,
            "gross_margin_4q_avg": 19.15,
            "net_income": -1557435,
            "net_income_4q": null,
            "revenue": 5533044,
            "revenue_4q": null,
            "common_shares": 16618423,
            "book_valuer_per_share": 36.37,
            "book_valuer_per_share_4q_avg": 37.52,
            "equity": 60437704,
            "current_ratio": 268.3,
            "debt_ratio": 41.19,
            "inventory_turnover_ratio": 1.2,
            "account_receivable_turnover_ratio": null,
            "reinvestment_rate": null,
            "research_to_sale_ratio": null,
            "price_fair": 0.6,
            "eps_avg_yearly": 0.2,
            "eps_latest_yearly": 0.2,
            "eps_growth_yearly": -282.35
        },
        "20023": {
            "year_quarter": 20023,
            "year": 2002,
            "quarter": 3,
            "eps": -0.36,
            "eps_growth_year": -151.43,
            "eps_4q": -0.93,
            "eps_4q_growth_year": -134.29,
            "roe": -1.23,
            "roe_4q": -3.21,
            "gross_profit": 72931,
            "gross_margin": 1.9,
            "gross_margin_4q_avg": 13.4,
            "net_income": -741670,
            "net_income_4q": null,
            "revenue": 3839896,
            "revenue_4q": null,
            "common_shares": 20973029,
            "book_valuer_per_share": 28.48,
            "book_valuer_per_share_4q_avg": 35.28,
            "equity": 59731765,
            "current_ratio": 236.21,
            "debt_ratio": 40.72,
            "inventory_turnover_ratio": 1.15,
            "account_receivable_turnover_ratio": null,
            "reinvestment_rate": null,
            "research_to_sale_ratio": null,
            "price_fair": 0.6,
            "eps_avg_yearly": 0.2,
            "eps_latest_yearly": 0.2,
            "eps_growth_yearly": -282.35
        },
        "20024": {
            "year_quarter": 20024,
            "year": 2002,
            "quarter": 4,
            "eps": -0.77,
            "eps_growth_year": -552.94,
            "eps_4q": -1.62,
            "eps_4q_growth_year": -193.57,
            "roe": -2.57,
            "roe_4q": -6.2,
            "gross_profit": 442511,
            "gross_margin": 8.42,
            "gross_margin_4q_avg": 9,
            "net_income": -1574519,
            "net_income_4q": null,
            "revenue": 5257142,
            "revenue_4q": null,
            "common_shares": 20973029,
            "book_valuer_per_share": 27.77,
            "book_valuer_per_share_4q_avg": 32.67,
            "equity": 63011254,
            "current_ratio": 175.66,
            "debt_ratio": 42.14,
            "inventory_turnover_ratio": 1.27,
            "account_receivable_turnover_ratio": null,
            "reinvestment_rate": 302.36,
            "research_to_sale_ratio": null,
            "price_fair": 0.6,
            "eps_avg_yearly": 0.2,
            "eps_latest_yearly": 0.2,
            "eps_growth_yearly": -282.35
        },
        "20031": {
            "year_quarter": 20031,
            "year": 2003,
            "quarter": 1,
            "eps": -0.31,
            "eps_growth_year": -720,
            "eps_4q": -2.18,
            "eps_4q_growth_year": -255.57,
            "roe": -1.07,
            "roe_4q": -7.389999999999999,
            "gross_profit": 999770,
            "gross_margin": 21.42,
            "gross_margin_4q_avg": 9.59,
            "net_income": -641112,
            "net_income_4q": null,
            "revenue": 4667022,
            "revenue_4q": null,
            "common_shares": 20973029,
            "book_valuer_per_share": 27.24,
            "book_valuer_per_share_4q_avg": 29.97,
            "equity": 57123709,
            "current_ratio": 182.67,
            "debt_ratio": 39.32,
            "inventory_turnover_ratio": 1.07,
            "account_receivable_turnover_ratio": null,
            "reinvestment_rate": 166.17,
            "research_to_sale_ratio": null,
            "price_fair": 0.6,
            "eps_avg_yearly": 0.2,
            "eps_latest_yearly": 0.2,
            "eps_growth_yearly": -282.35
        },
        "20032": {
            "year_quarter": 20032,
            "year": 2003,
            "quarter": 2,
            "eps": 0.19,
            "eps_growth_year": null,
            "eps_4q": -1.25,
            "eps_4q_growth_year": null,
            "roe": 0.68,
            "roe_4q": -4.1899999999999995,
            "gross_profit": 1781499,
            "gross_margin": 30.29,
            "gross_margin_4q_avg": 15.51,
            "net_income": 389435,
            "net_income_4q": null,
            "revenue": 5882403,
            "revenue_4q": null,
            "common_shares": 20973029,
            "book_valuer_per_share": 27.76,
            "book_valuer_per_share_4q_avg": 27.81,
            "equity": 58215757,
            "current_ratio": 146.94,
            "debt_ratio": 35.97,
            "inventory_turnover_ratio": 1.9,
            "account_receivable_turnover_ratio": null,
            "reinvestment_rate": 158.4,
            "research_to_sale_ratio": null,
            "price_fair": 0.6,
            "eps_avg_yearly": 0.2,
            "eps_latest_yearly": 0.2,
            "eps_growth_yearly": -282.35
        },
        "20033": {
            "year_quarter": 20033,
            "year": 2003,
            "quarter": 3,
            "eps": 0.44,
            "eps_growth_year": null,
            "eps_4q": -0.44,
            "eps_4q_growth_year": null,
            "roe": 1.55,
            "roe_4q": -1.41,
            "gross_profit": 2436513,
            "gross_margin": 34.09,
            "gross_margin_4q_avg": 23.56,
            "net_income": 910403,
            "net_income_4q": null,
            "revenue": 7147277,
            "revenue_4q": null,
            "common_shares": 20973029,
            "book_valuer_per_share": 28.09,
            "book_valuer_per_share_4q_avg": 27.72,
            "equity": 58919791,
            "current_ratio": 163.17,
            "debt_ratio": 38.66,
            "inventory_turnover_ratio": 2.42,
            "account_receivable_turnover_ratio": null,
            "reinvestment_rate": 130.71,
            "research_to_sale_ratio": null,
            "price_fair": 34.3,
            "eps_avg_yearly": 0.98,
            "eps_latest_yearly": 1.76,
            "eps_growth_yearly": 121.98
        },
        "20034": {
            "year_quarter": 20034,
            "year": 2003,
            "quarter": 4,
            "eps": 0.31,
            "eps_growth_year": null,
            "eps_4q": 0.63,
            "eps_4q_growth_year": null,
            "roe": 1.05,
            "roe_4q": 2.21,
            "gross_profit": 2728323,
            "gross_margin": 37.77,
            "gross_margin_4q_avg": 30.89,
            "net_income": 645741,
            "net_income_4q": null,
            "revenue": 7222667,
            "revenue_4q": null,
            "common_shares": 20973029,
            "book_valuer_per_share": 28.67,
            "book_valuer_per_share_4q_avg": 27.94,
            "equity": 64522857,
            "current_ratio": 146.4,
            "debt_ratio": 40.9,
            "inventory_turnover_ratio": 1.35,
            "account_receivable_turnover_ratio": null,
            "reinvestment_rate": 294.03,
            "research_to_sale_ratio": null,
            "price_fair": 37.33,
            "eps_avg_yearly": 1.07,
            "eps_latest_yearly": 1.24,
            "eps_growth_yearly": 41.93
        },
        "20041": {
            "year_quarter": 20041,
            "year": 2004,
            "quarter": 1,
            "eps": 0.4,
            "eps_growth_year": null,
            "eps_4q": 1.34,
            "eps_4q_growth_year": null,
            "roe": 1.32,
            "roe_4q": 4.6,
            "gross_profit": 1979167,
            "gross_margin": 31.37,
            "gross_margin_4q_avg": 33.38,
            "net_income": 828492,
            "net_income_4q": null,
            "revenue": 6309837,
            "revenue_4q": null,
            "common_shares": 20973029,
            "book_valuer_per_share": 28.89,
            "book_valuer_per_share_4q_avg": 28.35,
            "equity": 60594841,
            "current_ratio": 157.65,
            "debt_ratio": 33.01,
            "inventory_turnover_ratio": 1.19,
            "account_receivable_turnover_ratio": null,
            "reinvestment_rate": 20.21,
            "research_to_sale_ratio": null,
            "price_fair": 42,
            "eps_avg_yearly": 1.2,
            "eps_latest_yearly": 1.6,
            "eps_growth_yearly": 60.48
        },
        "20042": {
            "year_quarter": 20042,
            "year": 2004,
            "quarter": 2,
            "eps": -0.25,
            "eps_growth_year": -231.58,
            "eps_4q": 0.88,
            "eps_4q_growth_year": null,
            "roe": -0.89,
            "roe_4q": 3.0300000000000002,
            "gross_profit": 796471,
            "gross_margin": 14.74,
            "gross_margin_4q_avg": 29.49,
            "net_income": -530354,
            "net_income_4q": null,
            "revenue": 5402401,
            "revenue_4q": null,
            "common_shares": 20973029,
            "book_valuer_per_share": 27.99,
            "book_valuer_per_share_4q_avg": 28.41,
            "equity": 58712609,
            "current_ratio": 124.5,
            "debt_ratio": 37.52,
            "inventory_turnover_ratio": 1.89,
            "account_receivable_turnover_ratio": null,
            "reinvestment_rate": -49.32,
            "research_to_sale_ratio": null,
            "price_fair": 42,
            "eps_avg_yearly": 1.2,
            "eps_latest_yearly": 1.6,
            "eps_growth_yearly": 60.48
        },
        "20043": {
            "year_quarter": 20043,
            "year": 2004,
            "quarter": 3,
            "eps": -0.28,
            "eps_growth_year": -163.64,
            "eps_4q": 0.16,
            "eps_4q_growth_year": null,
            "roe": -1.01,
            "roe_4q": 0.4700000000000002,
            "gross_profit": 597676,
            "gross_margin": 13.97,
            "gross_margin_4q_avg": 24.46,
            "net_income": -591438,
            "net_income_4q": null,
            "revenue": 4277840,
            "revenue_4q": null,
            "common_shares": 21612355,
            "book_valuer_per_share": 26.77,
            "book_valuer_per_share_4q_avg": 28.08,
            "equity": 57859042,
            "current_ratio": 153.05,
            "debt_ratio": 34.01,
            "inventory_turnover_ratio": 1.31,
            "account_receivable_turnover_ratio": null,
            "reinvestment_rate": -378.5,
            "research_to_sale_ratio": null,
            "price_fair": 42,
            "eps_avg_yearly": 1.2,
            "eps_latest_yearly": 1.6,
            "eps_growth_yearly": 60.48
        },
        "20044": {
            "year_quarter": 20044,
            "year": 2004,
            "quarter": 4,
            "eps": -3.06,
            "eps_growth_year": -1087.1,
            "eps_4q": -2.87,
            "eps_4q_growth_year": -558.24,
            "roe": -11.41,
            "roe_4q": -11.99,
            "gross_profit": -423942,
            "gross_margin": -10.75,
            "gross_margin_4q_avg": 12.33,
            "net_income": -6380685,
            "net_income_4q": null,
            "revenue": 3942690,
            "revenue_4q": null,
            "common_shares": 21612355,
            "book_valuer_per_share": 23.28,
            "book_valuer_per_share_4q_avg": 26.73,
            "equity": 53950641,
            "current_ratio": 126.64,
            "debt_ratio": 41.03,
            "inventory_turnover_ratio": 0.94,
            "account_receivable_turnover_ratio": null,
            "reinvestment_rate": null,
            "research_to_sale_ratio": null,
            "price_fair": 42,
            "eps_avg_yearly": 1.2,
            "eps_latest_yearly": 1.6,
            "eps_growth_yearly": 60.48
        },
        "20051": {
            "year_quarter": 20051,
            "year": 2005,
            "quarter": 1,
            "eps": -0.23,
            "eps_growth_year": -157.5,
            "eps_4q": -3.9,
            "eps_4q_growth_year": -391.39,
            "roe": -0.91,
            "roe_4q": -14.22,
            "gross_profit": -139264,
            "gross_margin": -3.22,
            "gross_margin_4q_avg": 3.69,
            "net_income": -469843,
            "net_income_4q": null,
            "revenue": 4319832,
            "revenue_4q": null,
            "common_shares": 21612355,
            "book_valuer_per_share": 23.01,
            "book_valuer_per_share_4q_avg": 25.26,
            "equity": 49723259,
            "current_ratio": 171.08,
            "debt_ratio": 34.87,
            "inventory_turnover_ratio": 0.97,
            "account_receivable_turnover_ratio": null,
            "reinvestment_rate": null,
            "research_to_sale_ratio": null,
            "price_fair": 42,
            "eps_avg_yearly": 1.2,
            "eps_latest_yearly": 1.6,
            "eps_growth_yearly": 60.48
        },
        "20052": {
            "year_quarter": 20052,
            "year": 2005,
            "quarter": 2,
            "eps": -0.07,
            "eps_growth_year": null,
            "eps_4q": -3.31,
            "eps_4q_growth_year": -474.68,
            "roe": -0.27,
            "roe_4q": -13.6,
            "gross_profit": 526046,
            "gross_margin": 8.2,
            "gross_margin_4q_avg": 2.05,
            "net_income": -135899,
            "net_income_4q": null,
            "revenue": 6418858,
            "revenue_4q": null,
            "common_shares": 22875422,
            "book_valuer_per_share": 21.93,
            "book_valuer_per_share_4q_avg": 23.75,
            "equity": 50175096,
            "current_ratio": 104.2,
            "debt_ratio": 34.22,
            "inventory_turnover_ratio": 1.91,
            "account_receivable_turnover_ratio": null,
            "reinvestment_rate": null,
            "research_to_sale_ratio": null,
            "price_fair": 42,
            "eps_avg_yearly": 1.2,
            "eps_latest_yearly": 1.6,
            "eps_growth_yearly": 60.48
        },
        "20053": {
            "year_quarter": 20053,
            "year": 2005,
            "quarter": 3,
            "eps": 0.1,
            "eps_growth_year": null,
            "eps_4q": -3.36,
            "eps_4q_growth_year": -2159.24,
            "roe": 0.4,
            "roe_4q": -12.19,
            "gross_profit": 778909,
            "gross_margin": 11.18,
            "gross_margin_4q_avg": 1.35,
            "net_income": 202032,
            "net_income_4q": null,
            "revenue": 6965746,
            "revenue_4q": null,
            "common_shares": 22893629,
            "book_valuer_per_share": 22.2,
            "book_valuer_per_share_4q_avg": 22.61,
            "equity": 50825170,
            "current_ratio": 104.63,
            "debt_ratio": 35.17,
            "inventory_turnover_ratio": 1.9,
            "account_receivable_turnover_ratio": null,
            "reinvestment_rate": null,
            "research_to_sale_ratio": null,
            "price_fair": 42,
            "eps_avg_yearly": 1.2,
            "eps_latest_yearly": 1.6,
            "eps_growth_yearly": 60.48
        },
        "20054": {
            "year_quarter": 20054,
            "year": 2005,
            "quarter": 4,
            "eps": -0.93,
            "eps_growth_year": null,
            "eps_4q": -0.84,
            "eps_4q_growth_year": null,
            "roe": -3.71,
            "roe_4q": -4.49,
            "gross_profit": 237599,
            "gross_margin": 4.56,
            "gross_margin_4q_avg": 5.18,
            "net_income": -1947243,
            "net_income_4q": null,
            "revenue": 5209814,
            "revenue_4q": null,
            "common_shares": 22893629,
            "book_valuer_per_share": 21.22,
            "book_valuer_per_share_4q_avg": 22.09,
            "equity": 54023697,
            "current_ratio": 121.19,
            "debt_ratio": 41.87,
            "inventory_turnover_ratio": 0.9,
            "account_receivable_turnover_ratio": null,
            "reinvestment_rate": null,
            "research_to_sale_ratio": null,
            "price_fair": 42,
            "eps_avg_yearly": 1.2,
            "eps_latest_yearly": 1.6,
            "eps_growth_yearly": 60.48
        },
        "20061": {
            "year_quarter": 20061,
            "year": 2006,
            "quarter": 1,
            "eps": -0.35,
            "eps_growth_year": null,
            "eps_4q": -1.23,
            "eps_4q_growth_year": null,
            "roe": -1.47,
            "roe_4q": -5.049999999999999,
            "gross_profit": -25148,
            "gross_margin": -0.46,
            "gross_margin_4q_avg": 5.87,
            "net_income": -745788,
            "net_income_4q": null,
            "revenue": 5467127,
            "revenue_4q": null,
            "common_shares": 22893629,
            "book_valuer_per_share": 20.82,
            "book_valuer_per_share_4q_avg": 21.54,
            "equity": 47672353,
            "current_ratio": 115.73,
            "debt_ratio": 35.28,
            "inventory_turnover_ratio": 0.92,
            "account_receivable_turnover_ratio": null,
            "reinvestment_rate": null,
            "research_to_sale_ratio": null,
            "price_fair": 53.67,
            "eps_avg_yearly": 1.53,
            "eps_latest_yearly": 1.6,
            "eps_growth_yearly": 174.75
        },
        "20062": {
            "year_quarter": 20062,
            "year": 2006,
            "quarter": 2,
            "eps": -0.63,
            "eps_growth_year": null,
            "eps_4q": -1.68,
            "eps_4q_growth_year": null,
            "roe": -2.88,
            "roe_4q": -7.659999999999998,
            "gross_profit": 15262,
            "gross_margin": 0.25,
            "gross_margin_4q_avg": 3.88,
            "net_income": -1351621,
            "net_income_4q": null,
            "revenue": 6168709,
            "revenue_4q": null,
            "common_shares": 22893629,
            "book_valuer_per_share": 20.23,
            "book_valuer_per_share_4q_avg": 21.12,
            "equity": 46302772,
            "current_ratio": 96.89,
            "debt_ratio": 34.87,
            "inventory_turnover_ratio": 1.5,
            "account_receivable_turnover_ratio": null,
            "reinvestment_rate": null,
            "research_to_sale_ratio": null,
            "price_fair": 53.67,
            "eps_avg_yearly": 1.53,
            "eps_latest_yearly": 1.6,
            "eps_growth_yearly": 174.75
        },
        "20063": {
            "year_quarter": 20063,
            "year": 2006,
            "quarter": 3,
            "eps": -0.42,
            "eps_growth_year": -520,
            "eps_4q": -2.16,
            "eps_4q_growth_year": null,
            "roe": -1.95,
            "roe_4q": -10.01,
            "gross_profit": 90049,
            "gross_margin": 1.39,
            "gross_margin_4q_avg": 1.44,
            "net_income": -895467,
            "net_income_4q": null,
            "revenue": 6490810,
            "revenue_4q": null,
            "common_shares": 22893629,
            "book_valuer_per_share": 19.8,
            "book_valuer_per_share_4q_avg": 20.52,
            "equity": 45333125,
            "current_ratio": 100.06,
            "debt_ratio": 34,
            "inventory_turnover_ratio": 1.65,
            "account_receivable_turnover_ratio": null,
            "reinvestment_rate": null,
            "research_to_sale_ratio": null,
            "price_fair": 53.67,
            "eps_avg_yearly": 1.53,
            "eps_latest_yearly": 1.6,
            "eps_growth_yearly": 174.75
        },
        "20064": {
            "year_quarter": 20064,
            "year": 2006,
            "quarter": 4,
            "eps": -4.36,
            "eps_growth_year": null,
            "eps_4q": -4.88,
            "eps_4q_growth_year": null,
            "roe": -21.3,
            "roe_4q": -27.599999999999998,
            "gross_profit": 525682,
            "gross_margin": 8.08,
            "gross_margin_4q_avg": 2.32,
            "net_income": -9281894,
            "net_income_4q": null,
            "revenue": 6505957,
            "revenue_4q": null,
            "common_shares": 24472106,
            "book_valuer_per_share": 15.86,
            "book_valuer_per_share_4q_avg": 19.18,
            "equity": 41823035,
            "current_ratio": 98,
            "debt_ratio": 45.99,
            "inventory_turnover_ratio": 1.14,
            "account_receivable_turnover_ratio": null,
            "reinvestment_rate": null,
            "research_to_sale_ratio": null,
            "price_fair": 53.67,
            "eps_avg_yearly": 1.53,
            "eps_latest_yearly": 1.6,
            "eps_growth_yearly": 174.75
        },
        "20071": {
            "year_quarter": 20071,
            "year": 2007,
            "quarter": 1,
            "eps": 0.04,
            "eps_growth_year": null,
            "eps_4q": -4.5,
            "eps_4q_growth_year": null,
            "roe": 0.25,
            "roe_4q": -25.88,
            "gross_profit": 452843,
            "gross_margin": 8.4,
            "gross_margin_4q_avg": 4.53,
            "net_income": 101540,
            "net_income_4q": null,
            "revenue": 5390654,
            "revenue_4q": null,
            "common_shares": 24493122,
            "book_valuer_per_share": 15.96,
            "book_valuer_per_share_4q_avg": 17.96,
            "equity": 39096503,
            "current_ratio": 119.81,
            "debt_ratio": 35.47,
            "inventory_turnover_ratio": 1,
            "account_receivable_turnover_ratio": null,
            "reinvestment_rate": null,
            "research_to_sale_ratio": null,
            "price_fair": 53.67,
            "eps_avg_yearly": 1.53,
            "eps_latest_yearly": 1.6,
            "eps_growth_yearly": 174.75
        },
        "20072": {
            "year_quarter": 20072,
            "year": 2007,
            "quarter": 2,
            "eps": -0.02,
            "eps_growth_year": null,
            "eps_4q": -4.21,
            "eps_4q_growth_year": null,
            "roe": -0.13,
            "roe_4q": -23.13,
            "gross_profit": 598297,
            "gross_margin": 12.37,
            "gross_margin_4q_avg": 7.56,
            "net_income": -49726,
            "net_income_4q": null,
            "revenue": 4836305,
            "revenue_4q": null,
            "common_shares": 24041662,
            "book_valuer_per_share": 16.54,
            "book_valuer_per_share_4q_avg": 17.04,
            "equity": 39758512,
            "current_ratio": 115.38,
            "debt_ratio": 34.58,
            "inventory_turnover_ratio": 1.3,
            "account_receivable_turnover_ratio": null,
            "reinvestment_rate": null,
            "research_to_sale_ratio": null,
            "price_fair": 53.67,
            "eps_avg_yearly": 1.53,
            "eps_latest_yearly": 1.6,
            "eps_growth_yearly": 174.75
        },
        "20073": {
            "year_quarter": 20073,
            "year": 2007,
            "quarter": 3,
            "eps": 0.01,
            "eps_growth_year": null,
            "eps_4q": -3.77,
            "eps_4q_growth_year": null,
            "roe": 0.07,
            "roe_4q": -21.11,
            "gross_profit": 524187,
            "gross_margin": 10.93,
            "gross_margin_4q_avg": 9.95,
            "net_income": 26556,
            "net_income_4q": null,
            "revenue": 4794666,
            "revenue_4q": null,
            "common_shares": 24403478,
            "book_valuer_per_share": 16.31,
            "book_valuer_per_share_4q_avg": 16.17,
            "equity": 39794971,
            "current_ratio": 124.8,
            "debt_ratio": 33.13,
            "inventory_turnover_ratio": 1.2,
            "account_receivable_turnover_ratio": null,
            "reinvestment_rate": null,
            "research_to_sale_ratio": null,
            "price_fair": 4.26,
            "eps_avg_yearly": 1.42,
            "eps_latest_yearly": 1.6,
            "eps_growth_yearly": -1.03
        },
        "20074": {
            "year_quarter": 20074,
            "year": 2007,
            "quarter": 4,
            "eps": -0.02,
            "eps_growth_year": null,
            "eps_4q": 0,
            "eps_4q_growth_year": null,
            "roe": -0.13,
            "roe_4q": 0.06,
            "gross_profit": 464962,
            "gross_margin": 12.26,
            "gross_margin_4q_avg": 10.99,
            "net_income": -52195,
            "net_income_4q": null,
            "revenue": 3791284,
            "revenue_4q": null,
            "common_shares": 24466527,
            "book_valuer_per_share": 16.16,
            "book_valuer_per_share_4q_avg": 16.24,
            "equity": 42964686,
            "current_ratio": 127.93,
            "debt_ratio": 40.01,
            "inventory_turnover_ratio": 0.58,
            "account_receivable_turnover_ratio": null,
            "reinvestment_rate": null,
            "research_to_sale_ratio": null,
            "price_fair": 56,
            "eps_avg_yearly": 1.6,
            "eps_latest_yearly": 1.6,
            "eps_growth_yearly": 116.13
        },
        "20081": {
            "year_quarter": 20081,
            "year": 2008,
            "quarter": 1,
            "eps": -0.42,
            "eps_growth_year": -1150,
            "eps_4q": -0.43,
            "eps_4q_growth_year": null,
            "roe": -2.46,
            "roe_4q": -2.65,
            "gross_profit": 268557,
            "gross_margin": 5.7,
            "gross_margin_4q_avg": 10.32,
            "net_income": -1036473,
            "net_income_4q": null,
            "revenue": 4714148,
            "revenue_4q": null,
            "common_shares": 24466527,
            "book_valuer_per_share": 15.43,
            "book_valuer_per_share_4q_avg": 16.11,
            "equity": 41141990,
            "current_ratio": 128.33,
            "debt_ratio": 38.46,
            "inventory_turnover_ratio": 0.55,
            "account_receivable_turnover_ratio": null,
            "reinvestment_rate": null,
            "research_to_sale_ratio": null,
            "price_fair": 0,
            "eps_avg_yearly": 0,
            "eps_latest_yearly": 0,
            "eps_growth_yearly": 0
        },
        "20082": {
            "year_quarter": 20082,
            "year": 2008,
            "quarter": 2,
            "eps": -0.48,
            "eps_growth_year": null,
            "eps_4q": -0.89,
            "eps_4q_growth_year": null,
            "roe": -2.85,
            "roe_4q": -5.37,
            "gross_profit": -26818,
            "gross_margin": -0.58,
            "gross_margin_4q_avg": 7.08,
            "net_income": -1152169,
            "net_income_4q": null,
            "revenue": 4639331,
            "revenue_4q": null,
            "common_shares": 23866527,
            "book_valuer_per_share": 15.22,
            "book_valuer_per_share_4q_avg": 15.78,
            "equity": 39661289,
            "current_ratio": 131.05,
            "debt_ratio": 39.49,
            "inventory_turnover_ratio": 0.57,
            "account_receivable_turnover_ratio": null,
            "reinvestment_rate": null,
            "research_to_sale_ratio": null,
            "price_fair": 0,
            "eps_avg_yearly": 0,
            "eps_latest_yearly": 0,
            "eps_growth_yearly": 0
        },
        "20083": {
            "year_quarter": 20083,
            "year": 2008,
            "quarter": 3,
            "eps": -0.46,
            "eps_growth_year": -4700,
            "eps_4q": -1.35,
            "eps_4q_growth_year": null,
            "roe": -2.92,
            "roe_4q": -8.360000000000001,
            "gross_profit": -59939,
            "gross_margin": -1.07,
            "gross_margin_4q_avg": 4.08,
            "net_income": -1147672,
            "net_income_4q": null,
            "revenue": 5612329,
            "revenue_4q": null,
            "common_shares": 23866527,
            "book_valuer_per_share": 14.96,
            "book_valuer_per_share_4q_avg": 15.44,
            "equity": 38847164,
            "current_ratio": 120.99,
            "debt_ratio": 39.48,
            "inventory_turnover_ratio": 0.73,
            "account_receivable_turnover_ratio": null,
            "reinvestment_rate": null,
            "research_to_sale_ratio": null,
            "price_fair": 0,
            "eps_avg_yearly": 0,
            "eps_latest_yearly": 0,
            "eps_growth_yearly": 0
        },
        "20084": {
            "year_quarter": 20084,
            "year": 2008,
            "quarter": 4,
            "eps": -1.31,
            "eps_growth_year": null,
            "eps_4q": -2.47,
            "eps_4q_growth_year": -104428.69,
            "roe": -9.17,
            "roe_4q": -17.4,
            "gross_profit": -1174852,
            "gross_margin": -25.15,
            "gross_margin_4q_avg": -5.28,
            "net_income": -3387478,
            "net_income_4q": null,
            "revenue": 4672223,
            "revenue_4q": null,
            "common_shares": 23866527,
            "book_valuer_per_share": 13.58,
            "book_valuer_per_share_4q_avg": 14.8,
            "equity": 35049202,
            "current_ratio": 122.44,
            "debt_ratio": 41.01,
            "inventory_turnover_ratio": 0.84,
            "account_receivable_turnover_ratio": 2.52,
            "reinvestment_rate": null,
            "research_to_sale_ratio": null,
            "price_fair": 0,
            "eps_avg_yearly": 0,
            "eps_latest_yearly": 0,
            "eps_growth_yearly": 0
        },
        "20091": {
            "year_quarter": 20091,
            "year": 2009,
            "quarter": 1,
            "eps": -0.32,
            "eps_growth_year": null,
            "eps_4q": -2.5,
            "eps_4q_growth_year": null,
            "roe": -2.25,
            "roe_4q": -17.19,
            "gross_profit": 169079,
            "gross_margin": 4.38,
            "gross_margin_4q_avg": -5.61,
            "net_income": -786681,
            "net_income_4q": null,
            "revenue": 3858072,
            "revenue_4q": null,
            "common_shares": 23866527,
            "book_valuer_per_share": 13.45,
            "book_valuer_per_share_4q_avg": 14.3,
            "equity": 34730532,
            "current_ratio": 136.81,
            "debt_ratio": 40.15,
            "inventory_turnover_ratio": 0.58,
            "account_receivable_turnover_ratio": 1.17,
            "reinvestment_rate": null,
            "research_to_sale_ratio": null,
            "price_fair": 0,
            "eps_avg_yearly": 0,
            "eps_latest_yearly": 0,
            "eps_growth_yearly": 0
        },
        "20092": {
            "year_quarter": 20092,
            "year": 2009,
            "quarter": 2,
            "eps": -0.5,
            "eps_growth_year": null,
            "eps_4q": -2.51,
            "eps_4q_growth_year": null,
            "roe": -3.48,
            "roe_4q": -17.82,
            "gross_profit": 8230,
            "gross_margin": 0.16,
            "gross_margin_4q_avg": -5.42,
            "net_income": -1184501,
            "net_income_4q": null,
            "revenue": 5152643,
            "revenue_4q": null,
            "common_shares": 23866527,
            "book_valuer_per_share": 12.83,
            "book_valuer_per_share_4q_avg": 13.71,
            "equity": 33392550,
            "current_ratio": 122.32,
            "debt_ratio": 40.65,
            "inventory_turnover_ratio": 0.88,
            "account_receivable_turnover_ratio": 1.67,
            "reinvestment_rate": null,
            "research_to_sale_ratio": null,
            "price_fair": 0,
            "eps_avg_yearly": 0,
            "eps_latest_yearly": 0,
            "eps_growth_yearly": 0
        },
        "20093": {
            "year_quarter": 20093,
            "year": 2009,
            "quarter": 3,
            "eps": -0.34,
            "eps_growth_year": null,
            "eps_4q": -2.41,
            "eps_4q_growth_year": null,
            "roe": -2.37,
            "roe_4q": -17.27,
            "gross_profit": 448963,
            "gross_margin": 9.63,
            "gross_margin_4q_avg": -2.75,
            "net_income": -780108,
            "net_income_4q": null,
            "revenue": 4661064,
            "revenue_4q": null,
            "common_shares": 23644989,
            "book_valuer_per_share": 12.59,
            "book_valuer_per_share_4q_avg": 13.11,
            "equity": 32560247,
            "current_ratio": 124.78,
            "debt_ratio": 40.6,
            "inventory_turnover_ratio": 0.78,
            "account_receivable_turnover_ratio": 1.43,
            "reinvestment_rate": null,
            "research_to_sale_ratio": null,
            "price_fair": 0,
            "eps_avg_yearly": 0,
            "eps_latest_yearly": 0,
            "eps_growth_yearly": 0
        },
        "20094": {
            "year_quarter": 20094,
            "year": 2009,
            "quarter": 4,
            "eps": -0.4,
            "eps_growth_year": null,
            "eps_4q": -1.4,
            "eps_4q_growth_year": null,
            "roe": -2.74,
            "roe_4q": -10.84,
            "gross_profit": 294611,
            "gross_margin": 4.35,
            "gross_margin_4q_avg": 4.63,
            "net_income": -911766,
            "net_income_4q": null,
            "revenue": 6777656,
            "revenue_4q": null,
            "common_shares": 26144989,
            "book_valuer_per_share": 12.17,
            "book_valuer_per_share_4q_avg": 12.76,
            "equity": 33992070,
            "current_ratio": 129.67,
            "debt_ratio": 39.25,
            "inventory_turnover_ratio": 1.25,
            "account_receivable_turnover_ratio": 3.2,
            "reinvestment_rate": null,
            "research_to_sale_ratio": null,
            "price_fair": 0,
            "eps_avg_yearly": 0,
            "eps_latest_yearly": 0,
            "eps_growth_yearly": 0
        },
        "20101": {
            "year_quarter": 20101,
            "year": 2010,
            "quarter": 1,
            "eps": 0.01,
            "eps_growth_year": null,
            "eps_4q": -1.09,
            "eps_4q_growth_year": null,
            "roe": 0.09,
            "roe_4q": -8.5,
            "gross_profit": 550232,
            "gross_margin": 11.56,
            "gross_margin_4q_avg": 6.43,
            "net_income": 30643,
            "net_income_4q": null,
            "revenue": 4758252,
            "revenue_4q": null,
            "common_shares": 26472494,
            "book_valuer_per_share": 11.99,
            "book_valuer_per_share_4q_avg": 12.4,
            "equity": 34224357,
            "current_ratio": 128,
            "debt_ratio": 37.65,
            "inventory_turnover_ratio": 0.82,
            "account_receivable_turnover_ratio": 1.12,
            "reinvestment_rate": null,
            "research_to_sale_ratio": 1.17,
            "price_fair": 0,
            "eps_avg_yearly": 0,
            "eps_latest_yearly": 0,
            "eps_growth_yearly": 0
        },
        "20102": {
            "year_quarter": 20102,
            "year": 2010,
            "quarter": 2,
            "eps": -0.11,
            "eps_growth_year": null,
            "eps_4q": -0.75,
            "eps_4q_growth_year": null,
            "roe": -0.8,
            "roe_4q": -5.82,
            "gross_profit": 480442,
            "gross_margin": 9.39,
            "gross_margin_4q_avg": 8.73,
            "net_income": -277856,
            "net_income_4q": null,
            "revenue": 5118837,
            "revenue_4q": null,
            "common_shares": 26472494,
            "book_valuer_per_share": 11.85,
            "book_valuer_per_share_4q_avg": 12.15,
            "equity": 34878219,
            "current_ratio": 123.87,
            "debt_ratio": 37.12,
            "inventory_turnover_ratio": 0.85,
            "account_receivable_turnover_ratio": 1.09,
            "reinvestment_rate": null,
            "research_to_sale_ratio": 0.45,
            "price_fair": 0,
            "eps_avg_yearly": 0,
            "eps_latest_yearly": 0,
            "eps_growth_yearly": 0
        },
        "20103": {
            "year_quarter": 20103,
            "year": 2010,
            "quarter": 3,
            "eps": -0.06,
            "eps_growth_year": null,
            "eps_4q": -0.51,
            "eps_4q_growth_year": null,
            "roe": -0.79,
            "roe_4q": -4.24,
            "gross_profit": 570167,
            "gross_margin": 12.7,
            "gross_margin_4q_avg": 9.5,
            "net_income": -273474,
            "net_income_4q": null,
            "revenue": 4489797,
            "revenue_4q": null,
            "common_shares": 26472494,
            "book_valuer_per_share": 11.76,
            "book_valuer_per_share_4q_avg": 11.94,
            "equity": 34630106,
            "current_ratio": 139.48,
            "debt_ratio": 37.49,
            "inventory_turnover_ratio": 0.67,
            "account_receivable_turnover_ratio": 1.09,
            "reinvestment_rate": null,
            "research_to_sale_ratio": 3.59,
            "price_fair": 0,
            "eps_avg_yearly": 0,
            "eps_latest_yearly": 0,
            "eps_growth_yearly": 0
        },
        "20104": {
            "year_quarter": 20104,
            "year": 2010,
            "quarter": 4,
            "eps": -0.35,
            "eps_growth_year": null,
            "eps_4q": -0.51,
            "eps_4q_growth_year": null,
            "roe": -2.03,
            "roe_4q": -3.5300000000000002,
            "gross_profit": 21232,
            "gross_margin": 0.41,
            "gross_margin_4q_avg": 8.52,
            "net_income": -689122,
            "net_income_4q": null,
            "revenue": 5190716,
            "revenue_4q": null,
            "common_shares": 26472494,
            "book_valuer_per_share": 11.18,
            "book_valuer_per_share_4q_avg": 11.7,
            "equity": 33111686,
            "current_ratio": 114.38,
            "debt_ratio": 39.24,
            "inventory_turnover_ratio": 0.85,
            "account_receivable_turnover_ratio": 1.41,
            "reinvestment_rate": null,
            "research_to_sale_ratio": -1.88,
            "price_fair": 0,
            "eps_avg_yearly": 0,
            "eps_latest_yearly": 0,
            "eps_growth_yearly": 0
        },
        "20111": {
            "year_quarter": 20111,
            "year": 2011,
            "quarter": 1,
            "eps": -0.18,
            "eps_growth_year": -1900,
            "eps_4q": -0.7,
            "eps_4q_growth_year": null,
            "roe": -1.34,
            "roe_4q": -4.96,
            "gross_profit": 377918,
            "gross_margin": 9.25,
            "gross_margin_4q_avg": 7.94,
            "net_income": -439884,
            "net_income_4q": null,
            "revenue": 4083728,
            "revenue_4q": null,
            "common_shares": 26472494,
            "book_valuer_per_share": 10.87,
            "book_valuer_per_share_4q_avg": 11.42,
            "equity": 32372456,
            "current_ratio": 117.25,
            "debt_ratio": 39.02,
            "inventory_turnover_ratio": 0.6,
            "account_receivable_turnover_ratio": 0.96,
            "reinvestment_rate": null,
            "research_to_sale_ratio": 3.13,
            "price_fair": 0,
            "eps_avg_yearly": 0,
            "eps_latest_yearly": 0,
            "eps_growth_yearly": 0
        },
        "20112": {
            "year_quarter": 20112,
            "year": 2011,
            "quarter": 2,
            "eps": -0.4,
            "eps_growth_year": null,
            "eps_4q": -0.99,
            "eps_4q_growth_year": null,
            "roe": -3.31,
            "roe_4q": -7.47,
            "gross_profit": 25887,
            "gross_margin": 0.47,
            "gross_margin_4q_avg": 5.71,
            "net_income": -1059293,
            "net_income_4q": null,
            "revenue": 5465421,
            "revenue_4q": null,
            "common_shares": 26472494,
            "book_valuer_per_share": 10.47,
            "book_valuer_per_share_4q_avg": 11.07,
            "equity": 31719725,
            "current_ratio": 112.14,
            "debt_ratio": 39.72,
            "inventory_turnover_ratio": 0.98,
            "account_receivable_turnover_ratio": 1.26,
            "reinvestment_rate": null,
            "research_to_sale_ratio": 2.04,
            "price_fair": 0,
            "eps_avg_yearly": 0,
            "eps_latest_yearly": 0,
            "eps_growth_yearly": 0
        },
        "20113": {
            "year_quarter": 20113,
            "year": 2011,
            "quarter": 3,
            "eps": -0.05,
            "eps_growth_year": null,
            "eps_4q": -0.98,
            "eps_4q_growth_year": null,
            "roe": -0.59,
            "roe_4q": -7.27,
            "gross_profit": 583515,
            "gross_margin": 8.08,
            "gross_margin_4q_avg": 4.55,
            "net_income": -188343,
            "net_income_4q": null,
            "revenue": 7222275,
            "revenue_4q": null,
            "common_shares": 26472494,
            "book_valuer_per_share": 10.49,
            "book_valuer_per_share_4q_avg": 10.75,
            "equity": 32481572,
            "current_ratio": 138.19,
            "debt_ratio": 39.01,
            "inventory_turnover_ratio": 1.36,
            "account_receivable_turnover_ratio": 1.56,
            "reinvestment_rate": null,
            "research_to_sale_ratio": 2.34,
            "price_fair": 0,
            "eps_avg_yearly": 0,
            "eps_latest_yearly": 0,
            "eps_growth_yearly": 0
        },
        "20114": {
            "year_quarter": 20114,
            "year": 2011,
            "quarter": 4,
            "eps": -0.24,
            "eps_growth_year": null,
            "eps_4q": -0.87,
            "eps_4q_growth_year": null,
            "roe": -1.85,
            "roe_4q": -7.09,
            "gross_profit": 175139,
            "gross_margin": 3.76,
            "gross_margin_4q_avg": 5.39,
            "net_income": -595208,
            "net_income_4q": null,
            "revenue": 4653083,
            "revenue_4q": null,
            "common_shares": 26472494,
            "book_valuer_per_share": 10.28,
            "book_valuer_per_share_4q_avg": 10.53,
            "equity": 31885693,
            "current_ratio": 127.53,
            "debt_ratio": 38.82,
            "inventory_turnover_ratio": 0.9,
            "account_receivable_turnover_ratio": 1.03,
            "reinvestment_rate": null,
            "research_to_sale_ratio": -3.9,
            "price_fair": 0,
            "eps_avg_yearly": 0,
            "eps_latest_yearly": 0,
            "eps_growth_yearly": 0
        },
        "20121": {
            "year_quarter": 20121,
            "year": 2012,
            "quarter": 1,
            "eps": -0.19,
            "eps_growth_year": null,
            "eps_4q": -0.87,
            "eps_4q_growth_year": null,
            "roe": -1.74,
            "roe_4q": -7.49,
            "gross_profit": 247887,
            "gross_margin": 5.71,
            "gross_margin_4q_avg": 4.51,
            "net_income": -548973,
            "net_income_4q": null,
            "revenue": 4340473,
            "revenue_4q": null,
            "common_shares": 26472494,
            "book_valuer_per_share": 10.07,
            "book_valuer_per_share_4q_avg": 10.33,
            "equity": 31346493,
            "current_ratio": 128.22,
            "debt_ratio": 37.55,
            "inventory_turnover_ratio": 0.79,
            "account_receivable_turnover_ratio": 1.16,
            "reinvestment_rate": null,
            "research_to_sale_ratio": 2.98,
            "price_fair": 0,
            "eps_avg_yearly": 0,
            "eps_latest_yearly": 0,
            "eps_growth_yearly": 0
        },
        "20122": {
            "year_quarter": 20122,
            "year": 2012,
            "quarter": 2,
            "eps": -0.12,
            "eps_growth_year": null,
            "eps_4q": -0.6,
            "eps_4q_growth_year": null,
            "roe": -1.23,
            "roe_4q": -5.41,
            "gross_profit": 417122,
            "gross_margin": 8.39,
            "gross_margin_4q_avg": 6.49,
            "net_income": -381792,
            "net_income_4q": null,
            "revenue": 4972544,
            "revenue_4q": null,
            "common_shares": 26472494,
            "book_valuer_per_share": 9.97,
            "book_valuer_per_share_4q_avg": 10.2,
            "equity": 30953429,
            "current_ratio": 127.05,
            "debt_ratio": 36.73,
            "inventory_turnover_ratio": 0.89,
            "account_receivable_turnover_ratio": 1.47,
            "reinvestment_rate": null,
            "research_to_sale_ratio": 2.14,
            "price_fair": 0,
            "eps_avg_yearly": 0,
            "eps_latest_yearly": 0,
            "eps_growth_yearly": 0
        },
        "20123": {
            "year_quarter": 20123,
            "year": 2012,
            "quarter": 3,
            "eps": -0.14,
            "eps_growth_year": null,
            "eps_4q": -0.68,
            "eps_4q_growth_year": null,
            "roe": -1.26,
            "roe_4q": -6.08,
            "gross_profit": 388780,
            "gross_margin": 9.2,
            "gross_margin_4q_avg": 6.77,
            "net_income": -386805,
            "net_income_4q": null,
            "revenue": 4227054,
            "revenue_4q": null,
            "common_shares": 26472494,
            "book_valuer_per_share": 9.78,
            "book_valuer_per_share_4q_avg": 10.03,
            "equity": 30427814,
            "current_ratio": 133.44,
            "debt_ratio": 36.01,
            "inventory_turnover_ratio": 0.73,
            "account_receivable_turnover_ratio": 1.27,
            "reinvestment_rate": null,
            "research_to_sale_ratio": 4.38,
            "price_fair": 0,
            "eps_avg_yearly": 0,
            "eps_latest_yearly": 0,
            "eps_growth_yearly": 0
        },
        "20124": {
            "year_quarter": 20124,
            "year": 2012,
            "quarter": 4,
            "eps": -0.42,
            "eps_growth_year": null,
            "eps_4q": -0.87,
            "eps_4q_growth_year": null,
            "roe": -3.44,
            "roe_4q": -7.67,
            "gross_profit": 204093,
            "gross_margin": 5.34,
            "gross_margin_4q_avg": 7.16,
            "net_income": -1028785,
            "net_income_4q": null,
            "revenue": 3818708,
            "revenue_4q": null,
            "common_shares": 26472494,
            "book_valuer_per_share": 9.36,
            "book_valuer_per_share_4q_avg": 9.8,
            "equity": 29380333,
            "current_ratio": 141.32,
            "debt_ratio": 36.06,
            "inventory_turnover_ratio": 0.67,
            "account_receivable_turnover_ratio": 1.32,
            "reinvestment_rate": null,
            "research_to_sale_ratio": -7.27,
            "price_fair": 0,
            "eps_avg_yearly": 0,
            "eps_latest_yearly": 0,
            "eps_growth_yearly": 0
        },
        "20131": {
            "year_quarter": 20131,
            "year": 2013,
            "quarter": 1,
            "eps": -0.26,
            "eps_growth_year": null,
            "eps_4q": -0.95,
            "eps_4q_growth_year": null,
            "roe": -2.36,
            "roe_4q": -8.29,
            "gross_profit": -63428,
            "gross_margin": -1.73,
            "gross_margin_4q_avg": 5.3,
            "net_income": -680469,
            "net_income_4q": null,
            "revenue": 3656859,
            "revenue_4q": null,
            "common_shares": 26472494,
            "book_valuer_per_share": 8.9,
            "book_valuer_per_share_4q_avg": 9.5,
            "equity": 28258550,
            "current_ratio": 134.14,
            "debt_ratio": 35.03,
            "inventory_turnover_ratio": 0.72,
            "account_receivable_turnover_ratio": 1.47,
            "reinvestment_rate": null,
            "research_to_sale_ratio": 3.16,
            "price_fair": 0,
            "eps_avg_yearly": 0,
            "eps_latest_yearly": 0,
            "eps_growth_yearly": 0
        },
        "20132": {
            "year_quarter": 20132,
            "year": 2013,
            "quarter": 2,
            "eps": -0.24,
            "eps_growth_year": null,
            "eps_4q": -1.07,
            "eps_4q_growth_year": null,
            "roe": -2.45,
            "roe_4q": -9.51,
            "gross_profit": -129378,
            "gross_margin": -3.35,
            "gross_margin_4q_avg": 2.37,
            "net_income": -684142,
            "net_income_4q": null,
            "revenue": 3861546,
            "revenue_4q": null,
            "common_shares": 26154274,
            "book_valuer_per_share": 8.68,
            "book_valuer_per_share_4q_avg": 9.18,
            "equity": 27591309,
            "current_ratio": 128.02,
            "debt_ratio": 35.14,
            "inventory_turnover_ratio": 0.81,
            "account_receivable_turnover_ratio": 1.53,
            "reinvestment_rate": null,
            "research_to_sale_ratio": 2.75,
            "price_fair": 0,
            "eps_avg_yearly": 0,
            "eps_latest_yearly": 0,
            "eps_growth_yearly": 0
        },
        "20133": {
            "year_quarter": 20133,
            "year": 2013,
            "quarter": 3,
            "eps": -0.22,
            "eps_growth_year": null,
            "eps_4q": -1.16,
            "eps_4q_growth_year": null,
            "roe": -2.43,
            "roe_4q": -10.68,
            "gross_profit": -90495,
            "gross_margin": -2.51,
            "gross_margin_4q_avg": -0.56,
            "net_income": -660991,
            "net_income_4q": null,
            "revenue": 3598590,
            "revenue_4q": null,
            "common_shares": 26154274,
            "book_valuer_per_share": 8.4,
            "book_valuer_per_share_4q_avg": 8.84,
            "equity": 26766083,
            "current_ratio": 126.49,
            "debt_ratio": 34.47,
            "inventory_turnover_ratio": 0.79,
            "account_receivable_turnover_ratio": 1.35,
            "reinvestment_rate": null,
            "research_to_sale_ratio": 3.55,
            "price_fair": 0,
            "eps_avg_yearly": 0,
            "eps_latest_yearly": 0,
            "eps_growth_yearly": 0
        },
        "20134": {
            "year_quarter": 20134,
            "year": 2013,
            "quarter": 4,
            "eps": -0.48,
            "eps_growth_year": null,
            "eps_4q": -1.22,
            "eps_4q_growth_year": null,
            "roe": -5.49,
            "roe_4q": -12.73,
            "gross_profit": -319102,
            "gross_margin": -8.77,
            "gross_margin_4q_avg": -4.09,
            "net_income": -1451006,
            "net_income_4q": null,
            "revenue": 3636593,
            "revenue_4q": null,
            "common_shares": 26154274,
            "book_valuer_per_share": 8.07,
            "book_valuer_per_share_4q_avg": 8.51,
            "equity": 26093574,
            "current_ratio": 130.7,
            "debt_ratio": 34.92,
            "inventory_turnover_ratio": 0.92,
            "account_receivable_turnover_ratio": 1.46,
            "reinvestment_rate": null,
            "research_to_sale_ratio": -0.65,
            "price_fair": 0,
            "eps_avg_yearly": 0,
            "eps_latest_yearly": 0,
            "eps_growth_yearly": 0
        },
        "20141": {
            "year_quarter": 20141,
            "year": 2014,
            "quarter": 1,
            "eps": -0.33,
            "eps_growth_year": null,
            "eps_4q": -1.28,
            "eps_4q_growth_year": null,
            "roe": -3.66,
            "roe_4q": -14.030000000000001,
            "gross_profit": -420188,
            "gross_margin": -13.42,
            "gross_margin_4q_avg": -7.01,
            "net_income": -942596,
            "net_income_4q": null,
            "revenue": 3130197,
            "revenue_4q": null,
            "common_shares": 26154274,
            "book_valuer_per_share": 7.79,
            "book_valuer_per_share_4q_avg": 8.24,
            "equity": 25358913,
            "current_ratio": 142.19,
            "debt_ratio": 34.93,
            "inventory_turnover_ratio": 0.91,
            "account_receivable_turnover_ratio": 1.35,
            "reinvestment_rate": null,
            "research_to_sale_ratio": 3.52,
            "price_fair": 0,
            "eps_avg_yearly": 0,
            "eps_latest_yearly": 0,
            "eps_growth_yearly": 0
        },
        "20142": {
            "year_quarter": 20142,
            "year": 2014,
            "quarter": 2,
            "eps": -0.37,
            "eps_growth_year": null,
            "eps_4q": -1.41,
            "eps_4q_growth_year": null,
            "roe": -4.13,
            "roe_4q": -15.71,
            "gross_profit": -283095,
            "gross_margin": -10.13,
            "gross_margin_4q_avg": -8.71,
            "net_income": -1019335,
            "net_income_4q": null,
            "revenue": 2794119,
            "revenue_4q": null,
            "common_shares": 26154274,
            "book_valuer_per_share": 7.33,
            "book_valuer_per_share_4q_avg": 7.9,
            "equity": 23968681,
            "current_ratio": 138.25,
            "debt_ratio": 35.62,
            "inventory_turnover_ratio": 0.84,
            "account_receivable_turnover_ratio": 1.37,
            "reinvestment_rate": null,
            "research_to_sale_ratio": 3.76,
            "price_fair": 0,
            "eps_avg_yearly": 0,
            "eps_latest_yearly": 0,
            "eps_growth_yearly": 0
        },
        "20143": {
            "year_quarter": 20143,
            "year": 2014,
            "quarter": 3,
            "eps": -0.24,
            "eps_growth_year": null,
            "eps_4q": -1.42,
            "eps_4q_growth_year": null,
            "roe": -2.8,
            "roe_4q": -16.08,
            "gross_profit": -183135,
            "gross_margin": -6.23,
            "gross_margin_4q_avg": -9.64,
            "net_income": -663963,
            "net_income_4q": null,
            "revenue": 2937712,
            "revenue_4q": null,
            "common_shares": 26154274,
            "book_valuer_per_share": 7.14,
            "book_valuer_per_share_4q_avg": 7.58,
            "equity": 23383441,
            "current_ratio": 142.25,
            "debt_ratio": 36.54,
            "inventory_turnover_ratio": 0.82,
            "account_receivable_turnover_ratio": 1.5,
            "reinvestment_rate": null,
            "research_to_sale_ratio": 2.51,
            "price_fair": 0,
            "eps_avg_yearly": 0,
            "eps_latest_yearly": 0,
            "eps_growth_yearly": 0
        },
        "20144": {
            "year_quarter": 20144,
            "year": 2014,
            "quarter": 4,
            "eps": -0.35,
            "eps_growth_year": null,
            "eps_4q": -1.29,
            "eps_4q_growth_year": null,
            "roe": -4.85,
            "roe_4q": -15.44,
            "gross_profit": -217080,
            "gross_margin": -6.22,
            "gross_margin_4q_avg": -9,
            "net_income": -1111492,
            "net_income_4q": null,
            "revenue": 3491970,
            "revenue_4q": null,
            "common_shares": 26129274,
            "book_valuer_per_share": 6.86,
            "book_valuer_per_share_4q_avg": 7.28,
            "equity": 22453532,
            "current_ratio": 110.88,
            "debt_ratio": 37.28,
            "inventory_turnover_ratio": 0.96,
            "account_receivable_turnover_ratio": 1.54,
            "reinvestment_rate": null,
            "research_to_sale_ratio": 2.63,
            "price_fair": 0,
            "eps_avg_yearly": 0,
            "eps_latest_yearly": 0,
            "eps_growth_yearly": 0
        },
        "20151": {
            "year_quarter": 20151,
            "year": 2015,
            "quarter": 1,
            "eps": -0.28,
            "eps_growth_year": null,
            "eps_4q": -1.24,
            "eps_4q_growth_year": null,
            "roe": -3.4,
            "roe_4q": -15.18,
            "gross_profit": -80528,
            "gross_margin": -2.76,
            "gross_margin_4q_avg": -6.34,
            "net_income": -751010,
            "net_income_4q": null,
            "revenue": 2920124,
            "revenue_4q": null,
            "common_shares": 26129274,
            "book_valuer_per_share": 6.56,
            "book_valuer_per_share_4q_avg": 6.97,
            "equity": 21677499,
            "current_ratio": 113.97,
            "debt_ratio": 37.68,
            "inventory_turnover_ratio": 0.83,
            "account_receivable_turnover_ratio": 1.19,
            "reinvestment_rate": null,
            "research_to_sale_ratio": 3.04,
            "price_fair": 0,
            "eps_avg_yearly": 0,
            "eps_latest_yearly": 0,
            "eps_growth_yearly": 0
        },
        "20152": {
            "year_quarter": 20152,
            "year": 2015,
            "quarter": 2,
            "eps": 0.01,
            "eps_growth_year": null,
            "eps_4q": -0.86,
            "eps_4q_growth_year": null,
            "roe": 0.13,
            "roe_4q": -10.919999999999998,
            "gross_profit": 10434,
            "gross_margin": 0.4,
            "gross_margin_4q_avg": -3.7,
            "net_income": 28944,
            "net_income_4q": null,
            "revenue": 2612582,
            "revenue_4q": null,
            "common_shares": 26129274,
            "book_valuer_per_share": 6.56,
            "book_valuer_per_share_4q_avg": 6.78,
            "equity": 21611173,
            "current_ratio": 126.97,
            "debt_ratio": 35.43,
            "inventory_turnover_ratio": 0.76,
            "account_receivable_turnover_ratio": 1.15,
            "reinvestment_rate": null,
            "research_to_sale_ratio": 3.86,
            "price_fair": 0,
            "eps_avg_yearly": 0,
            "eps_latest_yearly": 0,
            "eps_growth_yearly": 0
        },
        "20153": {
            "year_quarter": 20153,
            "year": 2015,
            "quarter": 3,
            "eps": -0.22,
            "eps_growth_year": null,
            "eps_4q": -0.85,
            "eps_4q_growth_year": null,
            "roe": -2.69,
            "roe_4q": -10.809999999999999,
            "gross_profit": -41472,
            "gross_margin": -1.56,
            "gross_margin_4q_avg": -2.54,
            "net_income": -576821,
            "net_income_4q": null,
            "revenue": 2662883,
            "revenue_4q": null,
            "common_shares": 26129274,
            "book_valuer_per_share": 6.46,
            "book_valuer_per_share_4q_avg": 6.61,
            "equity": 21285113,
            "current_ratio": 128.06,
            "debt_ratio": 35.19,
            "inventory_turnover_ratio": 0.8,
            "account_receivable_turnover_ratio": 1.22,
            "reinvestment_rate": null,
            "research_to_sale_ratio": 3.53,
            "price_fair": 0,
            "eps_avg_yearly": 0,
            "eps_latest_yearly": 0,
            "eps_growth_yearly": 0
        },
        "20154": {
            "year_quarter": 20154,
            "year": 2015,
            "quarter": 4,
            "eps": -0.35,
            "eps_growth_year": null,
            "eps_4q": -0.84,
            "eps_4q_growth_year": null,
            "roe": -4.6,
            "roe_4q": -10.559999999999999,
            "gross_profit": 36206,
            "gross_margin": 1.26,
            "gross_margin_4q_avg": -0.67,
            "net_income": -953911,
            "net_income_4q": null,
            "revenue": 2884556,
            "revenue_4q": null,
            "common_shares": 26129274,
            "book_valuer_per_share": 6.08,
            "book_valuer_per_share_4q_avg": 6.42,
            "equity": 20165546,
            "current_ratio": 162.37,
            "debt_ratio": 34.68,
            "inventory_turnover_ratio": 0.91,
            "account_receivable_turnover_ratio": 1.32,
            "reinvestment_rate": null,
            "research_to_sale_ratio": 2.81,
            "price_fair": 0,
            "eps_avg_yearly": 0,
            "eps_latest_yearly": 0,
            "eps_growth_yearly": 0
        },
        "20161": {
            "year_quarter": 20161,
            "year": 2016,
            "quarter": 1,
            "eps": -0.19,
            "eps_growth_year": null,
            "eps_4q": -0.75,
            "eps_4q_growth_year": null,
            "roe": -2.51,
            "roe_4q": -9.669999999999998,
            "gross_profit": 90236,
            "gross_margin": 3.29,
            "gross_margin_4q_avg": 0.85,
            "net_income": -499571,
            "net_income_4q": null,
            "revenue": 2739580,
            "revenue_4q": null,
            "common_shares": 26129274,
            "book_valuer_per_share": 5.86,
            "book_valuer_per_share_4q_avg": 6.24,
            "equity": 19576755,
            "current_ratio": 159.61,
            "debt_ratio": 34.01,
            "inventory_turnover_ratio": 1,
            "account_receivable_turnover_ratio": 1.39,
            "reinvestment_rate": null,
            "research_to_sale_ratio": 3.31,
            "price_fair": 0,
            "eps_avg_yearly": 0,
            "eps_latest_yearly": 0,
            "eps_growth_yearly": 0
        },
        "20162": {
            "year_quarter": 20162,
            "year": 2016,
            "quarter": 2,
            "eps": -0.24,
            "eps_growth_year": -2500,
            "eps_4q": -0.92,
            "eps_4q_growth_year": null,
            "roe": -2.16,
            "roe_4q": -11.959999999999999,
            "gross_profit": 141354,
            "gross_margin": 5.09,
            "gross_margin_4q_avg": 2.02,
            "net_income": -415624,
            "net_income_4q": null,
            "revenue": 2779614,
            "revenue_4q": null,
            "common_shares": 26129274,
            "book_valuer_per_share": 5.63,
            "book_valuer_per_share_4q_avg": 6.01,
            "equity": 18862165,
            "current_ratio": 153.83,
            "debt_ratio": 34.78,
            "inventory_turnover_ratio": 1.14,
            "account_receivable_turnover_ratio": 1.43,
            "reinvestment_rate": null,
            "research_to_sale_ratio": 3.31,
            "price_fair": 0,
            "eps_avg_yearly": 0,
            "eps_latest_yearly": 0,
            "eps_growth_yearly": 0
        },
        "20163": {
            "year_quarter": 20163,
            "year": 2016,
            "quarter": 3,
            "eps": -0.23,
            "eps_growth_year": null,
            "eps_4q": -1.25,
            "eps_4q_growth_year": null,
            "roe": -2.01,
            "roe_4q": -11.28,
            "gross_profit": 229676,
            "gross_margin": 9.21,
            "gross_margin_4q_avg": 4.71,
            "net_income": -377368,
            "net_income_4q": null,
            "revenue": 2493071,
            "revenue_4q": null,
            "common_shares": 17667921,
            "book_valuer_per_share": 8.1,
            "book_valuer_per_share_4q_avg": 6.42,
            "equity": 18649034,
            "current_ratio": 164.98,
            "debt_ratio": 34.75,
            "inventory_turnover_ratio": 0.99,
            "account_receivable_turnover_ratio": 1.25,
            "reinvestment_rate": null,
            "research_to_sale_ratio": 3.65,
            "price_fair": 0,
            "eps_avg_yearly": 0,
            "eps_latest_yearly": 0,
            "eps_growth_yearly": 0
        },
        "20164": {
            "year_quarter": 20164,
            "year": 2016,
            "quarter": 4,
            "eps": -0.55,
            "eps_growth_year": null,
            "eps_4q": -1.28,
            "eps_4q_growth_year": null,
            "roe": -7.39,
            "roe_4q": -14.069999999999999,
            "gross_profit": 23830,
            "gross_margin": 0.96,
            "gross_margin_4q_avg": 4.64,
            "net_income": -1329650,
            "net_income_4q": null,
            "revenue": 2471732,
            "revenue_4q": null,
            "common_shares": 17667921,
            "book_valuer_per_share": 7.54,
            "book_valuer_per_share_4q_avg": 6.78,
            "equity": 17336270,
            "current_ratio": 174.74,
            "debt_ratio": 35.29,
            "inventory_turnover_ratio": 0.97,
            "account_receivable_turnover_ratio": 1.32,
            "reinvestment_rate": null,
            "research_to_sale_ratio": -4.66,
            "price_fair": 0,
            "eps_avg_yearly": 0,
            "eps_latest_yearly": 0,
            "eps_growth_yearly": 0
        },
        "20171": {
            "year_quarter": 20171,
            "year": 2017,
            "quarter": 1,
            "eps": -0.23,
            "eps_growth_year": null,
            "eps_4q": -1.24,
            "eps_4q_growth_year": null,
            "roe": -2.36,
            "roe_4q": -13.92,
            "gross_profit": 224506,
            "gross_margin": 9.64,
            "gross_margin_4q_avg": 6.23,
            "net_income": -399387,
            "net_income_4q": null,
            "revenue": 2328770,
            "revenue_4q": null,
            "common_shares": 17667921,
            "book_valuer_per_share": 7.09,
            "book_valuer_per_share_4q_avg": 7.09,
            "equity": 16578089,
            "current_ratio": 162.85,
            "debt_ratio": 32.97,
            "inventory_turnover_ratio": 0.8,
            "account_receivable_turnover_ratio": 1.38,
            "reinvestment_rate": null,
            "research_to_sale_ratio": 1.02,
            "price_fair": 0,
            "eps_avg_yearly": 0,
            "eps_latest_yearly": 0,
            "eps_growth_yearly": 0
        },
        "20172": {
            "year_quarter": 20172,
            "year": 2017,
            "quarter": 2,
            "eps": -0.23,
            "eps_growth_year": null,
            "eps_4q": -1.23,
            "eps_4q_growth_year": null,
            "roe": -1.97,
            "roe_4q": -13.729999999999999,
            "gross_profit": 58768,
            "gross_margin": 2.49,
            "gross_margin_4q_avg": 5.58,
            "net_income": -324241,
            "net_income_4q": null,
            "revenue": 2357953,
            "revenue_4q": null,
            "common_shares": 17667921,
            "book_valuer_per_share": 6.94,
            "book_valuer_per_share_4q_avg": 7.42,
            "equity": 16328423,
            "current_ratio": 165.71,
            "debt_ratio": 33.14,
            "inventory_turnover_ratio": 0.89,
            "account_receivable_turnover_ratio": 1.52,
            "reinvestment_rate": null,
            "research_to_sale_ratio": 1.65,
            "price_fair": 0,
            "eps_avg_yearly": 0,
            "eps_latest_yearly": 0,
            "eps_growth_yearly": 0
        },
        "20173": {
            "year_quarter": 20173,
            "year": 2017,
            "quarter": 3,
            "eps": -0.27,
            "eps_growth_year": null,
            "eps_4q": -1.27,
            "eps_4q_growth_year": null,
            "roe": -2.62,
            "roe_4q": -14.34,
            "gross_profit": 27545,
            "gross_margin": 1.13,
            "gross_margin_4q_avg": 3.56,
            "net_income": -422531,
            "net_income_4q": null,
            "revenue": 2431309,
            "revenue_4q": null,
            "common_shares": 17667921,
            "book_valuer_per_share": 6.7,
            "book_valuer_per_share_4q_avg": 7.07,
            "equity": 15920072,
            "current_ratio": 160.84,
            "debt_ratio": 35.02,
            "inventory_turnover_ratio": 0.98,
            "account_receivable_turnover_ratio": 1.6,
            "reinvestment_rate": null,
            "research_to_sale_ratio": 2.04,
            "price_fair": 0,
            "eps_avg_yearly": 0,
            "eps_latest_yearly": 0,
            "eps_growth_yearly": 0
        },
        "20174": {
            "year_quarter": 20174,
            "year": 2017,
            "quarter": 4,
            "eps": -0.67,
            "eps_growth_year": null,
            "eps_4q": -1.4,
            "eps_4q_growth_year": null,
            "roe": -7.56,
            "roe_4q": -14.51,
            "gross_profit": 1309,
            "gross_margin": 0.05,
            "gross_margin_4q_avg": 3.33,
            "net_income": -1151986,
            "net_income_4q": null,
            "revenue": 2679077,
            "revenue_4q": null,
            "common_shares": 17667921,
            "book_valuer_per_share": 5.99,
            "book_valuer_per_share_4q_avg": 6.68,
            "equity": 14570954,
            "current_ratio": 157.55,
            "debt_ratio": 37.96,
            "inventory_turnover_ratio": 1.15,
            "account_receivable_turnover_ratio": 1.74,
            "reinvestment_rate": null,
            "research_to_sale_ratio": 1.92,
            "price_fair": 0,
            "eps_avg_yearly": 0,
            "eps_latest_yearly": 0,
            "eps_growth_yearly": 0
        },
        "20181": {
            "year_quarter": 20181,
            "year": 2018,
            "quarter": 1,
            "eps": -0.21,
            "eps_growth_year": null,
            "eps_4q": -1.37,
            "eps_4q_growth_year": null,
            "roe": -2.46,
            "roe_4q": -14.610000000000001,
            "gross_profit": 102328,
            "gross_margin": 4.43,
            "gross_margin_4q_avg": 2.03,
            "net_income": -354577,
            "net_income_4q": null,
            "revenue": 2310548,
            "revenue_4q": null,
            "common_shares": 17667921,
            "book_valuer_per_share": 5.81,
            "book_valuer_per_share_4q_avg": 6.36,
            "equity": 14294815,
            "current_ratio": 155.46,
            "debt_ratio": 36.72,
            "inventory_turnover_ratio": 0.99,
            "account_receivable_turnover_ratio": 1.53,
            "reinvestment_rate": null,
            "research_to_sale_ratio": 2.37,
            "price_fair": 0,
            "eps_avg_yearly": 0,
            "eps_latest_yearly": 0,
            "eps_growth_yearly": 0
        },
        "20182": {
            "year_quarter": 20182,
            "year": 2018,
            "quarter": 2,
            "eps": -0.19,
            "eps_growth_year": null,
            "eps_4q": -1.27,
            "eps_4q_growth_year": null,
            "roe": -1.46,
            "roe_4q": -14.100000000000001,
            "gross_profit": 162562,
            "gross_margin": 6.72,
            "gross_margin_4q_avg": 3.08,
            "net_income": -207004,
            "net_income_4q": null,
            "revenue": 2419781,
            "revenue_4q": null,
            "common_shares": 17667921,
            "book_valuer_per_share": 5.66,
            "book_valuer_per_share_4q_avg": 6.04,
            "equity": 14059190,
            "current_ratio": 150.35,
            "debt_ratio": 39.35,
            "inventory_turnover_ratio": 0.97,
            "account_receivable_turnover_ratio": 1.56,
            "reinvestment_rate": null,
            "research_to_sale_ratio": 2.19,
            "price_fair": 0,
            "eps_avg_yearly": 0,
            "eps_latest_yearly": 0,
            "eps_growth_yearly": 0
        },
        "20183": {
            "year_quarter": 20183,
            "year": 2018,
            "quarter": 3,
            "eps": -0.15,
            "eps_growth_year": null,
            "eps_4q": -1.53,
            "eps_4q_growth_year": null,
            "roe": -0.99,
            "roe_4q": -12.469999999999999,
            "gross_profit": 182304,
            "gross_margin": 7.76,
            "gross_margin_4q_avg": 4.74,
            "net_income": -137149,
            "net_income_4q": null,
            "revenue": 2348743,
            "revenue_4q": null,
            "common_shares": 12841579,
            "book_valuer_per_share": 7.52,
            "book_valuer_per_share_4q_avg": 6.25,
            "equity": 13727814,
            "current_ratio": 152.05,
            "debt_ratio": 38.95,
            "inventory_turnover_ratio": 0.87,
            "account_receivable_turnover_ratio": 1.42,
            "reinvestment_rate": null,
            "research_to_sale_ratio": 1.27,
            "price_fair": 0,
            "eps_avg_yearly": 0,
            "eps_latest_yearly": 0,
            "eps_growth_yearly": 0
        },
        "20184": {
            "year_quarter": 20184,
            "year": 2018,
            "quarter": 4,
            "eps": -0.39,
            "eps_growth_year": null,
            "eps_4q": -1.01,
            "eps_4q_growth_year": null,
            "roe": -3.98,
            "roe_4q": -8.89,
            "gross_profit": 100408,
            "gross_margin": 4.4,
            "gross_margin_4q_avg": 5.83,
            "net_income": -535772,
            "net_income_4q": null,
            "revenue": 2279589,
            "revenue_4q": null,
            "common_shares": 12841579,
            "book_valuer_per_share": 7.14,
            "book_valuer_per_share_4q_avg": 6.53,
            "equity": 13207464,
            "current_ratio": 146.93,
            "debt_ratio": 44.26,
            "inventory_turnover_ratio": 0.81,
            "account_receivable_turnover_ratio": 1.4,
            "reinvestment_rate": null,
            "research_to_sale_ratio": 1.87,
            "price_fair": 0,
            "eps_avg_yearly": 0,
            "eps_latest_yearly": 0,
            "eps_growth_yearly": 0
        },
        "20191": {
            "year_quarter": 20191,
            "year": 2019,
            "quarter": 1,
            "eps": -0.16,
            "eps_growth_year": null,
            "eps_4q": -0.89,
            "eps_4q_growth_year": null,
            "roe": -1.6,
            "roe_4q": -8.030000000000001,
            "gross_profit": 156372,
            "gross_margin": 7.66,
            "gross_margin_4q_avg": 6.64,
            "net_income": -215145,
            "net_income_4q": null,
            "revenue": 2041307,
            "revenue_4q": null,
            "common_shares": 12841579,
            "book_valuer_per_share": 7.2,
            "book_valuer_per_share_4q_avg": 6.88,
            "equity": 13662901,
            "current_ratio": 162.46,
            "debt_ratio": 42.58,
            "inventory_turnover_ratio": 0.7,
            "account_receivable_turnover_ratio": 1.42,
            "reinvestment_rate": null,
            "research_to_sale_ratio": 1.61,
            "price_fair": 0,
            "eps_avg_yearly": 0,
            "eps_latest_yearly": 0,
            "eps_growth_yearly": 0
        },
        "20192": {
            "year_quarter": 20192,
            "year": 2019,
            "quarter": 2,
            "eps": -0.12,
            "eps_growth_year": null,
            "eps_4q": -0.82,
            "eps_4q_growth_year": null,
            "roe": -1.17,
            "roe_4q": -7.74,
            "gross_profit": 161155,
            "gross_margin": 8.22,
            "gross_margin_4q_avg": 7.01,
            "net_income": -157765,
            "net_income_4q": null,
            "revenue": 1960128,
            "revenue_4q": null,
            "common_shares": 12841579,
            "book_valuer_per_share": 7.04,
            "book_valuer_per_share_4q_avg": 7.23,
            "equity": 13404616,
            "current_ratio": 166.91,
            "debt_ratio": 43.16,
            "inventory_turnover_ratio": 0.7,
            "account_receivable_turnover_ratio": 1.47,
            "reinvestment_rate": null,
            "research_to_sale_ratio": 2.13,
            "price_fair": 0,
            "eps_avg_yearly": 0,
            "eps_latest_yearly": 0,
            "eps_growth_yearly": 0
        },
        "20193": {
            "year_quarter": 20193,
            "year": 2019,
            "quarter": 3,
            "eps": -0.13,
            "eps_growth_year": null,
            "eps_4q": -0.81,
            "eps_4q_growth_year": null,
            "roe": -1.05,
            "roe_4q": -7.8,
            "gross_profit": 214632,
            "gross_margin": 11.27,
            "gross_margin_4q_avg": 7.89,
            "net_income": -140324,
            "net_income_4q": null,
            "revenue": 1904329,
            "revenue_4q": null,
            "common_shares": 12841579,
            "book_valuer_per_share": 6.84,
            "book_valuer_per_share_4q_avg": 7.06,
            "equity": 13246999,
            "current_ratio": 183.76,
            "debt_ratio": 43.21,
            "inventory_turnover_ratio": 0.67,
            "account_receivable_turnover_ratio": 1.39,
            "reinvestment_rate": null,
            "research_to_sale_ratio": 2.16,
            "price_fair": 0,
            "eps_avg_yearly": 0,
            "eps_latest_yearly": 0,
            "eps_growth_yearly": 0
        },
        "20194": {
            "year_quarter": 20194,
            "year": 2019,
            "quarter": 4,
            "eps": -1.34,
            "eps_growth_year": null,
            "eps_4q": -1.76,
            "eps_4q_growth_year": null,
            "roe": -16.86,
            "roe_4q": -20.68,
            "gross_profit": 6427,
            "gross_margin": 0.34,
            "gross_margin_4q_avg": 6.87,
            "net_income": -2058248,
            "net_income_4q": null,
            "revenue": 1873359,
            "revenue_4q": null,
            "common_shares": 12841579,
            "book_valuer_per_share": 5.46,
            "book_valuer_per_share_4q_avg": 6.64,
            "equity": 11168251,
            "current_ratio": 180.3,
            "debt_ratio": 46.7,
            "inventory_turnover_ratio": 0.8,
            "account_receivable_turnover_ratio": 1.48,
            "reinvestment_rate": null,
            "research_to_sale_ratio": 3.57,
            "price_fair": 0,
            "eps_avg_yearly": 0,
            "eps_latest_yearly": 0,
            "eps_growth_yearly": 0
        },
        "20201": {
            "year_quarter": 20201,
            "year": 2020,
            "quarter": 1,
            "eps": -0.18,
            "eps_growth_year": null,
            "eps_4q": -1.78,
            "eps_4q_growth_year": null,
            "roe": -2.33,
            "roe_4q": -21.409999999999997,
            "gross_profit": 89309,
            "gross_margin": 5.68,
            "gross_margin_4q_avg": 6.38,
            "net_income": -257138,
            "net_income_4q": null,
            "revenue": 1572282,
            "revenue_4q": null,
            "common_shares": 12841579,
            "book_valuer_per_share": 5.22,
            "book_valuer_per_share_4q_avg": 6.14,
            "equity": 10911496,
            "current_ratio": 178.42,
            "debt_ratio": 46.12,
            "inventory_turnover_ratio": 0.72,
            "account_receivable_turnover_ratio": 1.39,
            "reinvestment_rate": null,
            "research_to_sale_ratio": 1.92,
            "price_fair": 0,
            "eps_avg_yearly": 0,
            "eps_latest_yearly": 0,
            "eps_growth_yearly": 0
        },
        "20202": {
            "year_quarter": 20202,
            "year": 2020,
            "quarter": 2,
            "eps": -0.22,
            "eps_growth_year": null,
            "eps_4q": -1.78,
            "eps_4q_growth_year": null,
            "roe": -0.86,
            "roe_4q": -21.1,
            "gross_profit": 296205,
            "gross_margin": 19.85,
            "gross_margin_4q_avg": 9.29,
            "net_income": -93810,
            "net_income_4q": null,
            "revenue": 1492568,
            "revenue_4q": null,
            "common_shares": 12841579,
            "book_valuer_per_share": 5.08,
            "book_valuer_per_share_4q_avg": 5.65,
            "equity": 10803441,
            "current_ratio": 176.3,
            "debt_ratio": 46.25,
            "inventory_turnover_ratio": 0.62,
            "account_receivable_turnover_ratio": 1.39,
            "reinvestment_rate": null,
            "research_to_sale_ratio": 2.18,
            "price_fair": 0,
            "eps_avg_yearly": 0,
            "eps_latest_yearly": 0,
            "eps_growth_yearly": 0
        },
        "20203": {
            "year_quarter": 20203,
            "year": 2020,
            "quarter": 3,
            "eps": -0.28,
            "eps_growth_year": null,
            "eps_4q": -3.33,
            "eps_4q_growth_year": null,
            "roe": -1.16,
            "roe_4q": -21.21,
            "gross_profit": 260385,
            "gross_margin": 14.48,
            "gross_margin_4q_avg": 10.09,
            "net_income": -124372,
            "net_income_4q": null,
            "revenue": 1798861,
            "revenue_4q": null,
            "common_shares": 6936797,
            "book_valuer_per_share": 9.16,
            "book_valuer_per_share_4q_avg": 6.23,
            "equity": 10681247,
            "current_ratio": 171.2,
            "debt_ratio": 47.29,
            "inventory_turnover_ratio": 0.87,
            "account_receivable_turnover_ratio": 1.62,
            "reinvestment_rate": null,
            "research_to_sale_ratio": 1.93,
            "price_fair": 0,
            "eps_avg_yearly": 0,
            "eps_latest_yearly": 0,
            "eps_growth_yearly": 0
        },
        "20204": {
            "year_quarter": 20204,
            "year": 2020,
            "quarter": 4,
            "eps": -0.45,
            "eps_growth_year": null,
            "eps_4q": -1.29,
            "eps_4q_growth_year": null,
            "roe": -3.11,
            "roe_4q": -7.46,
            "gross_profit": 231370,
            "gross_margin": 13.49,
            "gross_margin_4q_avg": 13.38,
            "net_income": -326407,
            "net_income_4q": null,
            "revenue": 1714498,
            "revenue_4q": null,
            "common_shares": 6936797,
            "book_valuer_per_share": 8.68,
            "book_valuer_per_share_4q_avg": 7.04,
            "equity": 10287946,
            "current_ratio": 169.91,
            "debt_ratio": 47.38,
            "inventory_turnover_ratio": 0.98,
            "account_receivable_turnover_ratio": 1.47,
            "reinvestment_rate": null,
            "research_to_sale_ratio": 2.87,
            "price_fair": 0,
            "eps_avg_yearly": 0,
            "eps_latest_yearly": 0,
            "eps_growth_yearly": 0
        },
        "20211": {
            "year_quarter": 20211,
            "year": 2021,
            "quarter": 1,
            "eps": -0.14,
            "eps_growth_year": null,
            "eps_4q": -1.09,
            "eps_4q_growth_year": null,
            "roe": -0.4,
            "roe_4q": -5.53,
            "gross_profit": 296044,
            "gross_margin": 16.73,
            "gross_margin_4q_avg": 16.14,
            "net_income": -41167,
            "net_income_4q": null,
            "revenue": 1769426,
            "revenue_4q": null,
            "common_shares": 6936797,
            "book_valuer_per_share": 8.73,
            "book_valuer_per_share_4q_avg": 7.91,
            "equity": 10469010,
            "current_ratio": 157.76,
            "debt_ratio": 46.6,
            "inventory_turnover_ratio": 1.02,
            "account_receivable_turnover_ratio": 1.5,
            "reinvestment_rate": null,
            "research_to_sale_ratio": 2.35,
            "price_fair": 0,
            "eps_avg_yearly": 0,
            "eps_latest_yearly": 0,
            "eps_growth_yearly": 0
        },
        "20212": {
            "year_quarter": 20212,
            "year": 2021,
            "quarter": 2,
            "eps": -0.11,
            "eps_growth_year": null,
            "eps_4q": -0.99,
            "eps_4q_growth_year": null,
            "roe": -0.12,
            "roe_4q": -4.79,
            "gross_profit": 337829,
            "gross_margin": 17.61,
            "gross_margin_4q_avg": 15.58,
            "net_income": -12620,
            "net_income_4q": null,
            "revenue": 1918460,
            "revenue_4q": null,
            "common_shares": 6936797,
            "book_valuer_per_share": 8.59,
            "book_valuer_per_share_4q_avg": 8.79,
            "equity": 10463844,
            "current_ratio": 168.89,
            "debt_ratio": 46.08,
            "inventory_turnover_ratio": 1.06,
            "account_receivable_turnover_ratio": 1.47,
            "reinvestment_rate": null,
            "research_to_sale_ratio": 2.62,
            "price_fair": 0,
            "eps_avg_yearly": 0,
            "eps_latest_yearly": 0,
            "eps_growth_yearly": 0
        },
        "20213": {
            "year_quarter": 20213,
            "year": 2021,
            "quarter": 3,
            "eps": -0.13,
            "eps_growth_year": null,
            "eps_4q": -0.83,
            "eps_4q_growth_year": null,
            "roe": -0.11,
            "roe_4q": -3.7399999999999998,
            "gross_profit": 270981,
            "gross_margin": 13.72,
            "gross_margin_4q_avg": 15.39,
            "net_income": -11848,
            "net_income_4q": null,
            "revenue": 1975192,
            "revenue_4q": null,
            "common_shares": 6936797,
            "book_valuer_per_share": 8.45,
            "book_valuer_per_share_4q_avg": 8.61,
            "equity": 10286737,
            "current_ratio": 159.86,
            "debt_ratio": 46.87,
            "inventory_turnover_ratio": 1.14,
            "account_receivable_turnover_ratio": 1.38,
            "reinvestment_rate": null,
            "research_to_sale_ratio": 2.33,
            "price_fair": 0,
            "eps_avg_yearly": 0,
            "eps_latest_yearly": 0,
            "eps_growth_yearly": 0
        },
        "20214": {
            "year_quarter": 20214,
            "year": 2021,
            "quarter": 4,
            "eps": -0.11,
            "eps_growth_year": null,
            "eps_4q": -0.49,
            "eps_4q_growth_year": null,
            "roe": -0.58,
            "roe_4q": -1.21,
            "gross_profit": 282027,
            "gross_margin": 15.55,
            "gross_margin_4q_avg": 15.9,
            "net_income": -60497,
            "net_income_4q": null,
            "revenue": 1814028,
            "revenue_4q": null,
            "common_shares": 6936797,
            "book_valuer_per_share": 8.4,
            "book_valuer_per_share_4q_avg": 8.54,
            "equity": 10500477,
            "current_ratio": 164.82,
            "debt_ratio": 45.44,
            "inventory_turnover_ratio": 1.02,
            "account_receivable_turnover_ratio": 1.26,
            "reinvestment_rate": null,
            "research_to_sale_ratio": 3.08,
            "price_fair": 0,
            "eps_avg_yearly": 0,
            "eps_latest_yearly": 0,
            "eps_growth_yearly": 0
        },
        "20221": {
            "year_quarter": 20221,
            "year": 2022,
            "quarter": 1,
            "eps": -0.14,
            "eps_growth_year": null,
            "eps_4q": -0.49,
            "eps_4q_growth_year": null,
            "roe": -0.87,
            "roe_4q": -1.6800000000000002,
            "gross_profit": 232503,
            "gross_margin": 14.63,
            "gross_margin_4q_avg": 15.38,
            "net_income": -91451,
            "net_income_4q": null,
            "revenue": 1589426,
            "revenue_4q": null,
            "common_shares": 6936797,
            "book_valuer_per_share": 8.42,
            "book_valuer_per_share_4q_avg": 8.47,
            "equity": 10617086,
            "current_ratio": 232.52,
            "debt_ratio": 46.56,
            "inventory_turnover_ratio": 0.89,
            "account_receivable_turnover_ratio": 1.2,
            "reinvestment_rate": null,
            "research_to_sale_ratio": 2.61,
            "price_fair": 0,
            "eps_avg_yearly": 0,
            "eps_latest_yearly": 0,
            "eps_growth_yearly": 0
        },
        "20222": {
            "year_quarter": 20222,
            "year": 2022,
            "quarter": 2,
            "eps": 0.04,
            "eps_growth_year": null,
            "eps_4q": -0.33,
            "eps_4q_growth_year": null,
            "roe": 0.43,
            "roe_4q": -1.1300000000000001,
            "gross_profit": 413773,
            "gross_margin": 20.25,
            "gross_margin_4q_avg": 16.04,
            "net_income": 45688,
            "net_income_4q": null,
            "revenue": 2042950,
            "revenue_4q": null,
            "common_shares": 6936797,
            "book_valuer_per_share": 8.44,
            "book_valuer_per_share_4q_avg": 8.43,
            "equity": 10660200,
            "current_ratio": 208.25,
            "debt_ratio": 48.9,
            "inventory_turnover_ratio": 0.89,
            "account_receivable_turnover_ratio": 1.39,
            "reinvestment_rate": null,
            "research_to_sale_ratio": 2.87,
            "price_fair": 0,
            "eps_avg_yearly": 0,
            "eps_latest_yearly": 0,
            "eps_growth_yearly": 0
        },
        "20223": {
            "year_quarter": 20223,
            "year": 2022,
            "quarter": 3,
            "eps": 0.01,
            "eps_growth_year": null,
            "eps_4q": -0.2,
            "eps_4q_growth_year": null,
            "roe": 0.49,
            "roe_4q": -0.53,
            "gross_profit": 366270,
            "gross_margin": 17.55,
            "gross_margin_4q_avg": 17,
            "net_income": 52143,
            "net_income_4q": null,
            "revenue": 2087095,
            "revenue_4q": null,
            "common_shares": 6936797,
            "book_valuer_per_share": 8.6,
            "book_valuer_per_share_4q_avg": 8.47,
            "equity": 10810141,
            "current_ratio": 187.4,
            "debt_ratio": 47.41,
            "inventory_turnover_ratio": 0.81,
            "account_receivable_turnover_ratio": 1.18,
            "reinvestment_rate": null,
            "research_to_sale_ratio": 2.45,
            "price_fair": 0.12,
            "eps_avg_yearly": 0.04,
            "eps_latest_yearly": 0.04,
            "eps_growth_yearly": -300
        },
        "20224": {
            "year_quarter": 20224,
            "year": 2022,
            "quarter": 4,
            "eps": -0.12,
            "eps_growth_year": null,
            "eps_4q": -0.22,
            "eps_4q_growth_year": null,
            "roe": -0.7,
            "roe_4q": -0.6499999999999999,
            "gross_profit": 306657,
            "gross_margin": 15.18,
            "gross_margin_4q_avg": 16.9,
            "net_income": -74527,
            "net_income_4q": null,
            "revenue": 2019590,
            "revenue_4q": null,
            "common_shares": 6936797,
            "book_valuer_per_share": 8.41,
            "book_valuer_per_share_4q_avg": 8.47,
            "equity": 10632579,
            "current_ratio": 202.37,
            "debt_ratio": 45.95,
            "inventory_turnover_ratio": 0.84,
            "account_receivable_turnover_ratio": 1.17,
            "reinvestment_rate": null,
            "research_to_sale_ratio": 3.07,
            "price_fair": 0.12,
            "eps_avg_yearly": 0.04,
            "eps_latest_yearly": 0.04,
            "eps_growth_yearly": -300
        },
        "20231": {
            "year_quarter": 20231,
            "year": 2023,
            "quarter": 1,
            "eps": -0.14,
            "eps_growth_year": null,
            "eps_4q": -0.21,
            "eps_4q_growth_year": null,
            "roe": -0.51,
            "roe_4q": -0.29,
            "gross_profit": 316448,
            "gross_margin": 18.06,
            "gross_margin_4q_avg": 17.76,
            "net_income": -54200,
            "net_income_4q": null,
            "revenue": 1752004,
            "revenue_4q": null,
            "common_shares": 6936797,
            "book_valuer_per_share": 8.3,
            "book_valuer_per_share_4q_avg": 8.44,
            "equity": 10553297,
            "current_ratio": 200.33,
            "debt_ratio": 44.95,
            "inventory_turnover_ratio": 0.77,
            "account_receivable_turnover_ratio": 1.09,
            "reinvestment_rate": null,
            "research_to_sale_ratio": 2.84,
            "price_fair": 0.12,
            "eps_avg_yearly": 0.04,
            "eps_latest_yearly": 0.04,
            "eps_growth_yearly": -300
        },
        "20232": {
            "year_quarter": 20232,
            "year": 2023,
            "quarter": 2,
            "eps": -0.01,
            "eps_growth_year": -125,
            "eps_4q": -0.26,
            "eps_4q_growth_year": null,
            "roe": 0.01,
            "roe_4q": -0.71,
            "gross_profit": 314711,
            "gross_margin": 16.76,
            "gross_margin_4q_avg": 16.89,
            "net_income": 1379,
            "net_income_4q": null,
            "revenue": 1877251,
            "revenue_4q": null,
            "common_shares": 6936797,
            "book_valuer_per_share": 8.17,
            "book_valuer_per_share_4q_avg": 8.37,
            "equity": 10528962,
            "current_ratio": 212.02,
            "debt_ratio": 45.93,
            "inventory_turnover_ratio": 0.91,
            "account_receivable_turnover_ratio": 1.23,
            "reinvestment_rate": null,
            "research_to_sale_ratio": 2.65,
            "price_fair": 0.12,
            "eps_avg_yearly": 0.04,
            "eps_latest_yearly": 0.04,
            "eps_growth_yearly": -300
        },
        "20233": {
            "year_quarter": 20233,
            "year": 2023,
            "quarter": 3,
            "eps": -0.17,
            "eps_growth_year": -1800,
            "eps_4q": -0.44,
            "eps_4q_growth_year": null,
            "roe": -1.64,
            "roe_4q": -2.84,
            "gross_profit": 320836,
            "gross_margin": 16,
            "gross_margin_4q_avg": 16.5,
            "net_income": -171490,
            "net_income_4q": null,
            "revenue": 2005313,
            "revenue_4q": null,
            "common_shares": 6936797,
            "book_valuer_per_share": 8.05,
            "book_valuer_per_share_4q_avg": 8.23,
            "equity": 10425174,
            "current_ratio": 224.61,
            "debt_ratio": 46.06,
            "inventory_turnover_ratio": 1.09,
            "account_receivable_turnover_ratio": 1.31,
            "reinvestment_rate": null,
            "research_to_sale_ratio": 2.66,
            "price_fair": 0.12,
            "eps_avg_yearly": 0.04,
            "eps_latest_yearly": 0.04,
            "eps_growth_yearly": -300
        },
        "20234": {
            "year_quarter": 20234,
            "year": 2023,
            "quarter": 4,
            "eps": -0.12,
            "eps_growth_year": null,
            "eps_4q": -0.44,
            "eps_4q_growth_year": null,
            "roe": -1.5,
            "roe_4q": -3.6399999999999997,
            "gross_profit": 244202,
            "gross_margin": 12.24,
            "gross_margin_4q_avg": 15.77,
            "net_income": -154306,
            "net_income_4q": null,
            "revenue": 1994982,
            "revenue_4q": null,
            "common_shares": 6936797,
            "book_valuer_per_share": 7.86,
            "book_valuer_per_share_4q_avg": 8.1,
            "equity": 10218303,
            "current_ratio": 236.72,
            "debt_ratio": 45.85,
            "inventory_turnover_ratio": 1.18,
            "account_receivable_turnover_ratio": 1.25,
            "reinvestment_rate": null,
            "research_to_sale_ratio": 4.64,
            "price_fair": 0.12,
            "eps_avg_yearly": 0.04,
            "eps_latest_yearly": 0.04,
            "eps_growth_yearly": -300
        }
    },
    "months": {
        "2001-06": {
            "month": "2001-06",
            "price": "72.78",
            "revenue": 2065358
        },
        "2001-07": {
            "month": "2001-07",
            "price": "58.76",
            "revenue": 2208660
        },
        "2001-08": {
            "month": "2001-08",
            "price": "43.70",
            "revenue": 2305263
        },
        "2001-09": {
            "month": "2001-09",
            "price": "30.52",
            "revenue": 2402439
        },
        "2001-10": {
            "month": "2001-10",
            "price": "29.59",
            "revenue": 2451448
        },
        "2001-11": {
            "month": "2001-11",
            "price": "33.58",
            "revenue": 2142936
        },
        "2001-12": {
            "month": "2001-12",
            "price": "35.60",
            "revenue": 1662184
        },
        "2002-01": {
            "month": "2002-01",
            "price": "38.49",
            "revenue": 1670063
        },
        "2002-02": {
            "month": "2002-02",
            "price": "36.62",
            "revenue": 1342468
        },
        "2002-03": {
            "month": "2002-03",
            "price": "38.90",
            "revenue": 1709022
        },
        "2002-04": {
            "month": "2002-04",
            "price": "39.10",
            "revenue": 1767182
        },
        "2002-05": {
            "month": "2002-05",
            "price": "31.36",
            "revenue": 1934524
        },
        "2002-06": {
            "month": "2002-06",
            "price": "30.20",
            "revenue": 1829216
        },
        "2002-07": {
            "month": "2002-07",
            "price": "24.89",
            "revenue": 1601770
        },
        "2002-08": {
            "month": "2002-08",
            "price": "18.58",
            "revenue": 1311941
        },
        "2002-09": {
            "month": "2002-09",
            "price": "15.29",
            "revenue": 1408637
        },
        "2002-10": {
            "month": "2002-10",
            "price": "16.38",
            "revenue": 1795679
        },
        "2002-11": {
            "month": "2002-11",
            "price": "18.05",
            "revenue": 1727540
        },
        "2002-12": {
            "month": "2002-12",
            "price": "16.06",
            "revenue": 1736092
        },
        "2003-01": {
            "month": "2003-01",
            "price": "16.88",
            "revenue": 1601005
        },
        "2003-02": {
            "month": "2003-02",
            "price": "16.84",
            "revenue": 1461630
        },
        "2003-03": {
            "month": "2003-03",
            "price": "15.94",
            "revenue": 1754220
        },
        "2003-04": {
            "month": "2003-04",
            "price": "15.62",
            "revenue": 1767699
        },
        "2003-05": {
            "month": "2003-05",
            "price": "14.85",
            "revenue": 1968043
        },
        "2003-06": {
            "month": "2003-06",
            "price": "20.86",
            "revenue": 2146664
        },
        "2003-07": {
            "month": "2003-07",
            "price": "25.68",
            "revenue": 2316047
        },
        "2003-08": {
            "month": "2003-08",
            "price": "23.47",
            "revenue": 2413175
        },
        "2003-09": {
            "month": "2003-09",
            "price": "23.15",
            "revenue": 2418054
        },
        "2003-10": {
            "month": "2003-10",
            "price": "23.59",
            "revenue": 2454195
        },
        "2003-11": {
            "month": "2003-11",
            "price": "23.60",
            "revenue": 2460816
        },
        "2003-12": {
            "month": "2003-12",
            "price": "21.66",
            "revenue": 2307657
        },
        "2004-01": {
            "month": "2004-01",
            "price": "21.97",
            "revenue": 2055581
        },
        "2004-02": {
            "month": "2004-02",
            "price": "23.18",
            "revenue": 2125281
        },
        "2004-03": {
            "month": "2004-03",
            "price": "22.76",
            "revenue": 2128975
        },
        "2004-04": {
            "month": "2004-04",
            "price": "22.86",
            "revenue": 2131727
        },
        "2004-05": {
            "month": "2004-05",
            "price": "18.02",
            "revenue": 1635217
        },
        "2004-06": {
            "month": "2004-06",
            "price": "15.66",
            "revenue": 1785457
        },
        "2004-07": {
            "month": "2004-07",
            "price": "14.04",
            "revenue": 1413094
        },
        "2004-08": {
            "month": "2004-08",
            "price": "12.86",
            "revenue": 1421621
        },
        "2004-09": {
            "month": "2004-09",
            "price": "13.50",
            "revenue": 1443389
        },
        "2004-10": {
            "month": "2004-10",
            "price": "13.18",
            "revenue": 1459352
        },
        "2004-11": {
            "month": "2004-11",
            "price": "11.99",
            "revenue": 1465116
        },
        "2004-12": {
            "month": "2004-12",
            "price": "11.60",
            "revenue": 1442631
        },
        "2005-01": {
            "month": "2005-01",
            "price": "11.11",
            "revenue": 1408769
        },
        "2005-02": {
            "month": "2005-02",
            "price": "11.09",
            "revenue": 1206285
        },
        "2005-03": {
            "month": "2005-03",
            "price": "10.53",
            "revenue": 1704779
        },
        "2005-04": {
            "month": "2005-04",
            "price": "9.49",
            "revenue": 2044643
        },
        "2005-05": {
            "month": "2005-05",
            "price": "10.17",
            "revenue": 2107104
        },
        "2005-06": {
            "month": "2005-06",
            "price": "12.85",
            "revenue": 2223963
        },
        "2005-07": {
            "month": "2005-07",
            "price": "12.32",
            "revenue": 2312733
        },
        "2005-08": {
            "month": "2005-08",
            "price": "11.95",
            "revenue": 2322405
        },
        "2005-09": {
            "month": "2005-09",
            "price": "11.50",
            "revenue": 2330608
        },
        "2005-10": {
            "month": "2005-10",
            "price": "11.03",
            "revenue": 2219135
        },
        "2005-11": {
            "month": "2005-11",
            "price": "10.32",
            "revenue": 2055483
        },
        "2005-12": {
            "month": "2005-12",
            "price": "10.74",
            "revenue": 1919043
        },
        "2006-01": {
            "month": "2006-01",
            "price": "11.06",
            "revenue": 1700168
        },
        "2006-02": {
            "month": "2006-02",
            "price": "10.80",
            "revenue": 1754960
        },
        "2006-03": {
            "month": "2006-03",
            "price": "9.97",
            "revenue": 1861291
        },
        "2006-04": {
            "month": "2006-04",
            "price": "10.25",
            "revenue": 2002308
        },
        "2006-05": {
            "month": "2006-05",
            "price": "9.47",
            "revenue": 2068224
        },
        "2006-06": {
            "month": "2006-06",
            "price": "8.26",
            "revenue": 1999812
        },
        "2006-07": {
            "month": "2006-07",
            "price": "7.54",
            "revenue": 1953821
        },
        "2006-08": {
            "month": "2006-08",
            "price": "7.32",
            "revenue": 2168844
        },
        "2006-09": {
            "month": "2006-09",
            "price": "7.29",
            "revenue": 2344619
        },
        "2006-10": {
            "month": "2006-10",
            "price": "7.94",
            "revenue": 2226254
        },
        "2006-11": {
            "month": "2006-11",
            "price": "8.76",
            "revenue": 2272387
        },
        "2006-12": {
            "month": "2006-12",
            "price": "9.62",
            "revenue": 2030843
        },
        "2007-01": {
            "month": "2007-01",
            "price": "8.75",
            "revenue": 1870164
        },
        "2007-02": {
            "month": "2007-02",
            "price": "8.23",
            "revenue": 1608333
        },
        "2007-03": {
            "month": "2007-03",
            "price": "7.55",
            "revenue": 1912158
        },
        "2007-04": {
            "month": "2007-04",
            "price": "7.94",
            "revenue": 1719780
        },
        "2007-05": {
            "month": "2007-05",
            "price": "7.63",
            "revenue": 1522405
        },
        "2007-06": {
            "month": "2007-06",
            "price": "9.16",
            "revenue": 1594121
        },
        "2007-07": {
            "month": "2007-07",
            "price": "10.95",
            "revenue": 1625381
        },
        "2007-08": {
            "month": "2007-08",
            "price": "9.88",
            "revenue": 1621709
        },
        "2007-09": {
            "month": "2007-09",
            "price": "10.07",
            "revenue": 1551746
        },
        "2007-10": {
            "month": "2007-10",
            "price": "10.25",
            "revenue": 1300965
        },
        "2007-11": {
            "month": "2007-11",
            "price": "8.62",
            "revenue": 1345227
        },
        "2007-12": {
            "month": "2007-12",
            "price": "7.57",
            "revenue": 1140924
        },
        "2008-01": {
            "month": "2008-01",
            "price": "7.27",
            "revenue": 1131573
        },
        "2008-02": {
            "month": "2008-02",
            "price": "7.06",
            "revenue": 765257
        },
        "2008-03": {
            "month": "2008-03",
            "price": "7.99",
            "revenue": 1010116
        },
        "2008-04": {
            "month": "2008-04",
            "price": "8.21",
            "revenue": 1092073
        },
        "2008-05": {
            "month": "2008-05",
            "price": "7.89",
            "revenue": 1040010
        },
        "2008-06": {
            "month": "2008-06",
            "price": "6.71",
            "revenue": 1045580
        },
        "2008-07": {
            "month": "2008-07",
            "price": "5.49",
            "revenue": 1236480
        },
        "2008-08": {
            "month": "2008-08",
            "price": "6.21",
            "revenue": 1254480
        },
        "2008-09": {
            "month": "2008-09",
            "price": "5.35",
            "revenue": 1209509
        },
        "2008-10": {
            "month": "2008-10",
            "price": "4.94",
            "revenue": 1220514
        },
        "2008-11": {
            "month": "2008-11",
            "price": "3.96",
            "revenue": 1060900
        },
        "2008-12": {
            "month": "2008-12",
            "price": "4.16",
            "revenue": 1056718
        },
        "2009-01": {
            "month": "2009-01",
            "price": "4.52",
            "revenue": 937382
        },
        "2009-02": {
            "month": "2009-02",
            "price": "4.79",
            "revenue": 1019503
        },
        "2009-03": {
            "month": "2009-03",
            "price": "5.17",
            "revenue": 1043005
        },
        "2009-04": {
            "month": "2009-04",
            "price": "7.46",
            "revenue": 1181095
        },
        "2009-05": {
            "month": "2009-05",
            "price": "7.56",
            "revenue": 1210192
        },
        "2009-06": {
            "month": "2009-06",
            "price": "7.97",
            "revenue": 1231268
        },
        "2009-07": {
            "month": "2009-07",
            "price": "8.60",
            "revenue": 1273532
        },
        "2009-08": {
            "month": "2009-08",
            "price": "8.68",
            "revenue": 1216140
        },
        "2009-09": {
            "month": "2009-09",
            "price": "8.50",
            "revenue": 1230085
        },
        "2009-10": {
            "month": "2009-10",
            "price": "8.45",
            "revenue": 1260023
        },
        "2009-11": {
            "month": "2009-11",
            "price": "7.99",
            "revenue": 1447629
        },
        "2009-12": {
            "month": "2009-12",
            "price": "8.07",
            "revenue": 1469337
        },
        "2010-01": {
            "month": "2010-01",
            "price": "8.57",
            "revenue": 1236594
        },
        "2010-02": {
            "month": "2010-02",
            "price": "7.84",
            "revenue": 1133097
        },
        "2010-03": {
            "month": "2010-03",
            "price": "8.11",
            "revenue": 1357827
        },
        "2010-04": {
            "month": "2010-04",
            "price": "8.57",
            "revenue": 1387106
        },
        "2010-05": {
            "month": "2010-05",
            "price": "8.38",
            "revenue": 1537898
        },
        "2010-06": {
            "month": "2010-06",
            "price": "8.15",
            "revenue": 1547549
        },
        "2010-07": {
            "month": "2010-07",
            "price": "8.85",
            "revenue": 1300597
        },
        "2010-08": {
            "month": "2010-08",
            "price": "9.28",
            "revenue": 1437761
        },
        "2010-09": {
            "month": "2010-09",
            "price": "8.75",
            "revenue": 1432546
        },
        "2010-10": {
            "month": "2010-10",
            "price": "8.59",
            "revenue": 1329765
        },
        "2010-11": {
            "month": "2010-11",
            "price": "8.05",
            "revenue": 1366448
        },
        "2010-12": {
            "month": "2010-12",
            "price": "8.34",
            "revenue": 1423883
        },
        "2011-01": {
            "month": "2011-01",
            "price": "8.95",
            "revenue": 1104269
        },
        "2011-02": {
            "month": "2011-02",
            "price": "8.23",
            "revenue": 829073
        },
        "2011-03": {
            "month": "2011-03",
            "price": "8.67",
            "revenue": 1189773
        },
        "2011-04": {
            "month": "2011-04",
            "price": "8.53",
            "revenue": 1179045
        },
        "2011-05": {
            "month": "2011-05",
            "price": "8.01",
            "revenue": 1103279
        },
        "2011-06": {
            "month": "2011-06",
            "price": "7.91",
            "revenue": 1271729
        },
        "2011-07": {
            "month": "2011-07",
            "price": "7.54",
            "revenue": 1347205
        },
        "2011-08": {
            "month": "2011-08",
            "price": "5.78",
            "revenue": 1408222
        },
        "2011-09": {
            "month": "2011-09",
            "price": "5.58",
            "revenue": 1509135
        },
        "2011-10": {
            "month": "2011-10",
            "price": "5.64",
            "revenue": 1359636
        },
        "2011-11": {
            "month": "2011-11",
            "price": "5.40",
            "revenue": 1348011
        },
        "2011-12": {
            "month": "2011-12",
            "price": "4.50",
            "revenue": 1257080
        },
        "2012-01": {
            "month": "2012-01",
            "price": "4.47",
            "revenue": 945080
        },
        "2012-02": {
            "month": "2012-02",
            "price": "5.60",
            "revenue": 1142532
        },
        "2012-03": {
            "month": "2012-03",
            "price": "5.46",
            "revenue": 1065574
        },
        "2012-04": {
            "month": "2012-04",
            "price": "4.65",
            "revenue": 1128632
        },
        "2012-05": {
            "month": "2012-05",
            "price": "4.23",
            "revenue": 1351385
        },
        "2012-06": {
            "month": "2012-06",
            "price": "4.18",
            "revenue": 1323898
        },
        "2012-07": {
            "month": "2012-07",
            "price": "4.07",
            "revenue": 1251653
        },
        "2012-08": {
            "month": "2012-08",
            "price": "4.04",
            "revenue": 1105753
        },
        "2012-09": {
            "month": "2012-09",
            "price": "3.92",
            "revenue": 1031867
        },
        "2012-10": {
            "month": "2012-10",
            "price": "3.17",
            "revenue": 1101973
        },
        "2012-11": {
            "month": "2012-11",
            "price": "2.86",
            "revenue": 863500
        },
        "2012-12": {
            "month": "2012-12",
            "price": "3.50",
            "revenue": 863725
        },
        "2013-01": {
            "month": "2013-01",
            "price": "3.73",
            "revenue": 1403788
        },
        "2013-02": {
            "month": "2013-02",
            "price": "3.69",
            "revenue": 1096583
        },
        "2013-03": {
            "month": "2013-03",
            "price": "3.84",
            "revenue": 1138168
        },
        "2013-04": {
            "month": "2013-04",
            "price": "3.80",
            "revenue": 1409395
        },
        "2013-05": {
            "month": "2013-05",
            "price": "4.56",
            "revenue": 1332666
        },
        "2013-06": {
            "month": "2013-06",
            "price": "5.76",
            "revenue": 1114920
        },
        "2013-07": {
            "month": "2013-07",
            "price": "5.83",
            "revenue": 1205250
        },
        "2013-08": {
            "month": "2013-08",
            "price": "5.43",
            "revenue": 1115098
        },
        "2013-09": {
            "month": "2013-09",
            "price": "5.21",
            "revenue": 1307044
        },
        "2013-10": {
            "month": "2013-10",
            "price": "4.90",
            "revenue": 1247668
        },
        "2013-11": {
            "month": "2013-11",
            "price": "4.55",
            "revenue": 1160938
        },
        "2013-12": {
            "month": "2013-12",
            "price": "4.96",
            "revenue": 1183578
        },
        "2014-01": {
            "month": "2014-01",
            "price": "5.35",
            "revenue": 1184934
        },
        "2014-02": {
            "month": "2014-02",
            "price": "5.18",
            "revenue": 903454
        },
        "2014-03": {
            "month": "2014-03",
            "price": "5.01",
            "revenue": 1038130
        },
        "2014-04": {
            "month": "2014-04",
            "price": "4.88",
            "revenue": 1003781
        },
        "2014-05": {
            "month": "2014-05",
            "price": "4.56",
            "revenue": 897245
        },
        "2014-06": {
            "month": "2014-06",
            "price": "4.76",
            "revenue": 883423
        },
        "2014-07": {
            "month": "2014-07",
            "price": "4.69",
            "revenue": 947649
        },
        "2014-08": {
            "month": "2014-08",
            "price": "4.23",
            "revenue": 971870
        },
        "2014-09": {
            "month": "2014-09",
            "price": "3.97",
            "revenue": 1031747
        },
        "2014-10": {
            "month": "2014-10",
            "price": "3.47",
            "revenue": 1286019
        },
        "2014-11": {
            "month": "2014-11",
            "price": "3.31",
            "revenue": 1066658
        },
        "2014-12": {
            "month": "2014-12",
            "price": "3.37",
            "revenue": 1074454
        },
        "2015-01": {
            "month": "2015-01",
            "price": "3.83",
            "revenue": 1027771
        },
        "2015-02": {
            "month": "2015-02",
            "price": "3.58",
            "revenue": 832534
        },
        "2015-03": {
            "month": "2015-03",
            "price": "3.51",
            "revenue": 1059545
        },
        "2015-04": {
            "month": "2015-04",
            "price": "3.19",
            "revenue": 854275
        },
        "2015-05": {
            "month": "2015-05",
            "price": "3.05",
            "revenue": 876079
        },
        "2015-06": {
            "month": "2015-06",
            "price": "3.49",
            "revenue": 877409
        },
        "2015-07": {
            "month": "2015-07",
            "price": "3.03",
            "revenue": 888485
        },
        "2015-08": {
            "month": "2015-08",
            "price": "2.83",
            "revenue": 858393
        },
        "2015-09": {
            "month": "2015-09",
            "price": "2.97",
            "revenue": 916911
        },
        "2015-10": {
            "month": "2015-10",
            "price": "2.97",
            "revenue": 880582
        },
        "2015-11": {
            "month": "2015-11",
            "price": "2.78",
            "revenue": 992145
        },
        "2015-12": {
            "month": "2015-12",
            "price": "2.73",
            "revenue": 1006622
        },
        "2016-01": {
            "month": "2016-01",
            "price": "2.68",
            "revenue": 1026429
        },
        "2016-02": {
            "month": "2016-02",
            "price": "2.70",
            "revenue": 751317
        },
        "2016-03": {
            "month": "2016-03",
            "price": "2.78",
            "revenue": 961583
        },
        "2016-04": {
            "month": "2016-04",
            "price": "2.90",
            "revenue": 920823
        },
        "2016-05": {
            "month": "2016-05",
            "price": "2.47",
            "revenue": 949806
        },
        "2016-06": {
            "month": "2016-06",
            "price": "2.67",
            "revenue": 909260
        },
        "2016-07": {
            "month": "2016-07",
            "price": "3.07",
            "revenue": 816415
        },
        "2016-08": {
            "month": "2016-08",
            "price": "3.79",
            "revenue": 828388
        },
        "2016-09": {
            "month": "2016-09",
            "price": "4.43",
            "revenue": 851578
        },
        "2016-10": {
            "month": "2016-10",
            "price": "5.67",
            "revenue": 887550
        },
        "2016-11": {
            "month": "2016-11",
            "price": "5.08",
            "revenue": 843632
        },
        "2016-12": {
            "month": "2016-12",
            "price": "5.21",
            "revenue": 801426
        },
        "2017-01": {
            "month": "2017-01",
            "price": "5.06",
            "revenue": 790144
        },
        "2017-02": {
            "month": "2017-02",
            "price": "6.10",
            "revenue": 695860
        },
        "2017-03": {
            "month": "2017-03",
            "price": "5.86",
            "revenue": 837205
        },
        "2017-04": {
            "month": "2017-04",
            "price": "5.20",
            "revenue": 798888
        },
        "2017-05": {
            "month": "2017-05",
            "price": "5.24",
            "revenue": 763689
        },
        "2017-06": {
            "month": "2017-06",
            "price": "5.41",
            "revenue": 800939
        },
        "2017-07": {
            "month": "2017-07",
            "price": "5.24",
            "revenue": 777741
        },
        "2017-08": {
            "month": "2017-08",
            "price": "5.05",
            "revenue": 814939
        },
        "2017-09": {
            "month": "2017-09",
            "price": "5.21",
            "revenue": 838615
        },
        "2017-10": {
            "month": "2017-10",
            "price": "5.08",
            "revenue": 899616
        },
        "2017-11": {
            "month": "2017-11",
            "price": "4.90",
            "revenue": 867545
        },
        "2017-12": {
            "month": "2017-12",
            "price": "4.58",
            "revenue": 912596
        },
        "2018-01": {
            "month": "2018-01",
            "price": "4.99",
            "revenue": 810422
        },
        "2018-02": {
            "month": "2018-02",
            "price": "5.20",
            "revenue": 680960
        },
        "2018-03": {
            "month": "2018-03",
            "price": "5.37",
            "revenue": 809816
        },
        "2018-04": {
            "month": "2018-04",
            "price": "5.74",
            "revenue": 819731
        },
        "2018-05": {
            "month": "2018-05",
            "price": "9.43",
            "revenue": 785138
        },
        "2018-06": {
            "month": "2018-06",
            "price": "16.73",
            "revenue": 817954
        },
        "2018-07": {
            "month": "2018-07",
            "price": "14.84",
            "revenue": 787366
        },
        "2018-08": {
            "month": "2018-08",
            "price": "11.76",
            "revenue": 767914
        },
        "2018-09": {
            "month": "2018-09",
            "price": "12.95",
            "revenue": 791437
        },
        "2018-10": {
            "month": "2018-10",
            "price": "10.69",
            "revenue": 811104
        },
        "2018-11": {
            "month": "2018-11",
            "price": "10.69",
            "revenue": 731916
        },
        "2018-12": {
            "month": "2018-12",
            "price": "11.81",
            "revenue": 731875
        },
        "2019-01": {
            "month": "2019-01",
            "price": "11.20",
            "revenue": 785609
        },
        "2019-02": {
            "month": "2019-02",
            "price": "10.90",
            "revenue": 535540
        },
        "2019-03": {
            "month": "2019-03",
            "price": "11.33",
            "revenue": 720158
        },
        "2019-04": {
            "month": "2019-04",
            "price": "10.92",
            "revenue": 612660
        },
        "2019-05": {
            "month": "2019-05",
            "price": "8.89",
            "revenue": 660700
        },
        "2019-06": {
            "month": "2019-06",
            "price": "9.08",
            "revenue": 684398
        },
        "2019-07": {
            "month": "2019-07",
            "price": "8.91",
            "revenue": 662469
        },
        "2019-08": {
            "month": "2019-08",
            "price": "8.67",
            "revenue": 621081
        },
        "2019-09": {
            "month": "2019-09",
            "price": "8.98",
            "revenue": 623116
        },
        "2019-10": {
            "month": "2019-10",
            "price": "8.49",
            "revenue": 623442
        },
        "2019-11": {
            "month": "2019-11",
            "price": "7.31",
            "revenue": 646955
        },
        "2019-12": {
            "month": "2019-12",
            "price": "7.12",
            "revenue": 607326
        },
        "2020-01": {
            "month": "2020-01",
            "price": "6.68",
            "revenue": 513459
        },
        "2020-02": {
            "month": "2020-02",
            "price": "5.85",
            "revenue": 495011
        },
        "2020-03": {
            "month": "2020-03",
            "price": "4.44",
            "revenue": 564050
        },
        "2020-04": {
            "month": "2020-04",
            "price": "4.83",
            "revenue": 499577
        },
        "2020-05": {
            "month": "2020-05",
            "price": "5.56",
            "revenue": 500371
        },
        "2020-06": {
            "month": "2020-06",
            "price": "5.52",
            "revenue": 502398
        },
        "2020-07": {
            "month": "2020-07",
            "price": "5.52",
            "revenue": 601933
        },
        "2020-08": {
            "month": "2020-08",
            "price": "5.80",
            "revenue": 613844
        },
        "2020-09": {
            "month": "2020-09",
            "price": "6.19",
            "revenue": 573929
        },
        "2020-10": {
            "month": "2020-10",
            "price": "10.88",
            "revenue": 574908
        },
        "2020-11": {
            "month": "2020-11",
            "price": "10.63",
            "revenue": 560753
        },
        "2020-12": {
            "month": "2020-12",
            "price": "11.17",
            "revenue": 576223
        },
        "2021-01": {
            "month": "2021-01",
            "price": "10.51",
            "revenue": 615793
        },
        "2021-02": {
            "month": "2021-02",
            "price": "10.28",
            "revenue": 506953
        },
        "2021-03": {
            "month": "2021-03",
            "price": "10.29",
            "revenue": 643418
        },
        "2021-04": {
            "month": "2021-04",
            "price": "11.74",
            "revenue": 660828
        },
        "2021-05": {
            "month": "2021-05",
            "price": "9.98",
            "revenue": 629229
        },
        "2021-06": {
            "month": "2021-06",
            "price": "9.68",
            "revenue": 631665
        },
        "2021-07": {
            "month": "2021-07",
            "price": "9.85",
            "revenue": 659640
        },
        "2021-08": {
            "month": "2021-08",
            "price": "9.93",
            "revenue": 641364
        },
        "2021-09": {
            "month": "2021-09",
            "price": "9.63",
            "revenue": 673906
        },
        "2021-10": {
            "month": "2021-10",
            "price": "9.44",
            "revenue": 638607
        },
        "2021-11": {
            "month": "2021-11",
            "price": "9.62",
            "revenue": 650852
        },
        "2021-12": {
            "month": "2021-12",
            "price": "9.78",
            "revenue": 536689
        },
        "2022-01": {
            "month": "2022-01",
            "price": "10.29",
            "revenue": 528253
        },
        "2022-02": {
            "month": "2022-02",
            "price": "9.66",
            "revenue": 454622
        },
        "2022-03": {
            "month": "2022-03",
            "price": "9.26",
            "revenue": 617074
        },
        "2022-04": {
            "month": "2022-04",
            "price": "8.98",
            "revenue": 610566
        },
        "2022-05": {
            "month": "2022-05",
            "price": "8.85",
            "revenue": 709499
        },
        "2022-06": {
            "month": "2022-06",
            "price": "8.48",
            "revenue": 723955
        },
        "2022-07": {
            "month": "2022-07",
            "price": "7.37",
            "revenue": 699359
        },
        "2022-08": {
            "month": "2022-08",
            "price": "8.01",
            "revenue": 686466
        },
        "2022-09": {
            "month": "2022-09",
            "price": "8.14",
            "revenue": 692996
        },
        "2022-10": {
            "month": "2022-10",
            "price": "7.20",
            "revenue": 658313
        },
        "2022-11": {
            "month": "2022-11",
            "price": "7.34",
            "revenue": 714330
        },
        "2022-12": {
            "month": "2022-12",
            "price": "7.92",
            "revenue": 659980
        },
        "2023-01": {
            "month": "2023-01",
            "price": "7.90",
            "revenue": 559092
        },
        "2023-02": {
            "month": "2023-02",
            "price": "8.37",
            "revenue": 590396
        },
        "2023-03": {
            "month": "2023-03",
            "price": "8.64",
            "revenue": 602481
        },
        "2023-04": {
            "month": "2023-04",
            "price": "9.14",
            "revenue": 580475
        },
        "2023-05": {
            "month": "2023-05",
            "price": "9.09",
            "revenue": 621681
        },
        "2023-06": {
            "month": "2023-06",
            "price": "9.78",
            "revenue": 674917
        },
        "2023-07": {
            "month": "2023-07",
            "price": "9.43",
            "revenue": 632159
        },
        "2023-08": {
            "month": "2023-08",
            "price": "8.60",
            "revenue": 656589
        },
        "2023-09": {
            "month": "2023-09",
            "price": "8.41",
            "revenue": 705003
        },
        "2023-10": {
            "month": "2023-10",
            "price": "8.01",
            "revenue": 713874
        },
        "2023-11": {
            "month": "2023-11",
            "price": "8.11",
            "revenue": 606142
        },
        "2023-12": {
            "month": "2023-12",
            "price": "8.27",
            "revenue": 684430
        }
    }
}
