{
    "summary": {
        "stock_name": "順德",
        "stock_id": "2351",
        "category": "半導體",
        "main_business": "半導體導線架<br>五金文具用品<br>模具及其他",
        "website_url": "http://www.sdi.com.tw",
        "ceo": "陳維德",
        "pe_ratio": 26,
        "report_year_from": 2001,
        "report_year_to": 2023,
        "age": 23,
        "eps_negative_percentage": 9,
        "eps_growth_avg": {
            "last_all": 22.78,
            "last_2y": 25.8,
            "last_4y": 1.58,
            "last_8y": 3.21,
            "last_12y": 12.15,
            "last_16y": 15.99,
            "last_20y": 22.78,
            "at_2006_last_3y": 61.21,
            "at_2007_last_3y": 43.79,
            "at_2008_last_3y": -0.61,
            "at_2009_last_3y": 28.49,
            "at_2010_last_3y": 28.49,
            "at_2011_last_3y": 11.18,
            "at_2012_last_3y": 52.57,
            "at_2013_last_3y": 45.51,
            "at_2014_last_3y": 32.27,
            "at_2015_last_3y": 46.68,
            "at_2016_last_3y": 31.44,
            "at_2017_last_3y": 13.05,
            "at_2018_last_3y": 5.24,
            "at_2019_last_3y": 0.03,
            "at_2020_last_3y": -13.87,
            "at_2021_last_3y": 11.57,
            "at_2022_last_3y": 10.24,
            "at_2023_last_3y": 12.19,
            "at_2024_last_3y": 12.19,
            "at_2006_last_all": 61.21,
            "at_2007_last_all": 43.79,
            "at_2008_last_all": 19.52,
            "at_2009_last_all": 32.93,
            "at_2010_last_all": 42.51,
            "at_2011_last_all": 27.49,
            "at_2012_last_all": 34.2,
            "at_2013_last_all": 37.96,
            "at_2014_last_all": 38.79,
            "at_2015_last_all": 33.88,
            "at_2016_last_all": 33.35,
            "at_2017_last_all": 30.85,
            "at_2018_last_all": 29.84,
            "at_2019_last_all": 25.42,
            "at_2020_last_all": 22.24,
            "at_2021_last_all": 26.56,
            "at_2022_last_all": 25.71,
            "at_2023_last_all": 22.78,
            "at_2024_last_all": 22.78
        },
        "latest_eps": 4.31,
        "latest_price": 113.5,
        "latest_roe": 11.97,
        "latest_gross_margin": 17.01,
        "latest_equity": 7049317,
        "latest_revenue": 2748185,
        "latest_gross_profit": 467516,
        "latest_net_income": 220949,
        "latest_debt_ratio": 43.2,
        "latest_current_ratio": 201.67,
        "latest_account_receivable_turnover_ratio": 1.28,
        "latest_inventory_turnover_ratio": 0.62,
        "latest_reinvestment_rate": 22.85,
        "latest_research_to_sale_ratio": 2.24
    },
    "eps_dividends": {
        "1995": {
            "cash": 0,
            "stock": 2.01,
            "eps": 0
        },
        "1996": {
            "cash": 0,
            "stock": 2,
            "eps": 0
        },
        "1997": {
            "cash": 0,
            "stock": 2,
            "eps": 0
        },
        "1998": {
            "cash": 0,
            "stock": 2.5,
            "eps": 0
        },
        "1999": {
            "cash": 0,
            "stock": 1.5,
            "eps": 0
        },
        "2000": {
            "cash": 0,
            "stock": 1.2,
            "eps": 0
        },
        "2001": {
            "cash": 0,
            "stock": 0,
            "eps": -0.48
        },
        "2002": {
            "cash": 0,
            "stock": 0,
            "eps": -0.16
        },
        "2003": {
            "cash": 0,
            "stock": 0,
            "eps": 0.72
        },
        "2004": {
            "cash": 0,
            "stock": 0.41,
            "eps": 1.71
        },
        "2005": {
            "cash": 0.8,
            "stock": 0,
            "eps": 1.43
        },
        "2006": {
            "cash": 1,
            "stock": 0,
            "eps": 3.07
        },
        "2007": {
            "cash": 2,
            "stock": 0,
            "eps": 2.81
        },
        "2008": {
            "cash": 1.8,
            "stock": 0,
            "eps": 0.63
        },
        "2009": {
            "cash": 0.3,
            "stock": 0,
            "eps": 1.84
        },
        "2010": {
            "cash": 1.2,
            "stock": 0,
            "eps": 3.72
        },
        "2011": {
            "cash": 2.1,
            "stock": 0,
            "eps": 0.83
        },
        "2012": {
            "cash": 0,
            "stock": 0,
            "eps": 1.56
        },
        "2013": {
            "cash": 1,
            "stock": 0,
            "eps": 2.68
        },
        "2014": {
            "cash": 1.6,
            "stock": 0,
            "eps": 3.94
        },
        "2015": {
            "cash": 2.2,
            "stock": 0,
            "eps": 3.15
        },
        "2016": {
            "cash": 2,
            "stock": 0,
            "eps": 4
        },
        "2017": {
            "cash": 2.5,
            "stock": 0,
            "eps": 3.93
        },
        "2018": {
            "cash": 2.5,
            "stock": 0,
            "eps": 4.55
        },
        "2019": {
            "cash": 2.8,
            "stock": 0,
            "eps": 2.69
        },
        "2020": {
            "cash": 1.8,
            "stock": 0,
            "eps": 1.92
        },
        "2021": {
            "cash": 1.8,
            "stock": 0,
            "eps": 4.68
        },
        "2022": {
            "cash": 3,
            "stock": 0,
            "eps": 5.17
        },
        "2023": {
            "cash": 6.4,
            "stock": 0,
            "eps": 3.46
        }
    },
    "dividends": {
        "1995-05-16": {
            "cash": 0,
            "stock": 2.01
        },
        "1996-03-21": {
            "cash": 0,
            "stock": 2
        },
        "1997-05-16": {
            "cash": 0,
            "stock": 2
        },
        "1998-04-23": {
            "cash": 0,
            "stock": 2.5
        },
        "1999-05-12": {
            "cash": 0,
            "stock": 1.5
        },
        "2000-05-24": {
            "cash": 0,
            "stock": 1.2
        },
        "2004-04-06": {
            "cash": 0,
            "stock": 0.41
        },
        "2005-04-04": {
            "cash": 0.8,
            "stock": 0
        },
        "2006-04-04": {
            "cash": 1,
            "stock": 0
        },
        "2007-04-03": {
            "cash": 2,
            "stock": 0
        },
        "2008-03-31": {
            "cash": 1.8,
            "stock": 0
        },
        "2009-03-31": {
            "cash": 0.3,
            "stock": 0
        },
        "2010-04-02": {
            "cash": 1.2,
            "stock": 0
        },
        "2011-01-01": {
            "cash": 0.3,
            "stock": 0
        },
        "2011-03-30": {
            "cash": 1.8,
            "stock": 0
        },
        "2013-03-26": {
            "cash": 1,
            "stock": 0
        },
        "2014-06-24": {
            "cash": 1.6,
            "stock": 0
        },
        "2015-08-28": {
            "cash": 2.2,
            "stock": 0
        },
        "2016-08-30": {
            "cash": 2,
            "stock": 0
        },
        "2017-08-31": {
            "cash": 2.5,
            "stock": 0
        },
        "2018-08-30": {
            "cash": 2.5,
            "stock": 0
        },
        "2019-08-30": {
            "cash": 2.8,
            "stock": 0
        },
        "2020-08-28": {
            "cash": 1.8,
            "stock": 0
        },
        "2021-10-18": {
            "cash": 1.8,
            "stock": 0
        },
        "2022-08-30": {
            "cash": 3,
            "stock": 0
        },
        "2023-02-23": {
            "cash": 3.2,
            "stock": 0
        },
        "2023-08-31": {
            "cash": 3.2,
            "stock": 0
        }
    },
    "prices": {
        "200101": "9.18",
        "200102": "12.24",
        "200103": "13.04",
        "200104": "14.18",
        "200105": "11.22",
        "200106": "11.13",
        "200107": "8.49",
        "200108": "8.24",
        "200109": "6.60",
        "200110": "5.86",
        "200111": "6.73",
        "200112": "8.81",
        "200201": "10.35",
        "200202": "9.67",
        "200203": "11.45",
        "200204": "15.69",
        "200205": "13.90",
        "200206": "12.76",
        "200207": "10.29",
        "200208": "8.90",
        "200209": "8.30",
        "200210": "7.86",
        "200211": "9.15",
        "200212": "8.83",
        "200301": "9.46",
        "200302": "9.11",
        "200303": "8.68",
        "200304": "8.92",
        "200305": "9.24",
        "200306": "13.24",
        "200307": "13.95",
        "200308": "14.20",
        "200309": "13.44",
        "200310": "13.76",
        "200311": "15.83",
        "200312": "16.93",
        "200401": "17.98",
        "200402": "17.58",
        "200403": "17.07",
        "200404": "17.18",
        "200405": "15.74",
        "200406": "16.28",
        "200407": "16.35",
        "200408": "15.64",
        "200409": "16.15",
        "200410": "16.02",
        "200411": "15.21",
        "200412": "14.50",
        "200501": "13.19",
        "200502": "12.67",
        "200503": "12.53",
        "200504": "11.34",
        "200505": "10.90",
        "200506": "12.31",
        "200507": "12.91",
        "200508": "12.02",
        "200509": "11.76",
        "200510": "12.11",
        "200511": "12.15",
        "200512": "13.18",
        "200601": "14.34",
        "200602": "14.80",
        "200603": "15.60",
        "200604": "18.26",
        "200605": "19.32",
        "200606": "19.72",
        "200607": "24.83",
        "200608": "33.96",
        "200609": "40.35",
        "200610": "49.32",
        "200611": "54.35",
        "200612": "48.43",
        "200701": "41.03",
        "200702": "41.55",
        "200703": "48.65",
        "200704": "57.34",
        "200705": "55.09",
        "200706": "54.12",
        "200707": "53.02",
        "200708": "45.13",
        "200709": "48.89",
        "200710": "45.23",
        "200711": "36.95",
        "200712": "27.33",
        "200801": "25.76",
        "200802": "28.16",
        "200803": "28.11",
        "200804": "29.46",
        "200805": "31.02",
        "200806": "26.07",
        "200807": "21.05",
        "200808": "20.58",
        "200809": "16.16",
        "200810": "14.01",
        "200811": "10.90",
        "200812": "10.35",
        "200901": "10.87",
        "200902": "10.90",
        "200903": "12.84",
        "200904": "14.40",
        "200905": "15.41",
        "200906": "15.92",
        "200907": "18.65",
        "200908": "22.71",
        "200909": "25.41",
        "200910": "30.90",
        "200911": "39.52",
        "200912": "43.74",
        "201001": "41.07",
        "201002": "35.88",
        "201003": "40.27",
        "201004": "51.60",
        "201005": "47.63",
        "201006": "43.85",
        "201007": "43.08",
        "201008": "42.23",
        "201009": "40.17",
        "201010": "38.63",
        "201011": "36.92",
        "201012": "39.81",
        "201101": "41.56",
        "201102": "39.08",
        "201103": "35.73",
        "201104": "36.04",
        "201105": "36.87",
        "201106": "35.20",
        "201107": "32.26",
        "201108": "24.99",
        "201109": "22.13",
        "201110": "21.46",
        "201111": "19.79",
        "201112": "17.59",
        "201201": "19.20",
        "201202": "24.25",
        "201203": "26.13",
        "201204": "25.54",
        "201205": "23.50",
        "201206": "21.67",
        "201207": "20.90",
        "201208": "20.75",
        "201209": "21.02",
        "201210": "19.61",
        "201211": "19.19",
        "201212": "19.55",
        "201301": "21.06",
        "201302": "24.27",
        "201303": "28.29",
        "201304": "28.04",
        "201305": "28.48",
        "201306": "30.42",
        "201307": "31.78",
        "201308": "35.80",
        "201309": "33.36",
        "201310": "33.35",
        "201311": "35.48",
        "201312": "37.81",
        "201401": "43.47",
        "201402": "45.11",
        "201403": "45.96",
        "201404": "46.20",
        "201405": "43.44",
        "201406": "40.75",
        "201407": "39.18",
        "201408": "38.99",
        "201409": "40.64",
        "201410": "39.62",
        "201411": "39.76",
        "201412": "40.24",
        "201501": "39.78",
        "201502": "43.29",
        "201503": "45.50",
        "201504": "42.40",
        "201505": "39.67",
        "201506": "33.70",
        "201507": "30.87",
        "201508": "24.45",
        "201509": "25.27",
        "201510": "27.65",
        "201511": "27.95",
        "201512": "27.85",
        "201601": "25.11",
        "201602": "26.88",
        "201603": "33.47",
        "201604": "33.27",
        "201605": "34.08",
        "201606": "34.31",
        "201607": "38.50",
        "201608": "41.88",
        "201609": "42.17",
        "201610": "40.75",
        "201611": "39.47",
        "201612": "41.44",
        "201701": "43.58",
        "201702": "51.49",
        "201703": "50.33",
        "201704": "45.65",
        "201705": "51.84",
        "201706": "56.70",
        "201707": "63.51",
        "201708": "61.18",
        "201709": "69.41",
        "201710": "85.46",
        "201711": "91.71",
        "201712": "84.70",
        "201801": "82.40",
        "201802": "74.38",
        "201803": "84.21",
        "201804": "79.16",
        "201805": "74.48",
        "201806": "86.74",
        "201807": "83.74",
        "201808": "84.02",
        "201809": "83.81",
        "201810": "66.15",
        "201811": "70.31",
        "201812": "72.35",
        "201901": "70.77",
        "201902": "79.07",
        "201903": "75.91",
        "201904": "71.02",
        "201905": "64.98",
        "201906": "64.62",
        "201907": "66.01",
        "201908": "59.53",
        "201909": "65.47",
        "201910": "61.57",
        "201911": "61.61",
        "201912": "64.11",
        "202001": "66.13",
        "202002": "62.28",
        "202003": "45.73",
        "202004": "43.38",
        "202005": "44.98",
        "202006": "49.58",
        "202007": "48.70",
        "202008": "46.40",
        "202009": "54.42",
        "202010": "62.14",
        "202011": "67.30",
        "202012": "78.79",
        "202101": "90.17",
        "202102": "86.24",
        "202103": "81.46",
        "202104": "87.25",
        "202105": "83.72",
        "202106": "109.08",
        "202107": "143.43",
        "202108": "142.95",
        "202109": "130.28",
        "202110": "143.40",
        "202111": "166.02",
        "202112": "161.14",
        "202201": "151.89",
        "202202": "145.97",
        "202203": "140.28",
        "202204": "138.68",
        "202205": "138.74",
        "202206": "140.81",
        "202207": "105.90",
        "202208": "117.59",
        "202209": "111.82",
        "202210": "103.04",
        "202211": "99.41",
        "202212": "102.17",
        "202301": "100.03",
        "202302": "122.78",
        "202303": "125.15",
        "202304": "128.00",
        "202305": "119.70",
        "202306": "124.65",
        "202307": "119.69",
        "202308": "100.07",
        "202309": "103.50",
        "202310": "110.58",
        "202311": "110.45",
        "202312": "115.76"
    },
    "quarters": {
        "20011": {
            "year_quarter": 20011,
            "year": 2001,
            "quarter": 1,
            "eps": 0.02,
            "eps_growth_year": -83.33,
            "eps_4q": 0.24,
            "eps_4q_growth_year": -71.18,
            "roe": 0.17,
            "roe_4q": 0.17,
            "gross_profit": 76314,
            "gross_margin": 17.72,
            "gross_margin_4q_avg": 17.72,
            "net_income": 3719,
            "net_income_4q": null,
            "revenue": 430770,
            "revenue_4q": null,
            "common_shares": 1664307,
            "book_valuer_per_share": 12.88,
            "book_valuer_per_share_4q_avg": 12.88,
            "equity": 2143780,
            "current_ratio": 136,
            "debt_ratio": 46.3,
            "inventory_turnover_ratio": 0.44,
            "account_receivable_turnover_ratio": null,
            "reinvestment_rate": null,
            "research_to_sale_ratio": null,
            "price_fair": 0,
            "eps_avg_yearly": 0,
            "eps_latest_yearly": 0,
            "eps_growth_yearly": 0
        },
        "20012": {
            "year_quarter": 20012,
            "year": 2001,
            "quarter": 2,
            "eps": -0.06,
            "eps_growth_year": -137.5,
            "eps_4q": 0.07,
            "eps_4q_growth_year": -90.87,
            "roe": -0.45,
            "roe_4q": -0.28,
            "gross_profit": 92300,
            "gross_margin": 20.04,
            "gross_margin_4q_avg": 18.88,
            "net_income": -9712,
            "net_income_4q": null,
            "revenue": 460626,
            "revenue_4q": null,
            "common_shares": 1664307,
            "book_valuer_per_share": 12.97,
            "book_valuer_per_share_4q_avg": 12.93,
            "equity": 2158554,
            "current_ratio": 124.27,
            "debt_ratio": 44.78,
            "inventory_turnover_ratio": 0.47,
            "account_receivable_turnover_ratio": null,
            "reinvestment_rate": null,
            "research_to_sale_ratio": null,
            "price_fair": 0,
            "eps_avg_yearly": 0,
            "eps_latest_yearly": 0,
            "eps_growth_yearly": 0
        },
        "20013": {
            "year_quarter": 20013,
            "year": 2001,
            "quarter": 3,
            "eps": -0.09,
            "eps_growth_year": -169.23,
            "eps_4q": -0.15,
            "eps_4q_growth_year": -125.66,
            "roe": -0.7,
            "roe_4q": -0.9799999999999999,
            "gross_profit": 37892,
            "gross_margin": 9.27,
            "gross_margin_4q_avg": 15.68,
            "net_income": -14960,
            "net_income_4q": null,
            "revenue": 408748,
            "revenue_4q": null,
            "common_shares": 1664307,
            "book_valuer_per_share": 12.89,
            "book_valuer_per_share_4q_avg": 12.91,
            "equity": 2145392,
            "current_ratio": 120.78,
            "debt_ratio": 44.77,
            "inventory_turnover_ratio": 0.5,
            "account_receivable_turnover_ratio": null,
            "reinvestment_rate": null,
            "research_to_sale_ratio": null,
            "price_fair": 0,
            "eps_avg_yearly": 0,
            "eps_latest_yearly": 0,
            "eps_growth_yearly": 0
        },
        "20014": {
            "year_quarter": 20014,
            "year": 2001,
            "quarter": 4,
            "eps": -0.35,
            "eps_growth_year": null,
            "eps_4q": -0.48,
            "eps_4q_growth_year": -233.33,
            "roe": -2.78,
            "roe_4q": -3.76,
            "gross_profit": 60376,
            "gross_margin": 13.67,
            "gross_margin_4q_avg": 15.18,
            "net_income": -58796,
            "net_income_4q": null,
            "revenue": 441772,
            "revenue_4q": null,
            "common_shares": 1664307,
            "book_valuer_per_share": 12.55,
            "book_valuer_per_share_4q_avg": 12.82,
            "equity": 2089473,
            "current_ratio": 100.06,
            "debt_ratio": 50.08,
            "inventory_turnover_ratio": 0.5,
            "account_receivable_turnover_ratio": null,
            "reinvestment_rate": null,
            "research_to_sale_ratio": null,
            "price_fair": 0,
            "eps_avg_yearly": 0,
            "eps_latest_yearly": 0,
            "eps_growth_yearly": 0
        },
        "20021": {
            "year_quarter": 20021,
            "year": 2002,
            "quarter": 1,
            "eps": -0.12,
            "eps_growth_year": -700,
            "eps_4q": -0.63,
            "eps_4q_growth_year": -360.38,
            "roe": -0.94,
            "roe_4q": -4.87,
            "gross_profit": 40994,
            "gross_margin": 9.08,
            "gross_margin_4q_avg": 13.02,
            "net_income": -19544,
            "net_income_4q": null,
            "revenue": 451514,
            "revenue_4q": null,
            "common_shares": 1664307,
            "book_valuer_per_share": 12.44,
            "book_valuer_per_share_4q_avg": 12.71,
            "equity": 2070604,
            "current_ratio": 129.36,
            "debt_ratio": 45.76,
            "inventory_turnover_ratio": 0.58,
            "account_receivable_turnover_ratio": null,
            "reinvestment_rate": null,
            "research_to_sale_ratio": null,
            "price_fair": 0,
            "eps_avg_yearly": 0,
            "eps_latest_yearly": 0,
            "eps_growth_yearly": 0
        },
        "20022": {
            "year_quarter": 20022,
            "year": 2002,
            "quarter": 2,
            "eps": -0.05,
            "eps_growth_year": null,
            "eps_4q": -0.62,
            "eps_4q_growth_year": -927.87,
            "roe": -0.44,
            "roe_4q": -4.86,
            "gross_profit": 91190,
            "gross_margin": 16.1,
            "gross_margin_4q_avg": 12.03,
            "net_income": -9082,
            "net_income_4q": null,
            "revenue": 566278,
            "revenue_4q": null,
            "common_shares": 1664307,
            "book_valuer_per_share": 12.26,
            "book_valuer_per_share_4q_avg": 12.54,
            "equity": 2039718,
            "current_ratio": 115.11,
            "debt_ratio": 46.68,
            "inventory_turnover_ratio": 0.78,
            "account_receivable_turnover_ratio": null,
            "reinvestment_rate": null,
            "research_to_sale_ratio": null,
            "price_fair": 0,
            "eps_avg_yearly": 0,
            "eps_latest_yearly": 0,
            "eps_growth_yearly": 0
        },
        "20023": {
            "year_quarter": 20023,
            "year": 2002,
            "quarter": 3,
            "eps": 0.15,
            "eps_growth_year": null,
            "eps_4q": -0.36,
            "eps_4q_growth_year": null,
            "roe": 1.23,
            "roe_4q": -2.9299999999999997,
            "gross_profit": 90828,
            "gross_margin": 17.99,
            "gross_margin_4q_avg": 14.21,
            "net_income": 25472,
            "net_income_4q": null,
            "revenue": 504964,
            "revenue_4q": null,
            "common_shares": 1664307,
            "book_valuer_per_share": 12.53,
            "book_valuer_per_share_4q_avg": 12.45,
            "equity": 2085770,
            "current_ratio": 118.87,
            "debt_ratio": 45.37,
            "inventory_turnover_ratio": 0.68,
            "account_receivable_turnover_ratio": null,
            "reinvestment_rate": null,
            "research_to_sale_ratio": null,
            "price_fair": 0,
            "eps_avg_yearly": 0,
            "eps_latest_yearly": 0,
            "eps_growth_yearly": 0
        },
        "20024": {
            "year_quarter": 20024,
            "year": 2002,
            "quarter": 4,
            "eps": -0.14,
            "eps_growth_year": null,
            "eps_4q": -0.19,
            "eps_4q_growth_year": null,
            "roe": -1.1,
            "roe_4q": -1.25,
            "gross_profit": 58482,
            "gross_margin": 11.62,
            "gross_margin_4q_avg": 13.7,
            "net_income": -23084,
            "net_income_4q": null,
            "revenue": 503266,
            "revenue_4q": null,
            "common_shares": 1664307,
            "book_valuer_per_share": 12.31,
            "book_valuer_per_share_4q_avg": 12.39,
            "equity": 2094776,
            "current_ratio": 103.98,
            "debt_ratio": 52.53,
            "inventory_turnover_ratio": 0.61,
            "account_receivable_turnover_ratio": null,
            "reinvestment_rate": 593.39,
            "research_to_sale_ratio": null,
            "price_fair": 0,
            "eps_avg_yearly": 0,
            "eps_latest_yearly": 0,
            "eps_growth_yearly": 0
        },
        "20031": {
            "year_quarter": 20031,
            "year": 2003,
            "quarter": 1,
            "eps": 0.14,
            "eps_growth_year": null,
            "eps_4q": 0.1,
            "eps_4q_growth_year": null,
            "roe": 1.14,
            "roe_4q": 0.8299999999999998,
            "gross_profit": 91588,
            "gross_margin": 17.09,
            "gross_margin_4q_avg": 15.7,
            "net_income": 23768,
            "net_income_4q": null,
            "revenue": 536051,
            "revenue_4q": null,
            "common_shares": 1664307,
            "book_valuer_per_share": 12.45,
            "book_valuer_per_share_4q_avg": 12.39,
            "equity": 2072810,
            "current_ratio": 126.8,
            "debt_ratio": 45.58,
            "inventory_turnover_ratio": 0.6,
            "account_receivable_turnover_ratio": null,
            "reinvestment_rate": 293.77,
            "research_to_sale_ratio": null,
            "price_fair": 0,
            "eps_avg_yearly": 0,
            "eps_latest_yearly": 0,
            "eps_growth_yearly": 0
        },
        "20032": {
            "year_quarter": 20032,
            "year": 2003,
            "quarter": 2,
            "eps": 0.22,
            "eps_growth_year": null,
            "eps_4q": 0.38,
            "eps_4q_growth_year": null,
            "roe": 1.75,
            "roe_4q": 3.0199999999999996,
            "gross_profit": 102488,
            "gross_margin": 17.03,
            "gross_margin_4q_avg": 15.93,
            "net_income": 36576,
            "net_income_4q": null,
            "revenue": 601944,
            "revenue_4q": null,
            "common_shares": 1664307,
            "book_valuer_per_share": 12.66,
            "book_valuer_per_share_4q_avg": 12.49,
            "equity": 2107211,
            "current_ratio": 123.52,
            "debt_ratio": 45.61,
            "inventory_turnover_ratio": 0.8,
            "account_receivable_turnover_ratio": null,
            "reinvestment_rate": -58.59,
            "research_to_sale_ratio": null,
            "price_fair": 30.8,
            "eps_avg_yearly": 0.88,
            "eps_latest_yearly": 0.88,
            "eps_growth_yearly": 228.57
        },
        "20033": {
            "year_quarter": 20033,
            "year": 2003,
            "quarter": 3,
            "eps": 0.17,
            "eps_growth_year": 13.33,
            "eps_4q": 0.39,
            "eps_4q_growth_year": null,
            "roe": 1.36,
            "roe_4q": 3.15,
            "gross_profit": 107395,
            "gross_margin": 18.48,
            "gross_margin_4q_avg": 16.06,
            "net_income": 28820,
            "net_income_4q": null,
            "revenue": 581048,
            "revenue_4q": null,
            "common_shares": 1664307,
            "book_valuer_per_share": 12.75,
            "book_valuer_per_share_4q_avg": 12.54,
            "equity": 2121737,
            "current_ratio": 123.33,
            "debt_ratio": 46.62,
            "inventory_turnover_ratio": 0.73,
            "account_receivable_turnover_ratio": null,
            "reinvestment_rate": -118.75,
            "research_to_sale_ratio": null,
            "price_fair": 27.3,
            "eps_avg_yearly": 0.78,
            "eps_latest_yearly": 0.68,
            "eps_growth_yearly": 68.83
        },
        "20034": {
            "year_quarter": 20034,
            "year": 2003,
            "quarter": 4,
            "eps": 0.19,
            "eps_growth_year": null,
            "eps_4q": 0.73,
            "eps_4q_growth_year": null,
            "roe": 1.45,
            "roe_4q": 5.7,
            "gross_profit": 128321,
            "gross_margin": 18.46,
            "gross_margin_4q_avg": 17.77,
            "net_income": 31298,
            "net_income_4q": null,
            "revenue": 694993,
            "revenue_4q": null,
            "common_shares": 1664307,
            "book_valuer_per_share": 12.92,
            "book_valuer_per_share_4q_avg": 12.7,
            "equity": 2203455,
            "current_ratio": 109.56,
            "debt_ratio": 53.44,
            "inventory_turnover_ratio": 0.68,
            "account_receivable_turnover_ratio": null,
            "reinvestment_rate": -119.05,
            "research_to_sale_ratio": null,
            "price_fair": 27.07,
            "eps_avg_yearly": 0.77,
            "eps_latest_yearly": 0.76,
            "eps_growth_yearly": 61.57
        },
        "20041": {
            "year_quarter": 20041,
            "year": 2004,
            "quarter": 1,
            "eps": 0.34,
            "eps_growth_year": 142.86,
            "eps_4q": 0.93,
            "eps_4q_growth_year": 822.78,
            "roe": 2.55,
            "roe_4q": 7.11,
            "gross_profit": 126573,
            "gross_margin": 18.13,
            "gross_margin_4q_avg": 18.03,
            "net_income": 55907,
            "net_income_4q": null,
            "revenue": 698235,
            "revenue_4q": null,
            "common_shares": 1664307,
            "book_valuer_per_share": 13.16,
            "book_valuer_per_share_4q_avg": 12.87,
            "equity": 2189865,
            "current_ratio": 145.82,
            "debt_ratio": 48.15,
            "inventory_turnover_ratio": 0.67,
            "account_receivable_turnover_ratio": null,
            "reinvestment_rate": -221.59,
            "research_to_sale_ratio": null,
            "price_fair": 32.2,
            "eps_avg_yearly": 0.92,
            "eps_latest_yearly": 1.36,
            "eps_growth_yearly": 125.13
        },
        "20042": {
            "year_quarter": 20042,
            "year": 2004,
            "quarter": 2,
            "eps": 0.63,
            "eps_growth_year": 186.36,
            "eps_4q": 1.33,
            "eps_4q_growth_year": 251.69,
            "roe": 4.7,
            "roe_4q": 10.059999999999999,
            "gross_profit": 183193,
            "gross_margin": 19.82,
            "gross_margin_4q_avg": 18.72,
            "net_income": 104869,
            "net_income_4q": null,
            "revenue": 924434,
            "revenue_4q": null,
            "common_shares": 1664307,
            "book_valuer_per_share": 13.64,
            "book_valuer_per_share_4q_avg": 13.12,
            "equity": 2269360,
            "current_ratio": 174.25,
            "debt_ratio": 46.49,
            "inventory_turnover_ratio": 1.02,
            "account_receivable_turnover_ratio": null,
            "reinvestment_rate": -114.51,
            "research_to_sale_ratio": null,
            "price_fair": 43.4,
            "eps_avg_yearly": 1.24,
            "eps_latest_yearly": 2.52,
            "eps_growth_yearly": 168.34
        },
        "20043": {
            "year_quarter": 20043,
            "year": 2004,
            "quarter": 3,
            "eps": 0.54,
            "eps_growth_year": 217.65,
            "eps_4q": 1.64,
            "eps_4q_growth_year": 320.3,
            "roe": 4.08,
            "roe_4q": 12.780000000000001,
            "gross_profit": 141055,
            "gross_margin": 16.32,
            "gross_margin_4q_avg": 18.18,
            "net_income": 94438,
            "net_income_4q": null,
            "revenue": 864074,
            "revenue_4q": null,
            "common_shares": 1735582,
            "book_valuer_per_share": 13.61,
            "book_valuer_per_share_4q_avg": 13.33,
            "equity": 2361786,
            "current_ratio": 162.09,
            "debt_ratio": 46.18,
            "inventory_turnover_ratio": 0.96,
            "account_receivable_turnover_ratio": null,
            "reinvestment_rate": -72.65,
            "research_to_sale_ratio": null,
            "price_fair": 48.77,
            "eps_avg_yearly": 1.39,
            "eps_latest_yearly": 2.16,
            "eps_growth_yearly": 130.76
        },
        "20044": {
            "year_quarter": 20044,
            "year": 2004,
            "quarter": 4,
            "eps": 0.2,
            "eps_growth_year": 5.26,
            "eps_4q": 1.67,
            "eps_4q_growth_year": 128.58,
            "roe": 1.45,
            "roe_4q": 12.780000000000001,
            "gross_profit": 116030,
            "gross_margin": 13.95,
            "gross_margin_4q_avg": 17.06,
            "net_income": 34686,
            "net_income_4q": null,
            "revenue": 831497,
            "revenue_4q": null,
            "common_shares": 1735583,
            "book_valuer_per_share": 13.48,
            "book_valuer_per_share_4q_avg": 13.47,
            "equity": 2409962,
            "current_ratio": 131.04,
            "debt_ratio": 55.16,
            "inventory_turnover_ratio": 0.68,
            "account_receivable_turnover_ratio": null,
            "reinvestment_rate": 20.37,
            "research_to_sale_ratio": null,
            "price_fair": 45.8,
            "eps_avg_yearly": 1.31,
            "eps_latest_yearly": 0.8,
            "eps_growth_yearly": 76.1
        },
        "20051": {
            "year_quarter": 20051,
            "year": 2005,
            "quarter": 1,
            "eps": 0.14,
            "eps_growth_year": -58.82,
            "eps_4q": 1.56,
            "eps_4q_growth_year": 67.8,
            "roe": 0.97,
            "roe_4q": 11.2,
            "gross_profit": 83051,
            "gross_margin": 11.24,
            "gross_margin_4q_avg": 15.33,
            "net_income": 23114,
            "net_income_4q": null,
            "revenue": 738783,
            "revenue_4q": null,
            "common_shares": 1735583,
            "book_valuer_per_share": 13.57,
            "book_valuer_per_share_4q_avg": 13.58,
            "equity": 2354861,
            "current_ratio": 145.56,
            "debt_ratio": 48.58,
            "inventory_turnover_ratio": 0.61,
            "account_receivable_turnover_ratio": null,
            "reinvestment_rate": -12.94,
            "research_to_sale_ratio": null,
            "price_fair": 42.53,
            "eps_avg_yearly": 1.22,
            "eps_latest_yearly": 0.56,
            "eps_growth_yearly": 51.59
        },
        "20052": {
            "year_quarter": 20052,
            "year": 2005,
            "quarter": 2,
            "eps": 0.39,
            "eps_growth_year": -38.1,
            "eps_4q": 1.28,
            "eps_4q_growth_year": -3.52,
            "roe": 2.87,
            "roe_4q": 9.370000000000001,
            "gross_profit": 108709,
            "gross_margin": 12.46,
            "gross_margin_4q_avg": 13.49,
            "net_income": 66688,
            "net_income_4q": null,
            "revenue": 872250,
            "revenue_4q": null,
            "common_shares": 1735582,
            "book_valuer_per_share": 13.21,
            "book_valuer_per_share_4q_avg": 13.47,
            "equity": 2292363,
            "current_ratio": 127.91,
            "debt_ratio": 51.83,
            "inventory_turnover_ratio": 0.95,
            "account_receivable_turnover_ratio": null,
            "reinvestment_rate": 30.87,
            "research_to_sale_ratio": null,
            "price_fair": 43.87,
            "eps_avg_yearly": 1.25,
            "eps_latest_yearly": 1.56,
            "eps_growth_yearly": 125.22
        },
        "20053": {
            "year_quarter": 20053,
            "year": 2005,
            "quarter": 3,
            "eps": 0.5,
            "eps_growth_year": -7.41,
            "eps_4q": 1.23,
            "eps_4q_growth_year": -24.66,
            "roe": 3.6,
            "roe_4q": 8.89,
            "gross_profit": 142671,
            "gross_margin": 14.68,
            "gross_margin_4q_avg": 13.08,
            "net_income": 84772,
            "net_income_4q": null,
            "revenue": 972107,
            "revenue_4q": null,
            "common_shares": 1735582,
            "book_valuer_per_share": 13.89,
            "book_valuer_per_share_4q_avg": 13.54,
            "equity": 2411533,
            "current_ratio": 129.35,
            "debt_ratio": 52.01,
            "inventory_turnover_ratio": 1.04,
            "account_receivable_turnover_ratio": null,
            "reinvestment_rate": 46.42,
            "research_to_sale_ratio": null,
            "price_fair": 46.48,
            "eps_avg_yearly": 1.33,
            "eps_latest_yearly": 2,
            "eps_growth_yearly": 123.98
        },
        "20054": {
            "year_quarter": 20054,
            "year": 2005,
            "quarter": 4,
            "eps": 0.4,
            "eps_growth_year": 100,
            "eps_4q": 1.43,
            "eps_4q_growth_year": -14.16,
            "roe": 2.67,
            "roe_4q": 10.110000000000001,
            "gross_profit": 144848,
            "gross_margin": 14.07,
            "gross_margin_4q_avg": 13.11,
            "net_income": 67481,
            "net_income_4q": null,
            "revenue": 1029198,
            "revenue_4q": null,
            "common_shares": 1735583,
            "book_valuer_per_share": 14.19,
            "book_valuer_per_share_4q_avg": 13.72,
            "equity": 2634942,
            "current_ratio": 137.32,
            "debt_ratio": 57.2,
            "inventory_turnover_ratio": 0.82,
            "account_receivable_turnover_ratio": null,
            "reinvestment_rate": 91.35,
            "research_to_sale_ratio": null,
            "price_fair": 47.35,
            "eps_avg_yearly": 1.35,
            "eps_latest_yearly": 1.6,
            "eps_growth_yearly": 105.44
        },
        "20061": {
            "year_quarter": 20061,
            "year": 2006,
            "quarter": 1,
            "eps": 0.44,
            "eps_growth_year": 214.29,
            "eps_4q": 1.73,
            "eps_4q_growth_year": 10.99,
            "roe": 2.9,
            "roe_4q": 12.04,
            "gross_profit": 155121,
            "gross_margin": 14.59,
            "gross_margin_4q_avg": 13.95,
            "net_income": 74770,
            "net_income_4q": null,
            "revenue": 1062886,
            "revenue_4q": null,
            "common_shares": 1735583,
            "book_valuer_per_share": 14.56,
            "book_valuer_per_share_4q_avg": 13.96,
            "equity": 2527693,
            "current_ratio": 138.41,
            "debt_ratio": 51.93,
            "inventory_turnover_ratio": 0.83,
            "account_receivable_turnover_ratio": null,
            "reinvestment_rate": 48.31,
            "research_to_sale_ratio": null,
            "price_fair": 48.53,
            "eps_avg_yearly": 1.39,
            "eps_latest_yearly": 1.76,
            "eps_growth_yearly": 99.98
        },
        "20062": {
            "year_quarter": 20062,
            "year": 2006,
            "quarter": 2,
            "eps": 0.76,
            "eps_growth_year": 94.87,
            "eps_4q": 2.08,
            "eps_4q_growth_year": 62.5,
            "roe": 5.22,
            "roe_4q": 14.389999999999999,
            "gross_profit": 255208,
            "gross_margin": 19.65,
            "gross_margin_4q_avg": 15.75,
            "net_income": 130664,
            "net_income_4q": null,
            "revenue": 1298622,
            "revenue_4q": null,
            "common_shares": 1735582,
            "book_valuer_per_share": 14.29,
            "book_valuer_per_share_4q_avg": 14.23,
            "equity": 2480437,
            "current_ratio": 116.53,
            "debt_ratio": 55.71,
            "inventory_turnover_ratio": 1.25,
            "account_receivable_turnover_ratio": null,
            "reinvestment_rate": 49.86,
            "research_to_sale_ratio": null,
            "price_fair": 52.98,
            "eps_avg_yearly": 1.51,
            "eps_latest_yearly": 3.04,
            "eps_growth_yearly": 114.67
        },
        "20063": {
            "year_quarter": 20063,
            "year": 2006,
            "quarter": 3,
            "eps": 1.12,
            "eps_growth_year": 124,
            "eps_4q": 2.71,
            "eps_4q_growth_year": 119.77,
            "roe": 7.36,
            "roe_4q": 18.15,
            "gross_profit": 254988,
            "gross_margin": 15.76,
            "gross_margin_4q_avg": 16.02,
            "net_income": 191933,
            "net_income_4q": null,
            "revenue": 1617907,
            "revenue_4q": null,
            "common_shares": 1735582,
            "book_valuer_per_share": 15.78,
            "book_valuer_per_share_4q_avg": 14.71,
            "equity": 2737918,
            "current_ratio": 122.22,
            "debt_ratio": 53.24,
            "inventory_turnover_ratio": 1.59,
            "account_receivable_turnover_ratio": null,
            "reinvestment_rate": 41.46,
            "research_to_sale_ratio": null,
            "price_fair": 60.4,
            "eps_avg_yearly": 1.73,
            "eps_latest_yearly": 4.48,
            "eps_growth_yearly": 120.01
        },
        "20064": {
            "year_quarter": 20064,
            "year": 2006,
            "quarter": 4,
            "eps": 0.75,
            "eps_growth_year": 87.5,
            "eps_4q": 3.07,
            "eps_4q_growth_year": 114.15,
            "roe": 4.45,
            "roe_4q": 19.93,
            "gross_profit": 207915,
            "gross_margin": 11.52,
            "gross_margin_4q_avg": 15.38,
            "net_income": 128310,
            "net_income_4q": null,
            "revenue": 1804156,
            "revenue_4q": null,
            "common_shares": 1735583,
            "book_valuer_per_share": 16.58,
            "book_valuer_per_share_4q_avg": 15.3,
            "equity": 3028941,
            "current_ratio": 140.25,
            "debt_ratio": 59.74,
            "inventory_turnover_ratio": 1.19,
            "account_receivable_turnover_ratio": null,
            "reinvestment_rate": 65.88,
            "research_to_sale_ratio": null,
            "price_fair": 63.37,
            "eps_avg_yearly": 1.81,
            "eps_latest_yearly": 3,
            "eps_growth_yearly": 103.2
        },
        "20071": {
            "year_quarter": 20071,
            "year": 2007,
            "quarter": 1,
            "eps": 0.56,
            "eps_growth_year": 27.27,
            "eps_4q": 3.14,
            "eps_4q_growth_year": 81.56,
            "roe": 3.25,
            "roe_4q": 20.28,
            "gross_profit": 165182,
            "gross_margin": 9.99,
            "gross_margin_4q_avg": 14.23,
            "net_income": 97945,
            "net_income_4q": null,
            "revenue": 1652682,
            "revenue_4q": null,
            "common_shares": 1735583,
            "book_valuer_per_share": 17.24,
            "book_valuer_per_share_4q_avg": 15.97,
            "equity": 2991872,
            "current_ratio": 121,
            "debt_ratio": 55.4,
            "inventory_turnover_ratio": 0.99,
            "account_receivable_turnover_ratio": null,
            "reinvestment_rate": 41.57,
            "research_to_sale_ratio": null,
            "price_fair": 64.31,
            "eps_avg_yearly": 1.84,
            "eps_latest_yearly": 2.24,
            "eps_growth_yearly": 90.42
        },
        "20072": {
            "year_quarter": 20072,
            "year": 2007,
            "quarter": 2,
            "eps": 0.92,
            "eps_growth_year": 21.05,
            "eps_4q": 3.32,
            "eps_4q_growth_year": 59.51,
            "roe": 5.53,
            "roe_4q": 20.59,
            "gross_profit": 247497,
            "gross_margin": 13.95,
            "gross_margin_4q_avg": 12.81,
            "net_income": 160409,
            "net_income_4q": null,
            "revenue": 1774260,
            "revenue_4q": null,
            "common_shares": 1735582,
            "book_valuer_per_share": 16.22,
            "book_valuer_per_share_4q_avg": 16.46,
            "equity": 2814332,
            "current_ratio": 116.02,
            "debt_ratio": 60.29,
            "inventory_turnover_ratio": 1.26,
            "account_receivable_turnover_ratio": null,
            "reinvestment_rate": 49.34,
            "research_to_sale_ratio": null,
            "price_fair": 70.44,
            "eps_avg_yearly": 2.01,
            "eps_latest_yearly": 3.68,
            "eps_growth_yearly": 92.2
        },
        "20073": {
            "year_quarter": 20073,
            "year": 2007,
            "quarter": 3,
            "eps": 0.75,
            "eps_growth_year": -33.04,
            "eps_4q": 2.96,
            "eps_4q_growth_year": 9.24,
            "roe": 4.54,
            "roe_4q": 17.77,
            "gross_profit": 249183,
            "gross_margin": 13.72,
            "gross_margin_4q_avg": 12.3,
            "net_income": 131028,
            "net_income_4q": null,
            "revenue": 1816312,
            "revenue_4q": null,
            "common_shares": 1735583,
            "book_valuer_per_share": 17.01,
            "book_valuer_per_share_4q_avg": 16.76,
            "equity": 2952971,
            "current_ratio": 123.95,
            "debt_ratio": 58.68,
            "inventory_turnover_ratio": 1.32,
            "account_receivable_turnover_ratio": null,
            "reinvestment_rate": 49.77,
            "research_to_sale_ratio": null,
            "price_fair": 75.51,
            "eps_avg_yearly": 2.16,
            "eps_latest_yearly": 3,
            "eps_growth_yearly": 93.27
        },
        "20074": {
            "year_quarter": 20074,
            "year": 2007,
            "quarter": 4,
            "eps": 0.58,
            "eps_growth_year": -22.67,
            "eps_4q": 2.83,
            "eps_4q_growth_year": -7.88,
            "roe": 3.25,
            "roe_4q": 16.57,
            "gross_profit": 191864,
            "gross_margin": 11.48,
            "gross_margin_4q_avg": 12.29,
            "net_income": 100351,
            "net_income_4q": null,
            "revenue": 1671850,
            "revenue_4q": null,
            "common_shares": 1735583,
            "book_valuer_per_share": 17.75,
            "book_valuer_per_share_4q_avg": 17.06,
            "equity": 3226061,
            "current_ratio": 130.72,
            "debt_ratio": 62.36,
            "inventory_turnover_ratio": 1.03,
            "account_receivable_turnover_ratio": null,
            "reinvestment_rate": 94.34,
            "research_to_sale_ratio": null,
            "price_fair": 78.93,
            "eps_avg_yearly": 2.26,
            "eps_latest_yearly": 2.32,
            "eps_growth_yearly": 84.66
        },
        "20081": {
            "year_quarter": 20081,
            "year": 2008,
            "quarter": 1,
            "eps": 0.34,
            "eps_growth_year": -39.29,
            "eps_4q": 2.33,
            "eps_4q_growth_year": -25.77,
            "roe": 2.04,
            "roe_4q": 15.36,
            "gross_profit": 309687,
            "gross_margin": 15.4,
            "gross_margin_4q_avg": 13.64,
            "net_income": 65694,
            "net_income_4q": null,
            "revenue": 2010595,
            "revenue_4q": null,
            "common_shares": 1735583,
            "book_valuer_per_share": 17.55,
            "book_valuer_per_share_4q_avg": 17.13,
            "equity": 3200233,
            "current_ratio": 123.04,
            "debt_ratio": 62.24,
            "inventory_turnover_ratio": 0.95,
            "account_receivable_turnover_ratio": null,
            "reinvestment_rate": 144.8,
            "research_to_sale_ratio": null,
            "price_fair": 78.93,
            "eps_avg_yearly": 2.26,
            "eps_latest_yearly": 1.36,
            "eps_growth_yearly": 54.58
        },
        "20082": {
            "year_quarter": 20082,
            "year": 2008,
            "quarter": 2,
            "eps": 0.58,
            "eps_growth_year": -36.96,
            "eps_4q": 2.12,
            "eps_4q_growth_year": -36.13,
            "roe": 3.44,
            "roe_4q": 13.27,
            "gross_profit": 338071,
            "gross_margin": 15.26,
            "gross_margin_4q_avg": 13.97,
            "net_income": 106293,
            "net_income_4q": null,
            "revenue": 2216079,
            "revenue_4q": null,
            "common_shares": 1735583,
            "book_valuer_per_share": 16.45,
            "book_valuer_per_share_4q_avg": 17.19,
            "equity": 2984663,
            "current_ratio": 111.54,
            "debt_ratio": 64.5,
            "inventory_turnover_ratio": 1.06,
            "account_receivable_turnover_ratio": null,
            "reinvestment_rate": 144.76,
            "research_to_sale_ratio": null,
            "price_fair": 78.49,
            "eps_avg_yearly": 2.24,
            "eps_latest_yearly": 2.32,
            "eps_growth_yearly": 50.9
        },
        "20083": {
            "year_quarter": 20083,
            "year": 2008,
            "quarter": 3,
            "eps": 0.66,
            "eps_growth_year": -12,
            "eps_4q": 2.04,
            "eps_4q_growth_year": -31.27,
            "roe": 3.89,
            "roe_4q": 12.620000000000001,
            "gross_profit": 227858,
            "gross_margin": 11.15,
            "gross_margin_4q_avg": 13.32,
            "net_income": 120112,
            "net_income_4q": null,
            "revenue": 2044298,
            "revenue_4q": null,
            "common_shares": 1735583,
            "book_valuer_per_share": 17.6,
            "book_valuer_per_share_4q_avg": 17.34,
            "equity": 3192093,
            "current_ratio": 111.95,
            "debt_ratio": 62.55,
            "inventory_turnover_ratio": 1.03,
            "account_receivable_turnover_ratio": null,
            "reinvestment_rate": 143.35,
            "research_to_sale_ratio": null,
            "price_fair": 79.54,
            "eps_avg_yearly": 2.27,
            "eps_latest_yearly": 2.64,
            "eps_growth_yearly": 57.92
        },
        "20084": {
            "year_quarter": 20084,
            "year": 2008,
            "quarter": 4,
            "eps": -0.95,
            "eps_growth_year": -263.79,
            "eps_4q": 0.54,
            "eps_4q_growth_year": -80.89,
            "roe": -5.33,
            "roe_4q": 4.04,
            "gross_profit": -132408,
            "gross_margin": -9.87,
            "gross_margin_4q_avg": 7.99,
            "net_income": -166763,
            "net_income_4q": null,
            "revenue": 1341628,
            "revenue_4q": null,
            "common_shares": 1735583,
            "book_valuer_per_share": 16.87,
            "book_valuer_per_share_4q_avg": 17.12,
            "equity": 3060466,
            "current_ratio": 146.15,
            "debt_ratio": 60.96,
            "inventory_turnover_ratio": 0.87,
            "account_receivable_turnover_ratio": 1.72,
            "reinvestment_rate": 105.54,
            "research_to_sale_ratio": null,
            "price_fair": 82.97,
            "eps_avg_yearly": 2.37,
            "eps_latest_yearly": 2.64,
            "eps_growth_yearly": 78.57
        },
        "20091": {
            "year_quarter": 20091,
            "year": 2009,
            "quarter": 1,
            "eps": 0.03,
            "eps_growth_year": -91.18,
            "eps_4q": 0.2,
            "eps_4q_growth_year": -91.61,
            "roe": 0.27,
            "roe_4q": 2.2699999999999996,
            "gross_profit": 91857,
            "gross_margin": 10.02,
            "gross_margin_4q_avg": 6.64,
            "net_income": 8432,
            "net_income_4q": null,
            "revenue": 916701,
            "revenue_4q": null,
            "common_shares": 1735583,
            "book_valuer_per_share": 17.17,
            "book_valuer_per_share_4q_avg": 17.02,
            "equity": 3114992,
            "current_ratio": 155.59,
            "debt_ratio": 58.08,
            "inventory_turnover_ratio": 0.53,
            "account_receivable_turnover_ratio": 0.68,
            "reinvestment_rate": 158.08,
            "research_to_sale_ratio": null,
            "price_fair": 87.5,
            "eps_avg_yearly": 2.5,
            "eps_latest_yearly": 2.64,
            "eps_growth_yearly": 92.76
        },
        "20092": {
            "year_quarter": 20092,
            "year": 2009,
            "quarter": 2,
            "eps": 0.22,
            "eps_growth_year": -62.07,
            "eps_4q": -0.03,
            "eps_4q_growth_year": -101.48,
            "roe": 1.46,
            "roe_4q": 0.29000000000000004,
            "gross_profit": 191884,
            "gross_margin": 14.06,
            "gross_margin_4q_avg": 6.34,
            "net_income": 44974,
            "net_income_4q": null,
            "revenue": 1365116,
            "revenue_4q": null,
            "common_shares": 1735583,
            "book_valuer_per_share": 16.83,
            "book_valuer_per_share_4q_avg": 17.12,
            "equity": 3048169,
            "current_ratio": 152.17,
            "debt_ratio": 58.22,
            "inventory_turnover_ratio": 0.86,
            "account_receivable_turnover_ratio": 1.05,
            "reinvestment_rate": 144.02,
            "research_to_sale_ratio": null,
            "price_fair": 85.8,
            "eps_avg_yearly": 2.45,
            "eps_latest_yearly": 0.88,
            "eps_growth_yearly": 222.69
        },
        "20093": {
            "year_quarter": 20093,
            "year": 2009,
            "quarter": 3,
            "eps": 0.76,
            "eps_growth_year": 15.15,
            "eps_4q": 0.05,
            "eps_4q_growth_year": -97.38,
            "roe": 4.47,
            "roe_4q": 0.8699999999999992,
            "gross_profit": 322615,
            "gross_margin": 18.21,
            "gross_margin_4q_avg": 8.11,
            "net_income": 138805,
            "net_income_4q": null,
            "revenue": 1771662,
            "revenue_4q": null,
            "common_shares": 1735583,
            "book_valuer_per_share": 17.42,
            "book_valuer_per_share_4q_avg": 17.07,
            "equity": 3159796,
            "current_ratio": 156.44,
            "debt_ratio": 57.09,
            "inventory_turnover_ratio": 1.24,
            "account_receivable_turnover_ratio": 1.13,
            "reinvestment_rate": 127.59,
            "research_to_sale_ratio": null,
            "price_fair": 88.4,
            "eps_avg_yearly": 2.53,
            "eps_latest_yearly": 3.04,
            "eps_growth_yearly": 284.76
        },
        "20094": {
            "year_quarter": 20094,
            "year": 2009,
            "quarter": 4,
            "eps": 0.83,
            "eps_growth_year": null,
            "eps_4q": 1.81,
            "eps_4q_growth_year": 234.77,
            "roe": 4.63,
            "roe_4q": 10.829999999999998,
            "gross_profit": 343274,
            "gross_margin": 17.96,
            "gross_margin_4q_avg": 15.06,
            "net_income": 151619,
            "net_income_4q": null,
            "revenue": 1910849,
            "revenue_4q": null,
            "common_shares": 1735583,
            "book_valuer_per_share": 18.7,
            "book_valuer_per_share_4q_avg": 17.53,
            "equity": 3392654,
            "current_ratio": 146.7,
            "debt_ratio": 57.7,
            "inventory_turnover_ratio": 1.16,
            "account_receivable_turnover_ratio": 2.38,
            "reinvestment_rate": 173.59,
            "research_to_sale_ratio": null,
            "price_fair": 92.7,
            "eps_avg_yearly": 2.65,
            "eps_latest_yearly": 3.32,
            "eps_growth_yearly": 293.11
        },
        "20101": {
            "year_quarter": 20101,
            "year": 2010,
            "quarter": 1,
            "eps": 0.82,
            "eps_growth_year": 2633.33,
            "eps_4q": 2.6,
            "eps_4q_growth_year": 1231.02,
            "roe": 4.43,
            "roe_4q": 14.989999999999998,
            "gross_profit": 345597,
            "gross_margin": 15.76,
            "gross_margin_4q_avg": 16.5,
            "net_income": 153555,
            "net_income_4q": null,
            "revenue": 2193499,
            "revenue_4q": null,
            "common_shares": 1735583,
            "book_valuer_per_share": 19.48,
            "book_valuer_per_share_4q_avg": 18.11,
            "equity": 3538110,
            "current_ratio": 152.38,
            "debt_ratio": 57.71,
            "inventory_turnover_ratio": 1.08,
            "account_receivable_turnover_ratio": 1.28,
            "reinvestment_rate": 231.69,
            "research_to_sale_ratio": 1.25,
            "price_fair": 96.5,
            "eps_avg_yearly": 2.76,
            "eps_latest_yearly": 3.28,
            "eps_growth_yearly": 289.9
        },
        "20102": {
            "year_quarter": 20102,
            "year": 2010,
            "quarter": 2,
            "eps": 1.21,
            "eps_growth_year": 449.96,
            "eps_4q": 3.59,
            "eps_4q_growth_year": null,
            "roe": 6.28,
            "roe_4q": 19.81,
            "gross_profit": 408923,
            "gross_margin": 15.22,
            "gross_margin_4q_avg": 16.79,
            "net_income": 222655,
            "net_income_4q": null,
            "revenue": 2687624,
            "revenue_4q": null,
            "common_shares": 1735583,
            "book_valuer_per_share": 19.63,
            "book_valuer_per_share_4q_avg": 18.81,
            "equity": 3548315,
            "current_ratio": 133.85,
            "debt_ratio": 60.85,
            "inventory_turnover_ratio": 1.23,
            "account_receivable_turnover_ratio": 1.33,
            "reinvestment_rate": 230.96,
            "research_to_sale_ratio": 1.28,
            "price_fair": 101,
            "eps_avg_yearly": 2.89,
            "eps_latest_yearly": 4.84,
            "eps_growth_yearly": 282.71
        },
        "20103": {
            "year_quarter": 20103,
            "year": 2010,
            "quarter": 3,
            "eps": 1.1,
            "eps_growth_year": 44.78,
            "eps_4q": 3.87,
            "eps_4q_growth_year": 7166.51,
            "roe": 5.67,
            "roe_4q": 21.009999999999998,
            "gross_profit": 451705,
            "gross_margin": 16.77,
            "gross_margin_4q_avg": 16.43,
            "net_income": 211435,
            "net_income_4q": null,
            "revenue": 2692850,
            "revenue_4q": null,
            "common_shares": 1782253,
            "book_valuer_per_share": 21.05,
            "book_valuer_per_share_4q_avg": 19.72,
            "equity": 3910040,
            "current_ratio": 139.51,
            "debt_ratio": 58.7,
            "inventory_turnover_ratio": 1.13,
            "account_receivable_turnover_ratio": 1.22,
            "reinvestment_rate": 251.44,
            "research_to_sale_ratio": 1.25,
            "price_fair": 100.8,
            "eps_avg_yearly": 2.88,
            "eps_latest_yearly": 4.4,
            "eps_growth_yearly": 266.58
        },
        "20104": {
            "year_quarter": 20104,
            "year": 2010,
            "quarter": 4,
            "eps": 0.59,
            "eps_growth_year": -28.38,
            "eps_4q": 3.67,
            "eps_4q_growth_year": 102.86,
            "roe": 3.06,
            "roe_4q": 19.44,
            "gross_profit": 377786,
            "gross_margin": 15.06,
            "gross_margin_4q_avg": 15.7,
            "net_income": 119306,
            "net_income_4q": null,
            "revenue": 2508808,
            "revenue_4q": null,
            "common_shares": 1782253,
            "book_valuer_per_share": 20.93,
            "book_valuer_per_share_4q_avg": 20.27,
            "equity": 3900328,
            "current_ratio": 134.63,
            "debt_ratio": 58.99,
            "inventory_turnover_ratio": 1.01,
            "account_receivable_turnover_ratio": 1.18,
            "reinvestment_rate": 203.44,
            "research_to_sale_ratio": 4.32,
            "price_fair": 99.2,
            "eps_avg_yearly": 2.83,
            "eps_latest_yearly": 2.36,
            "eps_growth_yearly": 262.77
        },
        "20111": {
            "year_quarter": 20111,
            "year": 2011,
            "quarter": 1,
            "eps": 0.75,
            "eps_growth_year": -8.54,
            "eps_4q": 3.63,
            "eps_4q_growth_year": 39.46,
            "roe": 3.75,
            "roe_4q": 18.76,
            "gross_profit": 335527,
            "gross_margin": 12.95,
            "gross_margin_4q_avg": 15,
            "net_income": 149459,
            "net_income_4q": null,
            "revenue": 2591836,
            "revenue_4q": null,
            "common_shares": 1782253,
            "book_valuer_per_share": 21.84,
            "book_valuer_per_share_4q_avg": 20.86,
            "equity": 4078391,
            "current_ratio": 139.94,
            "debt_ratio": 59.01,
            "inventory_turnover_ratio": 0.97,
            "account_receivable_turnover_ratio": 1.26,
            "reinvestment_rate": 273.73,
            "research_to_sale_ratio": 1.26,
            "price_fair": 101.1,
            "eps_avg_yearly": 2.89,
            "eps_latest_yearly": 3,
            "eps_growth_yearly": 277.76
        },
        "20112": {
            "year_quarter": 20112,
            "year": 2011,
            "quarter": 2,
            "eps": 0.07,
            "eps_growth_year": -93.87,
            "eps_4q": 2.52,
            "eps_4q_growth_year": -29.82,
            "roe": 0.69,
            "roe_4q": 13.17,
            "gross_profit": 211671,
            "gross_margin": 7.28,
            "gross_margin_4q_avg": 13.02,
            "net_income": 27025,
            "net_income_4q": null,
            "revenue": 2908787,
            "revenue_4q": null,
            "common_shares": 1782253,
            "book_valuer_per_share": 20.03,
            "book_valuer_per_share_4q_avg": 20.96,
            "equity": 3728783,
            "current_ratio": 122.29,
            "debt_ratio": 63.73,
            "inventory_turnover_ratio": 1.09,
            "account_receivable_turnover_ratio": 1.32,
            "reinvestment_rate": 296.26,
            "research_to_sale_ratio": 1.15,
            "price_fair": 92.6,
            "eps_avg_yearly": 2.65,
            "eps_latest_yearly": 0.28,
            "eps_growth_yearly": 233.49
        },
        "20113": {
            "year_quarter": 20113,
            "year": 2011,
            "quarter": 3,
            "eps": 0.28,
            "eps_growth_year": -74.85,
            "eps_4q": 1.7,
            "eps_4q_growth_year": -56.16,
            "roe": 1.59,
            "roe_4q": 9.09,
            "gross_profit": 218429,
            "gross_margin": 8.05,
            "gross_margin_4q_avg": 10.84,
            "net_income": 60915,
            "net_income_4q": null,
            "revenue": 2713991,
            "revenue_4q": null,
            "common_shares": 1782253,
            "book_valuer_per_share": 20.99,
            "book_valuer_per_share_4q_avg": 20.95,
            "equity": 3910886,
            "current_ratio": 123.1,
            "debt_ratio": 62.9,
            "inventory_turnover_ratio": 0.99,
            "account_receivable_turnover_ratio": 1.2,
            "reinvestment_rate": 333.57,
            "research_to_sale_ratio": 1.17,
            "price_fair": 87.9,
            "eps_avg_yearly": 2.51,
            "eps_latest_yearly": 1.12,
            "eps_growth_yearly": 324.48
        },
        "20114": {
            "year_quarter": 20114,
            "year": 2011,
            "quarter": 4,
            "eps": -0.27,
            "eps_growth_year": -146.12,
            "eps_4q": 0.83,
            "eps_4q_growth_year": -77.4,
            "roe": -1,
            "roe_4q": 5.03,
            "gross_profit": 108916,
            "gross_margin": 5.56,
            "gross_margin_4q_avg": 8.46,
            "net_income": -38603,
            "net_income_4q": null,
            "revenue": 1959921,
            "revenue_4q": null,
            "common_shares": 1782253,
            "book_valuer_per_share": 20.55,
            "book_valuer_per_share_4q_avg": 20.85,
            "equity": 3842583,
            "current_ratio": 131.99,
            "debt_ratio": 61.02,
            "inventory_turnover_ratio": 0.75,
            "account_receivable_turnover_ratio": 1.03,
            "reinvestment_rate": 260.26,
            "research_to_sale_ratio": 4.42,
            "price_fair": 88.42,
            "eps_avg_yearly": 2.53,
            "eps_latest_yearly": 1.12,
            "eps_growth_yearly": 356.42
        },
        "20121": {
            "year_quarter": 20121,
            "year": 2012,
            "quarter": 1,
            "eps": 0.37,
            "eps_growth_year": -50.67,
            "eps_4q": 0.44,
            "eps_4q_growth_year": -87.77,
            "roe": 1.92,
            "roe_4q": 3.1999999999999997,
            "gross_profit": 265212,
            "gross_margin": 13.4,
            "gross_margin_4q_avg": 8.57,
            "net_income": 74065,
            "net_income_4q": null,
            "revenue": 1978641,
            "revenue_4q": null,
            "common_shares": 1782253,
            "book_valuer_per_share": 20.73,
            "book_valuer_per_share_4q_avg": 20.58,
            "equity": 3884096,
            "current_ratio": 175.45,
            "debt_ratio": 59.61,
            "inventory_turnover_ratio": 0.75,
            "account_receivable_turnover_ratio": 1.2,
            "reinvestment_rate": 249.72,
            "research_to_sale_ratio": 1.67,
            "price_fair": 91.82,
            "eps_avg_yearly": 2.62,
            "eps_latest_yearly": 1.12,
            "eps_growth_yearly": 399.91
        },
        "20122": {
            "year_quarter": 20122,
            "year": 2012,
            "quarter": 2,
            "eps": 0.46,
            "eps_growth_year": 521.35,
            "eps_4q": 0.83,
            "eps_4q_growth_year": -67.1,
            "roe": 2.59,
            "roe_4q": 5.1,
            "gross_profit": 277947,
            "gross_margin": 11.14,
            "gross_margin_4q_avg": 9.54,
            "net_income": 100716,
            "net_income_4q": null,
            "revenue": 2494656,
            "revenue_4q": null,
            "common_shares": 1782253,
            "book_valuer_per_share": 20.95,
            "book_valuer_per_share_4q_avg": 20.81,
            "equity": 3903590,
            "current_ratio": 162.9,
            "debt_ratio": 60.95,
            "inventory_turnover_ratio": 1.03,
            "account_receivable_turnover_ratio": 1.34,
            "reinvestment_rate": 249.45,
            "research_to_sale_ratio": 1.66,
            "price_fair": 90.42,
            "eps_avg_yearly": 2.58,
            "eps_latest_yearly": 1.84,
            "eps_growth_yearly": 384.49
        },
        "20123": {
            "year_quarter": 20123,
            "year": 2012,
            "quarter": 3,
            "eps": 0.65,
            "eps_growth_year": 135.83,
            "eps_4q": 1.21,
            "eps_4q_growth_year": -29.03,
            "roe": 3.35,
            "roe_4q": 6.859999999999999,
            "gross_profit": 333083,
            "gross_margin": 14.61,
            "gross_margin_4q_avg": 11.18,
            "net_income": 132622,
            "net_income_4q": null,
            "revenue": 2280527,
            "revenue_4q": null,
            "common_shares": 1782253,
            "book_valuer_per_share": 21.43,
            "book_valuer_per_share_4q_avg": 20.92,
            "equity": 4006630,
            "current_ratio": 164.98,
            "debt_ratio": 59.16,
            "inventory_turnover_ratio": 0.87,
            "account_receivable_turnover_ratio": 1.18,
            "reinvestment_rate": 236.26,
            "research_to_sale_ratio": 2.03,
            "price_fair": 90.3,
            "eps_avg_yearly": 2.58,
            "eps_latest_yearly": 2.6,
            "eps_growth_yearly": 393.66
        },
        "20124": {
            "year_quarter": 20124,
            "year": 2012,
            "quarter": 4,
            "eps": 0.08,
            "eps_growth_year": null,
            "eps_4q": 1.55,
            "eps_4q_growth_year": 86.45,
            "roe": 0.7,
            "roe_4q": 8.559999999999999,
            "gross_profit": 260796,
            "gross_margin": 13.02,
            "gross_margin_4q_avg": 13.04,
            "net_income": 28258,
            "net_income_4q": null,
            "revenue": 2003136,
            "revenue_4q": null,
            "common_shares": 1802253,
            "book_valuer_per_share": 21.44,
            "book_valuer_per_share_4q_avg": 21.14,
            "equity": 4063070,
            "current_ratio": 175.44,
            "debt_ratio": 55.77,
            "inventory_turnover_ratio": 0.79,
            "account_receivable_turnover_ratio": 1.18,
            "reinvestment_rate": 198.98,
            "research_to_sale_ratio": 3.01,
            "price_fair": 84.22,
            "eps_avg_yearly": 2.41,
            "eps_latest_yearly": 0.32,
            "eps_growth_yearly": 336.4
        },
        "20131": {
            "year_quarter": 20131,
            "year": 2013,
            "quarter": 1,
            "eps": 0.45,
            "eps_growth_year": 21.62,
            "eps_4q": 1.63,
            "eps_4q_growth_year": 268.49,
            "roe": 2.37,
            "roe_4q": 9.01,
            "gross_profit": 266801,
            "gross_margin": 12.64,
            "gross_margin_4q_avg": 12.85,
            "net_income": 96676,
            "net_income_4q": null,
            "revenue": 2110056,
            "revenue_4q": null,
            "common_shares": 1802253,
            "book_valuer_per_share": 21.58,
            "book_valuer_per_share_4q_avg": 21.35,
            "equity": 4102453,
            "current_ratio": 172.68,
            "debt_ratio": 56.67,
            "inventory_turnover_ratio": 0.91,
            "account_receivable_turnover_ratio": 1.26,
            "reinvestment_rate": 53.6,
            "research_to_sale_ratio": 2,
            "price_fair": 82.7,
            "eps_avg_yearly": 2.36,
            "eps_latest_yearly": 1.8,
            "eps_growth_yearly": 444.51
        },
        "20132": {
            "year_quarter": 20132,
            "year": 2013,
            "quarter": 2,
            "eps": 0.72,
            "eps_growth_year": 56.35,
            "eps_4q": 1.9,
            "eps_4q_growth_year": 129.47,
            "roe": 3.75,
            "roe_4q": 10.17,
            "gross_profit": 379667,
            "gross_margin": 15.23,
            "gross_margin_4q_avg": 13.88,
            "net_income": 153198,
            "net_income_4q": null,
            "revenue": 2493427,
            "revenue_4q": null,
            "common_shares": 1802253,
            "book_valuer_per_share": 21.48,
            "book_valuer_per_share_4q_avg": 21.48,
            "equity": 4070613,
            "current_ratio": 158.19,
            "debt_ratio": 58.76,
            "inventory_turnover_ratio": 1.04,
            "account_receivable_turnover_ratio": 1.32,
            "reinvestment_rate": 52.78,
            "research_to_sale_ratio": 2.12,
            "price_fair": 87.7,
            "eps_avg_yearly": 2.51,
            "eps_latest_yearly": 2.88,
            "eps_growth_yearly": 280.7
        },
        "20133": {
            "year_quarter": 20133,
            "year": 2013,
            "quarter": 3,
            "eps": 0.87,
            "eps_growth_year": 33.33,
            "eps_4q": 2.13,
            "eps_4q_growth_year": 76.4,
            "roe": 4.25,
            "roe_4q": 11.07,
            "gross_profit": 407592,
            "gross_margin": 17.49,
            "gross_margin_4q_avg": 14.6,
            "net_income": 176684,
            "net_income_4q": null,
            "revenue": 2329856,
            "revenue_4q": null,
            "common_shares": 1802253,
            "book_valuer_per_share": 22.28,
            "book_valuer_per_share_4q_avg": 21.7,
            "equity": 4236425,
            "current_ratio": 164.34,
            "debt_ratio": 57.25,
            "inventory_turnover_ratio": 0.87,
            "account_receivable_turnover_ratio": 1.15,
            "reinvestment_rate": 53.55,
            "research_to_sale_ratio": 2.29,
            "price_fair": 88.8,
            "eps_avg_yearly": 2.54,
            "eps_latest_yearly": 3.48,
            "eps_growth_yearly": 216.52
        },
        "20134": {
            "year_quarter": 20134,
            "year": 2013,
            "quarter": 4,
            "eps": 0.64,
            "eps_growth_year": 665.17,
            "eps_4q": 2.69,
            "eps_4q_growth_year": 73.62,
            "roe": 2.88,
            "roe_4q": 13.25,
            "gross_profit": 315767,
            "gross_margin": 14.86,
            "gross_margin_4q_avg": 15.06,
            "net_income": 124269,
            "net_income_4q": null,
            "revenue": 2125209,
            "revenue_4q": null,
            "common_shares": 1802253,
            "book_valuer_per_share": 23.07,
            "book_valuer_per_share_4q_avg": 22.1,
            "equity": 4385813,
            "current_ratio": 165.65,
            "debt_ratio": 54.26,
            "inventory_turnover_ratio": 0.81,
            "account_receivable_turnover_ratio": 1.06,
            "reinvestment_rate": -54.21,
            "research_to_sale_ratio": 2.62,
            "price_fair": 86.9,
            "eps_avg_yearly": 2.48,
            "eps_latest_yearly": 2.56,
            "eps_growth_yearly": 206.34
        },
        "20141": {
            "year_quarter": 20141,
            "year": 2014,
            "quarter": 1,
            "eps": 0.73,
            "eps_growth_year": 62.22,
            "eps_4q": 2.97,
            "eps_4q_growth_year": 81.64,
            "roe": 3.2,
            "roe_4q": 14.08,
            "gross_profit": 343962,
            "gross_margin": 15.33,
            "gross_margin_4q_avg": 15.73,
            "net_income": 142745,
            "net_income_4q": null,
            "revenue": 2243114,
            "revenue_4q": null,
            "common_shares": 1802253,
            "book_valuer_per_share": 23.92,
            "book_valuer_per_share_4q_avg": 22.69,
            "equity": 4549713,
            "current_ratio": 178.12,
            "debt_ratio": 53.62,
            "inventory_turnover_ratio": 0.89,
            "account_receivable_turnover_ratio": 1.13,
            "reinvestment_rate": -63.17,
            "research_to_sale_ratio": 2.25,
            "price_fair": 86,
            "eps_avg_yearly": 2.46,
            "eps_latest_yearly": 2.92,
            "eps_growth_yearly": 210.7
        },
        "20142": {
            "year_quarter": 20142,
            "year": 2014,
            "quarter": 2,
            "eps": 0.84,
            "eps_growth_year": 16.67,
            "eps_4q": 3.09,
            "eps_4q_growth_year": 62.08,
            "roe": 3.89,
            "roe_4q": 14.219999999999999,
            "gross_profit": 454317,
            "gross_margin": 18.23,
            "gross_margin_4q_avg": 16.48,
            "net_income": 173258,
            "net_income_4q": null,
            "revenue": 2492176,
            "revenue_4q": null,
            "common_shares": 1802253,
            "book_valuer_per_share": 23.01,
            "book_valuer_per_share_4q_avg": 23.07,
            "equity": 4363913,
            "current_ratio": 150.44,
            "debt_ratio": 55.92,
            "inventory_turnover_ratio": 0.94,
            "account_receivable_turnover_ratio": 1.19,
            "reinvestment_rate": -85.79,
            "research_to_sale_ratio": 2.36,
            "price_fair": 82.3,
            "eps_avg_yearly": 2.35,
            "eps_latest_yearly": 3.36,
            "eps_growth_yearly": 201.42
        },
        "20143": {
            "year_quarter": 20143,
            "year": 2014,
            "quarter": 3,
            "eps": 1.26,
            "eps_growth_year": 44.83,
            "eps_4q": 3.47,
            "eps_4q_growth_year": 63.27,
            "roe": 5.48,
            "roe_4q": 15.45,
            "gross_profit": 500596,
            "gross_margin": 18.88,
            "gross_margin_4q_avg": 16.83,
            "net_income": 246501,
            "net_income_4q": null,
            "revenue": 2652070,
            "revenue_4q": null,
            "common_shares": 1802253,
            "book_valuer_per_share": 24.43,
            "book_valuer_per_share_4q_avg": 23.61,
            "equity": 4640134,
            "current_ratio": 171.38,
            "debt_ratio": 54.4,
            "inventory_turnover_ratio": 0.96,
            "account_receivable_turnover_ratio": 1.15,
            "reinvestment_rate": -105.26,
            "research_to_sale_ratio": 2.27,
            "price_fair": 83.9,
            "eps_avg_yearly": 2.4,
            "eps_latest_yearly": 5.04,
            "eps_growth_yearly": 218.3
        },
        "20144": {
            "year_quarter": 20144,
            "year": 2014,
            "quarter": 4,
            "eps": 1.11,
            "eps_growth_year": 72.1,
            "eps_4q": 3.91,
            "eps_4q_growth_year": 45.37,
            "roe": 4.55,
            "roe_4q": 17.12,
            "gross_profit": 448635,
            "gross_margin": 18.61,
            "gross_margin_4q_avg": 17.76,
            "net_income": 218357,
            "net_income_4q": null,
            "revenue": 2410497,
            "revenue_4q": null,
            "common_shares": 1822253,
            "book_valuer_per_share": 25.77,
            "book_valuer_per_share_4q_avg": 24.28,
            "equity": 4950806,
            "current_ratio": 168.92,
            "debt_ratio": 52.71,
            "inventory_turnover_ratio": 0.83,
            "account_receivable_turnover_ratio": 1.02,
            "reinvestment_rate": -111.92,
            "research_to_sale_ratio": 2.81,
            "price_fair": 89.1,
            "eps_avg_yearly": 2.55,
            "eps_latest_yearly": 4.44,
            "eps_growth_yearly": 228.15
        },
        "20151": {
            "year_quarter": 20151,
            "year": 2015,
            "quarter": 1,
            "eps": 0.81,
            "eps_growth_year": 10.96,
            "eps_4q": 4,
            "eps_4q_growth_year": 34.72,
            "roe": 3.11,
            "roe_4q": 17.03,
            "gross_profit": 393947,
            "gross_margin": 17.75,
            "gross_margin_4q_avg": 18.37,
            "net_income": 155993,
            "net_income_4q": null,
            "revenue": 2218803,
            "revenue_4q": null,
            "common_shares": 1821903,
            "book_valuer_per_share": 26.5,
            "book_valuer_per_share_4q_avg": 24.93,
            "equity": 5090485,
            "current_ratio": 174.05,
            "debt_ratio": 51.41,
            "inventory_turnover_ratio": 0.73,
            "account_receivable_turnover_ratio": 0.99,
            "reinvestment_rate": -122.53,
            "research_to_sale_ratio": 2.74,
            "price_fair": 89.7,
            "eps_avg_yearly": 2.56,
            "eps_latest_yearly": 3.24,
            "eps_growth_yearly": 212.68
        },
        "20152": {
            "year_quarter": 20152,
            "year": 2015,
            "quarter": 2,
            "eps": 0.66,
            "eps_growth_year": -21.43,
            "eps_4q": 3.83,
            "eps_4q_growth_year": 24.02,
            "roe": 2.8,
            "roe_4q": 15.940000000000001,
            "gross_profit": 420900,
            "gross_margin": 17.89,
            "gross_margin_4q_avg": 18.28,
            "net_income": 137868,
            "net_income_4q": null,
            "revenue": 2353218,
            "revenue_4q": null,
            "common_shares": 1821453,
            "book_valuer_per_share": 24.93,
            "book_valuer_per_share_4q_avg": 25.41,
            "equity": 4771109,
            "current_ratio": 148.64,
            "debt_ratio": 54.06,
            "inventory_turnover_ratio": 0.74,
            "account_receivable_turnover_ratio": 1.11,
            "reinvestment_rate": -113.22,
            "research_to_sale_ratio": 2.13,
            "price_fair": 95.6,
            "eps_avg_yearly": 2.73,
            "eps_latest_yearly": 2.64,
            "eps_growth_yearly": 233.29
        },
        "20153": {
            "year_quarter": 20153,
            "year": 2015,
            "quarter": 3,
            "eps": 1.09,
            "eps_growth_year": -13.49,
            "eps_4q": 3.68,
            "eps_4q_growth_year": 5.95,
            "roe": 4.39,
            "roe_4q": 14.849999999999998,
            "gross_profit": 367067,
            "gross_margin": 17.03,
            "gross_margin_4q_avg": 17.82,
            "net_income": 215222,
            "net_income_4q": null,
            "revenue": 2155871,
            "revenue_4q": null,
            "common_shares": 1821453,
            "book_valuer_per_share": 26.27,
            "book_valuer_per_share_4q_avg": 25.87,
            "equity": 5030923,
            "current_ratio": 174.36,
            "debt_ratio": 51.44,
            "inventory_turnover_ratio": 0.71,
            "account_receivable_turnover_ratio": 1.05,
            "reinvestment_rate": -120.78,
            "research_to_sale_ratio": 2.23,
            "price_fair": 103.7,
            "eps_avg_yearly": 2.96,
            "eps_latest_yearly": 4.36,
            "eps_growth_yearly": 166.19
        },
        "20154": {
            "year_quarter": 20154,
            "year": 2015,
            "quarter": 4,
            "eps": 0.59,
            "eps_growth_year": -47.11,
            "eps_4q": 3.16,
            "eps_4q_growth_year": -19.2,
            "roe": 2.39,
            "roe_4q": 12.689999999999998,
            "gross_profit": 316313,
            "gross_margin": 15.32,
            "gross_margin_4q_avg": 17,
            "net_income": 121198,
            "net_income_4q": null,
            "revenue": 2065310,
            "revenue_4q": null,
            "common_shares": 1821453,
            "book_valuer_per_share": 26.61,
            "book_valuer_per_share_4q_avg": 26.08,
            "equity": 5108021,
            "current_ratio": 165.72,
            "debt_ratio": 48.48,
            "inventory_turnover_ratio": 0.76,
            "account_receivable_turnover_ratio": 1.08,
            "reinvestment_rate": -117.76,
            "research_to_sale_ratio": 2.38,
            "price_fair": 102.29,
            "eps_avg_yearly": 2.92,
            "eps_latest_yearly": 2.36,
            "eps_growth_yearly": 142.88
        },
        "20161": {
            "year_quarter": 20161,
            "year": 2016,
            "quarter": 1,
            "eps": 0.85,
            "eps_growth_year": 4.94,
            "eps_4q": 3.19,
            "eps_4q_growth_year": -20.18,
            "roe": 3.23,
            "roe_4q": 12.809999999999999,
            "gross_profit": 399628,
            "gross_margin": 19.39,
            "gross_margin_4q_avg": 17.41,
            "net_income": 167187,
            "net_income_4q": null,
            "revenue": 2061215,
            "revenue_4q": null,
            "common_shares": 1821453,
            "book_valuer_per_share": 27.37,
            "book_valuer_per_share_4q_avg": 26.3,
            "equity": 5259036,
            "current_ratio": 173.85,
            "debt_ratio": 46.27,
            "inventory_turnover_ratio": 0.76,
            "account_receivable_turnover_ratio": 1.14,
            "reinvestment_rate": -110.63,
            "research_to_sale_ratio": 2.42,
            "price_fair": 103.34,
            "eps_avg_yearly": 2.95,
            "eps_latest_yearly": 3.4,
            "eps_growth_yearly": 144.97
        },
        "20162": {
            "year_quarter": 20162,
            "year": 2016,
            "quarter": 2,
            "eps": 0.98,
            "eps_growth_year": 48.48,
            "eps_4q": 3.51,
            "eps_4q_growth_year": -8.43,
            "roe": 3.83,
            "roe_4q": 13.84,
            "gross_profit": 463278,
            "gross_margin": 21.11,
            "gross_margin_4q_avg": 18.21,
            "net_income": 196704,
            "net_income_4q": null,
            "revenue": 2194508,
            "revenue_4q": null,
            "common_shares": 1821453,
            "book_valuer_per_share": 26.19,
            "book_valuer_per_share_4q_avg": 26.61,
            "equity": 5023208,
            "current_ratio": 163.93,
            "debt_ratio": 49.22,
            "inventory_turnover_ratio": 0.79,
            "account_receivable_turnover_ratio": 1.17,
            "reinvestment_rate": -107.42,
            "research_to_sale_ratio": 2.17,
            "price_fair": 107.89,
            "eps_avg_yearly": 3.08,
            "eps_latest_yearly": 3.92,
            "eps_growth_yearly": 142.71
        },
        "20163": {
            "year_quarter": 20163,
            "year": 2016,
            "quarter": 3,
            "eps": 1.05,
            "eps_growth_year": -3.67,
            "eps_4q": 3.47,
            "eps_4q_growth_year": -5.78,
            "roe": 4.22,
            "roe_4q": 13.670000000000002,
            "gross_profit": 505825,
            "gross_margin": 21.94,
            "gross_margin_4q_avg": 19.44,
            "net_income": 215659,
            "net_income_4q": null,
            "revenue": 2305901,
            "revenue_4q": null,
            "common_shares": 1821453,
            "book_valuer_per_share": 26.98,
            "book_valuer_per_share_4q_avg": 26.79,
            "equity": 5190704,
            "current_ratio": 196.58,
            "debt_ratio": 46.81,
            "inventory_turnover_ratio": 0.83,
            "account_receivable_turnover_ratio": 1.15,
            "reinvestment_rate": -102.65,
            "research_to_sale_ratio": 2.2,
            "price_fair": 111.39,
            "eps_avg_yearly": 3.18,
            "eps_latest_yearly": 4.2,
            "eps_growth_yearly": 134.17
        },
        "20164": {
            "year_quarter": 20164,
            "year": 2016,
            "quarter": 4,
            "eps": 1.12,
            "eps_growth_year": 90.49,
            "eps_4q": 4,
            "eps_4q_growth_year": 26.66,
            "roe": 4.29,
            "roe_4q": 15.57,
            "gross_profit": 463638,
            "gross_margin": 20.65,
            "gross_margin_4q_avg": 20.77,
            "net_income": 227393,
            "net_income_4q": null,
            "revenue": 2244717,
            "revenue_4q": null,
            "common_shares": 1821403,
            "book_valuer_per_share": 28.01,
            "book_valuer_per_share_4q_avg": 27.14,
            "equity": 5400676,
            "current_ratio": 210.16,
            "debt_ratio": 46.4,
            "inventory_turnover_ratio": 0.83,
            "account_receivable_turnover_ratio": 1.1,
            "reinvestment_rate": -93.57,
            "research_to_sale_ratio": 2.42,
            "price_fair": 120.49,
            "eps_avg_yearly": 3.44,
            "eps_latest_yearly": 4.48,
            "eps_growth_yearly": 157.76
        },
        "20171": {
            "year_quarter": 20171,
            "year": 2017,
            "quarter": 1,
            "eps": 0.85,
            "eps_growth_year": 0,
            "eps_4q": 4,
            "eps_4q_growth_year": 25.26,
            "roe": 3.13,
            "roe_4q": 15.47,
            "gross_profit": 479982,
            "gross_margin": 20.96,
            "gross_margin_4q_avg": 21.17,
            "net_income": 170664,
            "net_income_4q": null,
            "revenue": 2290504,
            "revenue_4q": null,
            "common_shares": 1821403,
            "book_valuer_per_share": 28.41,
            "book_valuer_per_share_4q_avg": 27.4,
            "equity": 5488461,
            "current_ratio": 208.7,
            "debt_ratio": 45.43,
            "inventory_turnover_ratio": 0.76,
            "account_receivable_turnover_ratio": 1.14,
            "reinvestment_rate": -17.09,
            "research_to_sale_ratio": 2.14,
            "price_fair": 123.99,
            "eps_avg_yearly": 3.54,
            "eps_latest_yearly": 3.4,
            "eps_growth_yearly": 36.11
        },
        "20172": {
            "year_quarter": 20172,
            "year": 2017,
            "quarter": 2,
            "eps": 0.98,
            "eps_growth_year": 0,
            "eps_4q": 4,
            "eps_4q_growth_year": 14.05,
            "roe": 3.77,
            "roe_4q": 15.41,
            "gross_profit": 471317,
            "gross_margin": 19.61,
            "gross_margin_4q_avg": 20.79,
            "net_income": 201763,
            "net_income_4q": null,
            "revenue": 2403945,
            "revenue_4q": null,
            "common_shares": 1821403,
            "book_valuer_per_share": 27.06,
            "book_valuer_per_share_4q_avg": 27.62,
            "equity": 5213975,
            "current_ratio": 173.58,
            "debt_ratio": 50.59,
            "inventory_turnover_ratio": 0.74,
            "account_receivable_turnover_ratio": 1.15,
            "reinvestment_rate": -8.59,
            "research_to_sale_ratio": 2.06,
            "price_fair": 126.01,
            "eps_avg_yearly": 3.61,
            "eps_latest_yearly": 3.92,
            "eps_growth_yearly": 24.93
        },
        "20173": {
            "year_quarter": 20173,
            "year": 2017,
            "quarter": 3,
            "eps": 1.17,
            "eps_growth_year": 11.43,
            "eps_4q": 4.12,
            "eps_4q_growth_year": 18.81,
            "roe": 4.33,
            "roe_4q": 15.52,
            "gross_profit": 470143,
            "gross_margin": 19.06,
            "gross_margin_4q_avg": 20.07,
            "net_income": 231363,
            "net_income_4q": null,
            "revenue": 2467005,
            "revenue_4q": null,
            "common_shares": 1821403,
            "book_valuer_per_share": 28.36,
            "book_valuer_per_share_4q_avg": 27.96,
            "equity": 5468163,
            "current_ratio": 191.71,
            "debt_ratio": 48.79,
            "inventory_turnover_ratio": 0.73,
            "account_receivable_turnover_ratio": 1.11,
            "reinvestment_rate": -4.93,
            "research_to_sale_ratio": 2.23,
            "price_fair": 127.29,
            "eps_avg_yearly": 3.68,
            "eps_latest_yearly": 4.68,
            "eps_growth_yearly": 24.57
        },
        "20174": {
            "year_quarter": 20174,
            "year": 2017,
            "quarter": 4,
            "eps": 0.93,
            "eps_growth_year": -16.77,
            "eps_4q": 3.93,
            "eps_4q_growth_year": -1.65,
            "roe": 3.16,
            "roe_4q": 14.39,
            "gross_profit": 431828,
            "gross_margin": 17.85,
            "gross_margin_4q_avg": 19.37,
            "net_income": 175911,
            "net_income_4q": null,
            "revenue": 2419596,
            "revenue_4q": null,
            "common_shares": 1821403,
            "book_valuer_per_share": 29.35,
            "book_valuer_per_share_4q_avg": 28.3,
            "equity": 5657438,
            "current_ratio": 196.58,
            "debt_ratio": 47.05,
            "inventory_turnover_ratio": 0.72,
            "account_receivable_turnover_ratio": 1.09,
            "reinvestment_rate": -6.08,
            "research_to_sale_ratio": 2.25,
            "price_fair": 131.43,
            "eps_avg_yearly": 3.76,
            "eps_latest_yearly": 3.72,
            "eps_growth_yearly": 26.05
        },
        "20181": {
            "year_quarter": 20181,
            "year": 2018,
            "quarter": 1,
            "eps": 0.85,
            "eps_growth_year": 0,
            "eps_4q": 3.93,
            "eps_4q_growth_year": -1.6,
            "roe": 2.9,
            "roe_4q": 14.16,
            "gross_profit": 439484,
            "gross_margin": 18.2,
            "gross_margin_4q_avg": 18.68,
            "net_income": 167244,
            "net_income_4q": null,
            "revenue": 2414204,
            "revenue_4q": null,
            "common_shares": 1821403,
            "book_valuer_per_share": 30.39,
            "book_valuer_per_share_4q_avg": 28.79,
            "equity": 5857803,
            "current_ratio": 219.75,
            "debt_ratio": 45.2,
            "inventory_turnover_ratio": 0.71,
            "account_receivable_turnover_ratio": 1.12,
            "reinvestment_rate": -5,
            "research_to_sale_ratio": 2.32,
            "price_fair": 115,
            "eps_avg_yearly": 3.79,
            "eps_latest_yearly": 3.4,
            "eps_growth_yearly": 20.38
        },
        "20182": {
            "year_quarter": 20182,
            "year": 2018,
            "quarter": 2,
            "eps": 1.33,
            "eps_growth_year": 35.71,
            "eps_4q": 4.28,
            "eps_4q_growth_year": 7.12,
            "roe": 4.63,
            "roe_4q": 15.02,
            "gross_profit": 519945,
            "gross_margin": 19.32,
            "gross_margin_4q_avg": 18.61,
            "net_income": 265213,
            "net_income_4q": null,
            "revenue": 2691186,
            "revenue_4q": null,
            "common_shares": 1821403,
            "book_valuer_per_share": 29.17,
            "book_valuer_per_share_4q_avg": 29.32,
            "equity": 5609973,
            "current_ratio": 157.11,
            "debt_ratio": 49.96,
            "inventory_turnover_ratio": 0.79,
            "account_receivable_turnover_ratio": 1.21,
            "reinvestment_rate": 2.27,
            "research_to_sale_ratio": 2.32,
            "price_fair": 136.76,
            "eps_avg_yearly": 3.91,
            "eps_latest_yearly": 5.32,
            "eps_growth_yearly": 30.73
        },
        "20183": {
            "year_quarter": 20183,
            "year": 2018,
            "quarter": 3,
            "eps": 1.25,
            "eps_growth_year": 6.84,
            "eps_4q": 4.36,
            "eps_4q_growth_year": 5.81,
            "roe": 4.27,
            "roe_4q": 14.959999999999999,
            "gross_profit": 526130,
            "gross_margin": 19.17,
            "gross_margin_4q_avg": 18.64,
            "net_income": 243485,
            "net_income_4q": null,
            "revenue": 2745020,
            "revenue_4q": null,
            "common_shares": 1821403,
            "book_valuer_per_share": 30.14,
            "book_valuer_per_share_4q_avg": 29.76,
            "equity": 5803387,
            "current_ratio": 170.65,
            "debt_ratio": 47.36,
            "inventory_turnover_ratio": 0.81,
            "account_receivable_turnover_ratio": 1.16,
            "reinvestment_rate": 5.91,
            "research_to_sale_ratio": 2.22,
            "price_fair": 104.38,
            "eps_avg_yearly": 3.91,
            "eps_latest_yearly": 5,
            "eps_growth_yearly": 16.73
        },
        "20184": {
            "year_quarter": 20184,
            "year": 2018,
            "quarter": 4,
            "eps": 1.12,
            "eps_growth_year": 20.75,
            "eps_4q": 4.55,
            "eps_4q_growth_year": 15.77,
            "roe": 3.6,
            "roe_4q": 15.4,
            "gross_profit": 445899,
            "gross_margin": 17.38,
            "gross_margin_4q_avg": 18.52,
            "net_income": 212627,
            "net_income_4q": null,
            "revenue": 2566085,
            "revenue_4q": null,
            "common_shares": 1821403,
            "book_valuer_per_share": 31.31,
            "book_valuer_per_share_4q_avg": 30.25,
            "equity": 6023995,
            "current_ratio": 173.8,
            "debt_ratio": 47.07,
            "inventory_turnover_ratio": 0.75,
            "account_receivable_turnover_ratio": 1.12,
            "reinvestment_rate": 7.93,
            "research_to_sale_ratio": 2.22,
            "price_fair": 105.91,
            "eps_avg_yearly": 3.91,
            "eps_latest_yearly": 4.48,
            "eps_growth_yearly": 17.11
        },
        "20191": {
            "year_quarter": 20191,
            "year": 2019,
            "quarter": 1,
            "eps": 0.84,
            "eps_growth_year": -1.18,
            "eps_4q": 4.54,
            "eps_4q_growth_year": 15.54,
            "roe": 2.66,
            "roe_4q": 15.16,
            "gross_profit": 397625,
            "gross_margin": 17.54,
            "gross_margin_4q_avg": 18.35,
            "net_income": 162998,
            "net_income_4q": null,
            "revenue": 2267041,
            "revenue_4q": null,
            "common_shares": 1821403,
            "book_valuer_per_share": 32.33,
            "book_valuer_per_share_4q_avg": 30.74,
            "equity": 6218542,
            "current_ratio": 191.63,
            "debt_ratio": 45.06,
            "inventory_turnover_ratio": 0.63,
            "account_receivable_turnover_ratio": 1.14,
            "reinvestment_rate": 12.11,
            "research_to_sale_ratio": 2.56,
            "price_fair": 108.1,
            "eps_avg_yearly": 3.92,
            "eps_latest_yearly": 3.36,
            "eps_growth_yearly": 17.61
        },
        "20192": {
            "year_quarter": 20192,
            "year": 2019,
            "quarter": 2,
            "eps": 0.86,
            "eps_growth_year": -35.34,
            "eps_4q": 4.08,
            "eps_4q_growth_year": -4.81,
            "roe": 2.85,
            "roe_4q": 13.379999999999999,
            "gross_profit": 435840,
            "gross_margin": 19.04,
            "gross_margin_4q_avg": 18.28,
            "net_income": 171702,
            "net_income_4q": null,
            "revenue": 2288752,
            "revenue_4q": null,
            "common_shares": 1821403,
            "book_valuer_per_share": 30.29,
            "book_valuer_per_share_4q_avg": 31.02,
            "equity": 5813255,
            "current_ratio": 182.87,
            "debt_ratio": 48.08,
            "inventory_turnover_ratio": 0.6,
            "account_receivable_turnover_ratio": 1.26,
            "reinvestment_rate": 7.08,
            "research_to_sale_ratio": 2.7,
            "price_fair": 130.2,
            "eps_avg_yearly": 3.97,
            "eps_latest_yearly": 3.44,
            "eps_growth_yearly": 22.84
        },
        "20193": {
            "year_quarter": 20193,
            "year": 2019,
            "quarter": 3,
            "eps": 0.69,
            "eps_growth_year": -44.8,
            "eps_4q": 3.52,
            "eps_4q_growth_year": -19.28,
            "roe": 2.44,
            "roe_4q": 11.55,
            "gross_profit": 395352,
            "gross_margin": 18.56,
            "gross_margin_4q_avg": 18.13,
            "net_income": 142929,
            "net_income_4q": null,
            "revenue": 2129617,
            "revenue_4q": null,
            "common_shares": 1821403,
            "book_valuer_per_share": 30.77,
            "book_valuer_per_share_4q_avg": 31.18,
            "equity": 5917137,
            "current_ratio": 236.93,
            "debt_ratio": 44.14,
            "inventory_turnover_ratio": 0.57,
            "account_receivable_turnover_ratio": 1.21,
            "reinvestment_rate": 1.5,
            "research_to_sale_ratio": 2.84,
            "price_fair": 44.86,
            "eps_avg_yearly": 3.87,
            "eps_latest_yearly": 2.76,
            "eps_growth_yearly": 1.61
        },
        "20194": {
            "year_quarter": 20194,
            "year": 2019,
            "quarter": 4,
            "eps": 0.3,
            "eps_growth_year": -72.92,
            "eps_4q": 2.7,
            "eps_4q_growth_year": -40.7,
            "roe": 1.23,
            "roe_4q": 9.18,
            "gross_profit": 306113,
            "gross_margin": 14.21,
            "gross_margin_4q_avg": 17.34,
            "net_income": 72836,
            "net_income_4q": null,
            "revenue": 2153957,
            "revenue_4q": null,
            "common_shares": 1821403,
            "book_valuer_per_share": 30.97,
            "book_valuer_per_share_4q_avg": 31.09,
            "equity": 5971666,
            "current_ratio": 249.66,
            "debt_ratio": 42.56,
            "inventory_turnover_ratio": 0.66,
            "account_receivable_turnover_ratio": 1.26,
            "reinvestment_rate": -0.71,
            "research_to_sale_ratio": 2.16,
            "price_fair": 11.38,
            "eps_avg_yearly": 3.79,
            "eps_latest_yearly": 1.2,
            "eps_growth_yearly": -1.06
        },
        "20201": {
            "year_quarter": 20201,
            "year": 2020,
            "quarter": 1,
            "eps": 0.27,
            "eps_growth_year": -67.86,
            "eps_4q": 2.12,
            "eps_4q_growth_year": -53.33,
            "roe": 1.04,
            "roe_4q": 7.5600000000000005,
            "gross_profit": 254240,
            "gross_margin": 13.11,
            "gross_margin_4q_avg": 16.23,
            "net_income": 62088,
            "net_income_4q": null,
            "revenue": 1939815,
            "revenue_4q": null,
            "common_shares": 1821403,
            "book_valuer_per_share": 31.18,
            "book_valuer_per_share_4q_avg": 30.8,
            "equity": 6023936,
            "current_ratio": 247.85,
            "debt_ratio": 43.02,
            "inventory_turnover_ratio": 0.63,
            "account_receivable_turnover_ratio": 1.16,
            "reinvestment_rate": -2.3,
            "research_to_sale_ratio": 2.69,
            "price_fair": 10.94,
            "eps_avg_yearly": 3.65,
            "eps_latest_yearly": 1.08,
            "eps_growth_yearly": -14.57
        },
        "20202": {
            "year_quarter": 20202,
            "year": 2020,
            "quarter": 2,
            "eps": 0.38,
            "eps_growth_year": -55.81,
            "eps_4q": 1.64,
            "eps_4q_growth_year": -59.69,
            "roe": 1.44,
            "roe_4q": 6.15,
            "gross_profit": 303119,
            "gross_margin": 14.8,
            "gross_margin_4q_avg": 15.17,
            "net_income": 84516,
            "net_income_4q": null,
            "revenue": 2048754,
            "revenue_4q": null,
            "common_shares": 1821403,
            "book_valuer_per_share": 29.63,
            "book_valuer_per_share_4q_avg": 30.64,
            "equity": 5704431,
            "current_ratio": 221.23,
            "debt_ratio": 45.81,
            "inventory_turnover_ratio": 0.63,
            "account_receivable_turnover_ratio": 1.21,
            "reinvestment_rate": -3.31,
            "research_to_sale_ratio": 2.42,
            "price_fair": 10.49,
            "eps_avg_yearly": 3.5,
            "eps_latest_yearly": 1.52,
            "eps_growth_yearly": -8.21
        },
        "20203": {
            "year_quarter": 20203,
            "year": 2020,
            "quarter": 3,
            "eps": 0.51,
            "eps_growth_year": -26.09,
            "eps_4q": 1.46,
            "eps_4q_growth_year": -58.43,
            "roe": 1.9,
            "roe_4q": 5.609999999999999,
            "gross_profit": 352901,
            "gross_margin": 16.56,
            "gross_margin_4q_avg": 14.67,
            "net_income": 109507,
            "net_income_4q": null,
            "revenue": 2131507,
            "revenue_4q": null,
            "common_shares": 1821403,
            "book_valuer_per_share": 30.29,
            "book_valuer_per_share_4q_avg": 30.52,
            "equity": 5840577,
            "current_ratio": 246.73,
            "debt_ratio": 43.05,
            "inventory_turnover_ratio": 0.64,
            "account_receivable_turnover_ratio": 1.2,
            "reinvestment_rate": 0.38,
            "research_to_sale_ratio": 2.47,
            "price_fair": 10.09,
            "eps_avg_yearly": 3.36,
            "eps_latest_yearly": 2.04,
            "eps_growth_yearly": -1.44
        },
        "20204": {
            "year_quarter": 20204,
            "year": 2020,
            "quarter": 4,
            "eps": 0.76,
            "eps_growth_year": 149.51,
            "eps_4q": 1.92,
            "eps_4q_growth_year": -28.97,
            "roe": 2.45,
            "roe_4q": 6.829999999999999,
            "gross_profit": 422119,
            "gross_margin": 18.11,
            "gross_margin_4q_avg": 15.65,
            "net_income": 145270,
            "net_income_4q": null,
            "revenue": 2330535,
            "revenue_4q": null,
            "common_shares": 1821403,
            "book_valuer_per_share": 31.18,
            "book_valuer_per_share_4q_avg": 30.57,
            "equity": 6011354,
            "current_ratio": 222.24,
            "debt_ratio": 43.16,
            "inventory_turnover_ratio": 0.69,
            "account_receivable_turnover_ratio": 1.24,
            "reinvestment_rate": 1.8,
            "research_to_sale_ratio": 2.26,
            "price_fair": 62.65,
            "eps_avg_yearly": 3.27,
            "eps_latest_yearly": 3.04,
            "eps_growth_yearly": 9.14
        },
        "20211": {
            "year_quarter": 20211,
            "year": 2021,
            "quarter": 1,
            "eps": 1.02,
            "eps_growth_year": 277.78,
            "eps_4q": 2.67,
            "eps_4q_growth_year": 25.71,
            "roe": 3.14,
            "roe_4q": 8.93,
            "gross_profit": 481275,
            "gross_margin": 19.63,
            "gross_margin_4q_avg": 17.28,
            "net_income": 191658,
            "net_income_4q": null,
            "revenue": 2452214,
            "revenue_4q": null,
            "common_shares": 1821403,
            "book_valuer_per_share": 32.16,
            "book_valuer_per_share_4q_avg": 30.82,
            "equity": 6195392,
            "current_ratio": 203.37,
            "debt_ratio": 44.88,
            "inventory_turnover_ratio": 0.67,
            "account_receivable_turnover_ratio": 1.22,
            "reinvestment_rate": 5.13,
            "research_to_sale_ratio": 2.36,
            "price_fair": 111.79,
            "eps_avg_yearly": 3.32,
            "eps_latest_yearly": 4.08,
            "eps_growth_yearly": 23.72
        },
        "20212": {
            "year_quarter": 20212,
            "year": 2021,
            "quarter": 2,
            "eps": 1.23,
            "eps_growth_year": 223.68,
            "eps_4q": 3.52,
            "eps_4q_growth_year": 113.94,
            "roe": 3.7,
            "roe_4q": 11.19,
            "gross_profit": 560613,
            "gross_margin": 20.28,
            "gross_margin_4q_avg": 18.65,
            "net_income": 232505,
            "net_income_4q": null,
            "revenue": 2764685,
            "revenue_4q": null,
            "common_shares": 1821403,
            "book_valuer_per_share": 33.34,
            "book_valuer_per_share_4q_avg": 31.74,
            "equity": 6378315,
            "current_ratio": 204.69,
            "debt_ratio": 45.61,
            "inventory_turnover_ratio": 0.66,
            "account_receivable_turnover_ratio": 1.26,
            "reinvestment_rate": 0.39,
            "research_to_sale_ratio": 2.19,
            "price_fair": 118.21,
            "eps_avg_yearly": 3.38,
            "eps_latest_yearly": 4.92,
            "eps_growth_yearly": 25.05
        },
        "20213": {
            "year_quarter": 20213,
            "year": 2021,
            "quarter": 3,
            "eps": 1.3,
            "eps_growth_year": 154.9,
            "eps_4q": 4.31,
            "eps_4q_growth_year": 194.51,
            "roe": 4.06,
            "roe_4q": 13.350000000000001,
            "gross_profit": 554938,
            "gross_margin": 19.13,
            "gross_margin_4q_avg": 19.29,
            "net_income": 257336,
            "net_income_4q": null,
            "revenue": 2900548,
            "revenue_4q": null,
            "common_shares": 1821403,
            "book_valuer_per_share": 32.81,
            "book_valuer_per_share_4q_avg": 32.37,
            "equity": 6300716,
            "current_ratio": 194.84,
            "debt_ratio": 48.18,
            "inventory_turnover_ratio": 0.62,
            "account_receivable_turnover_ratio": 1.26,
            "reinvestment_rate": 4.57,
            "research_to_sale_ratio": 2.23,
            "price_fair": 107.84,
            "eps_avg_yearly": 3.41,
            "eps_latest_yearly": 5.2,
            "eps_growth_yearly": 21.62
        },
        "20214": {
            "year_quarter": 20214,
            "year": 2021,
            "quarter": 4,
            "eps": 1.13,
            "eps_growth_year": 49.11,
            "eps_4q": 4.68,
            "eps_4q_growth_year": 144.09,
            "roe": 3.57,
            "roe_4q": 14.469999999999999,
            "gross_profit": 513164,
            "gross_margin": 16.91,
            "gross_margin_4q_avg": 18.99,
            "net_income": 228840,
            "net_income_4q": null,
            "revenue": 3035103,
            "revenue_4q": null,
            "common_shares": 1821403,
            "book_valuer_per_share": 33.97,
            "book_valuer_per_share_4q_avg": 33.07,
            "equity": 6533194,
            "current_ratio": 213.41,
            "debt_ratio": 49.92,
            "inventory_turnover_ratio": 0.63,
            "account_receivable_turnover_ratio": 1.24,
            "reinvestment_rate": 18.59,
            "research_to_sale_ratio": 2.13,
            "price_fair": 115.85,
            "eps_avg_yearly": 3.46,
            "eps_latest_yearly": 4.52,
            "eps_growth_yearly": 23.48
        },
        "20221": {
            "year_quarter": 20221,
            "year": 2022,
            "quarter": 1,
            "eps": 1.38,
            "eps_growth_year": 35.29,
            "eps_4q": 5.04,
            "eps_4q_growth_year": 89.2,
            "roe": 3.98,
            "roe_4q": 15.309999999999999,
            "gross_profit": 533194,
            "gross_margin": 19.1,
            "gross_margin_4q_avg": 18.86,
            "net_income": 266165,
            "net_income_4q": null,
            "revenue": 2792124,
            "revenue_4q": null,
            "common_shares": 1821403,
            "book_valuer_per_share": 35.66,
            "book_valuer_per_share_4q_avg": 33.95,
            "equity": 6855469,
            "current_ratio": 234.05,
            "debt_ratio": 49.1,
            "inventory_turnover_ratio": 0.52,
            "account_receivable_turnover_ratio": 1.16,
            "reinvestment_rate": 23.91,
            "research_to_sale_ratio": 2.48,
            "price_fair": 125.74,
            "eps_avg_yearly": 3.59,
            "eps_latest_yearly": 5.52,
            "eps_growth_yearly": 31.16
        },
        "20222": {
            "year_quarter": 20222,
            "year": 2022,
            "quarter": 2,
            "eps": 1.54,
            "eps_growth_year": 25.2,
            "eps_4q": 5.35,
            "eps_4q_growth_year": 52.22,
            "roe": 4.42,
            "roe_4q": 16.03,
            "gross_profit": 597516,
            "gross_margin": 19.36,
            "gross_margin_4q_avg": 18.63,
            "net_income": 295628,
            "net_income_4q": null,
            "revenue": 3086298,
            "revenue_4q": null,
            "common_shares": 1821403,
            "book_valuer_per_share": 34.04,
            "book_valuer_per_share_4q_avg": 34.12,
            "equity": 6528949,
            "current_ratio": 195.48,
            "debt_ratio": 52.04,
            "inventory_turnover_ratio": 0.54,
            "account_receivable_turnover_ratio": 1.29,
            "reinvestment_rate": 19.51,
            "research_to_sale_ratio": 2.14,
            "price_fair": 109.15,
            "eps_avg_yearly": 3.65,
            "eps_latest_yearly": 6.16,
            "eps_growth_yearly": 19.94
        },
        "20223": {
            "year_quarter": 20223,
            "year": 2022,
            "quarter": 3,
            "eps": 1.41,
            "eps_growth_year": 8.46,
            "eps_4q": 5.46,
            "eps_4q_growth_year": 26.7,
            "roe": 4.04,
            "roe_4q": 16.01,
            "gross_profit": 480214,
            "gross_margin": 16.02,
            "gross_margin_4q_avg": 17.85,
            "net_income": 269587,
            "net_income_4q": null,
            "revenue": 2997809,
            "revenue_4q": null,
            "common_shares": 1821403,
            "book_valuer_per_share": 35.53,
            "book_valuer_per_share_4q_avg": 34.8,
            "equity": 6813953,
            "current_ratio": 223.5,
            "debt_ratio": 48.47,
            "inventory_turnover_ratio": 0.56,
            "account_receivable_turnover_ratio": 1.23,
            "reinvestment_rate": 19.72,
            "research_to_sale_ratio": 2.09,
            "price_fair": 108.11,
            "eps_avg_yearly": 3.69,
            "eps_latest_yearly": 5.64,
            "eps_growth_yearly": 19.34
        },
        "20224": {
            "year_quarter": 20224,
            "year": 2022,
            "quarter": 4,
            "eps": 0.84,
            "eps_growth_year": -25.84,
            "eps_4q": 5.16,
            "eps_4q_growth_year": 10.36,
            "roe": 2.44,
            "roe_4q": 14.88,
            "gross_profit": 467667,
            "gross_margin": 16.42,
            "gross_margin_4q_avg": 17.73,
            "net_income": 168269,
            "net_income_4q": null,
            "revenue": 2848048,
            "revenue_4q": null,
            "common_shares": 1821403,
            "book_valuer_per_share": 36.39,
            "book_valuer_per_share_4q_avg": 35.41,
            "equity": 6986063,
            "current_ratio": 214.43,
            "debt_ratio": 45.95,
            "inventory_turnover_ratio": 0.59,
            "account_receivable_turnover_ratio": 1.27,
            "reinvestment_rate": 16.26,
            "research_to_sale_ratio": 1.99,
            "price_fair": 78.92,
            "eps_avg_yearly": 3.62,
            "eps_latest_yearly": 3.36,
            "eps_growth_yearly": 11.83
        },
        "20231": {
            "year_quarter": 20231,
            "year": 2023,
            "quarter": 1,
            "eps": 1.21,
            "eps_growth_year": -12.32,
            "eps_4q": 5,
            "eps_4q_growth_year": -0.96,
            "roe": 3.25,
            "roe_4q": 14.15,
            "gross_profit": 548982,
            "gross_margin": 20.44,
            "gross_margin_4q_avg": 18.06,
            "net_income": 231050,
            "net_income_4q": null,
            "revenue": 2685237,
            "revenue_4q": null,
            "common_shares": 1821403,
            "book_valuer_per_share": 37.65,
            "book_valuer_per_share_4q_avg": 35.9,
            "equity": 7225583,
            "current_ratio": 213.13,
            "debt_ratio": 43.62,
            "inventory_turnover_ratio": 0.56,
            "account_receivable_turnover_ratio": 1.29,
            "reinvestment_rate": 15.33,
            "research_to_sale_ratio": 2.46,
            "price_fair": 129.76,
            "eps_avg_yearly": 3.71,
            "eps_latest_yearly": 4.84,
            "eps_growth_yearly": 29.09
        },
        "20232": {
            "year_quarter": 20232,
            "year": 2023,
            "quarter": 2,
            "eps": 1.11,
            "eps_growth_year": -27.92,
            "eps_4q": 4.57,
            "eps_4q_growth_year": -14.6,
            "roe": 2.99,
            "roe_4q": 12.719999999999999,
            "gross_profit": 438634,
            "gross_margin": 15.53,
            "gross_margin_4q_avg": 17.1,
            "net_income": 209110,
            "net_income_4q": null,
            "revenue": 2824088,
            "revenue_4q": null,
            "common_shares": 1821403,
            "book_valuer_per_share": 35.34,
            "book_valuer_per_share_4q_avg": 36.23,
            "equity": 6765870,
            "current_ratio": 179.26,
            "debt_ratio": 46.71,
            "inventory_turnover_ratio": 0.64,
            "account_receivable_turnover_ratio": 1.36,
            "reinvestment_rate": 16.62,
            "research_to_sale_ratio": 2.11,
            "price_fair": 131.95,
            "eps_avg_yearly": 3.77,
            "eps_latest_yearly": 4.44,
            "eps_growth_yearly": 26.43
        },
        "20233": {
            "year_quarter": 20233,
            "year": 2023,
            "quarter": 3,
            "eps": 1.14,
            "eps_growth_year": -19.15,
            "eps_4q": 4.31,
            "eps_4q_growth_year": -21.07,
            "roe": 3.2,
            "roe_4q": 11.88,
            "gross_profit": 467516,
            "gross_margin": 17.01,
            "gross_margin_4q_avg": 17.35,
            "net_income": 220949,
            "net_income_4q": null,
            "revenue": 2748185,
            "revenue_4q": null,
            "common_shares": 1821403,
            "book_valuer_per_share": 36.83,
            "book_valuer_per_share_4q_avg": 36.55,
            "equity": 7049317,
            "current_ratio": 201.67,
            "debt_ratio": 43.2,
            "inventory_turnover_ratio": 0.62,
            "account_receivable_turnover_ratio": 1.28,
            "reinvestment_rate": 22.85,
            "research_to_sale_ratio": 2.24,
            "price_fair": 135.89,
            "eps_avg_yearly": 3.88,
            "eps_latest_yearly": 4.56,
            "eps_growth_yearly": 32.05
        }
    },
    "months": {
        "2001-06": {
            "month": "2001-06",
            "price": "11.13",
            "revenue": 147316
        },
        "2001-07": {
            "month": "2001-07",
            "price": "8.49",
            "revenue": 130324
        },
        "2001-08": {
            "month": "2001-08",
            "price": "8.24",
            "revenue": 147319
        },
        "2001-09": {
            "month": "2001-09",
            "price": "6.60",
            "revenue": 131105
        },
        "2001-10": {
            "month": "2001-10",
            "price": "5.86",
            "revenue": 145928
        },
        "2001-11": {
            "month": "2001-11",
            "price": "6.73",
            "revenue": 154221
        },
        "2001-12": {
            "month": "2001-12",
            "price": "8.81",
            "revenue": 141614
        },
        "2002-01": {
            "month": "2002-01",
            "price": "10.35",
            "revenue": 151496
        },
        "2002-02": {
            "month": "2002-02",
            "price": "9.67",
            "revenue": 130851
        },
        "2002-03": {
            "month": "2002-03",
            "price": "11.45",
            "revenue": 169166
        },
        "2002-04": {
            "month": "2002-04",
            "price": "15.69",
            "revenue": 189084
        },
        "2002-05": {
            "month": "2002-05",
            "price": "13.90",
            "revenue": 193501
        },
        "2002-06": {
            "month": "2002-06",
            "price": "12.76",
            "revenue": 183694
        },
        "2002-07": {
            "month": "2002-07",
            "price": "10.29",
            "revenue": 183428
        },
        "2002-08": {
            "month": "2002-08",
            "price": "8.90",
            "revenue": 154216
        },
        "2002-09": {
            "month": "2002-09",
            "price": "8.30",
            "revenue": 167320
        },
        "2002-10": {
            "month": "2002-10",
            "price": "7.86",
            "revenue": 159431
        },
        "2002-11": {
            "month": "2002-11",
            "price": "9.15",
            "revenue": 164181
        },
        "2002-12": {
            "month": "2002-12",
            "price": "8.83",
            "revenue": 179654
        },
        "2003-01": {
            "month": "2003-01",
            "price": "9.46",
            "revenue": 191384
        },
        "2003-02": {
            "month": "2003-02",
            "price": "9.11",
            "revenue": 148656
        },
        "2003-03": {
            "month": "2003-03",
            "price": "8.68",
            "revenue": 196012
        },
        "2003-04": {
            "month": "2003-04",
            "price": "8.92",
            "revenue": 202171
        },
        "2003-05": {
            "month": "2003-05",
            "price": "9.24",
            "revenue": 201469
        },
        "2003-06": {
            "month": "2003-06",
            "price": "13.24",
            "revenue": 198305
        },
        "2003-07": {
            "month": "2003-07",
            "price": "13.95",
            "revenue": 195643
        },
        "2003-08": {
            "month": "2003-08",
            "price": "14.20",
            "revenue": 188673
        },
        "2003-09": {
            "month": "2003-09",
            "price": "13.44",
            "revenue": 196731
        },
        "2003-10": {
            "month": "2003-10",
            "price": "13.76",
            "revenue": 222916
        },
        "2003-11": {
            "month": "2003-11",
            "price": "15.83",
            "revenue": 218935
        },
        "2003-12": {
            "month": "2003-12",
            "price": "16.93",
            "revenue": 253143
        },
        "2004-01": {
            "month": "2004-01",
            "price": "17.98",
            "revenue": 189311
        },
        "2004-02": {
            "month": "2004-02",
            "price": "17.58",
            "revenue": 242747
        },
        "2004-03": {
            "month": "2004-03",
            "price": "17.07",
            "revenue": 266177
        },
        "2004-04": {
            "month": "2004-04",
            "price": "17.18",
            "revenue": 292073
        },
        "2004-05": {
            "month": "2004-05",
            "price": "15.74",
            "revenue": 310173
        },
        "2004-06": {
            "month": "2004-06",
            "price": "16.28",
            "revenue": 322188
        },
        "2004-07": {
            "month": "2004-07",
            "price": "16.35",
            "revenue": 309253
        },
        "2004-08": {
            "month": "2004-08",
            "price": "15.64",
            "revenue": 283397
        },
        "2004-09": {
            "month": "2004-09",
            "price": "16.15",
            "revenue": 271424
        },
        "2004-10": {
            "month": "2004-10",
            "price": "16.02",
            "revenue": 281176
        },
        "2004-11": {
            "month": "2004-11",
            "price": "15.21",
            "revenue": 271072
        },
        "2004-12": {
            "month": "2004-12",
            "price": "14.50",
            "revenue": 279249
        },
        "2005-01": {
            "month": "2005-01",
            "price": "13.19",
            "revenue": 249541
        },
        "2005-02": {
            "month": "2005-02",
            "price": "12.67",
            "revenue": 202547
        },
        "2005-03": {
            "month": "2005-03",
            "price": "12.53",
            "revenue": 286694
        },
        "2005-04": {
            "month": "2005-04",
            "price": "11.34",
            "revenue": 286114
        },
        "2005-05": {
            "month": "2005-05",
            "price": "10.90",
            "revenue": 280451
        },
        "2005-06": {
            "month": "2005-06",
            "price": "12.31",
            "revenue": 311568
        },
        "2005-07": {
            "month": "2005-07",
            "price": "12.91",
            "revenue": 299111
        },
        "2005-08": {
            "month": "2005-08",
            "price": "12.02",
            "revenue": 316433
        },
        "2005-09": {
            "month": "2005-09",
            "price": "11.76",
            "revenue": 350681
        },
        "2005-10": {
            "month": "2005-10",
            "price": "12.11",
            "revenue": 328386
        },
        "2005-11": {
            "month": "2005-11",
            "price": "12.15",
            "revenue": 338024
        },
        "2005-12": {
            "month": "2005-12",
            "price": "13.18",
            "revenue": 362788
        },
        "2006-01": {
            "month": "2006-01",
            "price": "14.34",
            "revenue": 452558
        },
        "2006-02": {
            "month": "2006-02",
            "price": "14.80",
            "revenue": 423060
        },
        "2006-03": {
            "month": "2006-03",
            "price": "15.60",
            "revenue": 527235
        },
        "2006-04": {
            "month": "2006-04",
            "price": "18.26",
            "revenue": 507300
        },
        "2006-05": {
            "month": "2006-05",
            "price": "19.32",
            "revenue": 536180
        },
        "2006-06": {
            "month": "2006-06",
            "price": "19.72",
            "revenue": 675262
        },
        "2006-07": {
            "month": "2006-07",
            "price": "24.83",
            "revenue": 622960
        },
        "2006-08": {
            "month": "2006-08",
            "price": "33.96",
            "revenue": 718319
        },
        "2006-09": {
            "month": "2006-09",
            "price": "40.35",
            "revenue": 760119
        },
        "2006-10": {
            "month": "2006-10",
            "price": "49.32",
            "revenue": 776656
        },
        "2006-11": {
            "month": "2006-11",
            "price": "54.35",
            "revenue": 789915
        },
        "2006-12": {
            "month": "2006-12",
            "price": "48.43",
            "revenue": 804932
        },
        "2007-01": {
            "month": "2007-01",
            "price": "41.03",
            "revenue": 741209
        },
        "2007-02": {
            "month": "2007-02",
            "price": "41.55",
            "revenue": 592517
        },
        "2007-03": {
            "month": "2007-03",
            "price": "48.65",
            "revenue": 750722
        },
        "2007-04": {
            "month": "2007-04",
            "price": "57.34",
            "revenue": 718477
        },
        "2007-05": {
            "month": "2007-05",
            "price": "55.09",
            "revenue": 774322
        },
        "2007-06": {
            "month": "2007-06",
            "price": "54.12",
            "revenue": 806295
        },
        "2007-07": {
            "month": "2007-07",
            "price": "53.02",
            "revenue": 783470
        },
        "2007-08": {
            "month": "2007-08",
            "price": "45.13",
            "revenue": 861031
        },
        "2007-09": {
            "month": "2007-09",
            "price": "48.89",
            "revenue": 796468
        },
        "2007-10": {
            "month": "2007-10",
            "price": "45.23",
            "revenue": 790548
        },
        "2007-11": {
            "month": "2007-11",
            "price": "36.95",
            "revenue": 782485
        },
        "2007-12": {
            "month": "2007-12",
            "price": "27.33",
            "revenue": 728799
        },
        "2008-01": {
            "month": "2008-01",
            "price": "25.76",
            "revenue": 729389
        },
        "2008-02": {
            "month": "2008-02",
            "price": "28.16",
            "revenue": 639808
        },
        "2008-03": {
            "month": "2008-03",
            "price": "28.11",
            "revenue": 768148
        },
        "2008-04": {
            "month": "2008-04",
            "price": "29.46",
            "revenue": 789365
        },
        "2008-05": {
            "month": "2008-05",
            "price": "31.02",
            "revenue": 813740
        },
        "2008-06": {
            "month": "2008-06",
            "price": "26.07",
            "revenue": 704800
        },
        "2008-07": {
            "month": "2008-07",
            "price": "21.05",
            "revenue": 665300
        },
        "2008-08": {
            "month": "2008-08",
            "price": "20.58",
            "revenue": 717769
        },
        "2008-09": {
            "month": "2008-09",
            "price": "16.16",
            "revenue": 691587
        },
        "2008-10": {
            "month": "2008-10",
            "price": "14.01",
            "revenue": 601224
        },
        "2008-11": {
            "month": "2008-11",
            "price": "10.90",
            "revenue": 415977
        },
        "2008-12": {
            "month": "2008-12",
            "price": "10.35",
            "revenue": 377578
        },
        "2009-01": {
            "month": "2009-01",
            "price": "10.87",
            "revenue": 310009
        },
        "2009-02": {
            "month": "2009-02",
            "price": "10.90",
            "revenue": 302058
        },
        "2009-03": {
            "month": "2009-03",
            "price": "12.84",
            "revenue": 345421
        },
        "2009-04": {
            "month": "2009-04",
            "price": "14.40",
            "revenue": 398073
        },
        "2009-05": {
            "month": "2009-05",
            "price": "15.41",
            "revenue": 460770
        },
        "2009-06": {
            "month": "2009-06",
            "price": "15.92",
            "revenue": 585106
        },
        "2009-07": {
            "month": "2009-07",
            "price": "18.65",
            "revenue": 570075
        },
        "2009-08": {
            "month": "2009-08",
            "price": "22.71",
            "revenue": 542981
        },
        "2009-09": {
            "month": "2009-09",
            "price": "25.41",
            "revenue": 720720
        },
        "2009-10": {
            "month": "2009-10",
            "price": "30.90",
            "revenue": 717877
        },
        "2009-11": {
            "month": "2009-11",
            "price": "39.52",
            "revenue": 710332
        },
        "2009-12": {
            "month": "2009-12",
            "price": "43.74",
            "revenue": 585364
        },
        "2010-01": {
            "month": "2010-01",
            "price": "41.07",
            "revenue": 789824
        },
        "2010-02": {
            "month": "2010-02",
            "price": "35.88",
            "revenue": 665946
        },
        "2010-03": {
            "month": "2010-03",
            "price": "40.27",
            "revenue": 814450
        },
        "2010-04": {
            "month": "2010-04",
            "price": "51.60",
            "revenue": 899768
        },
        "2010-05": {
            "month": "2010-05",
            "price": "47.63",
            "revenue": 938274
        },
        "2010-06": {
            "month": "2010-06",
            "price": "43.85",
            "revenue": 926721
        },
        "2010-07": {
            "month": "2010-07",
            "price": "43.08",
            "revenue": 913393
        },
        "2010-08": {
            "month": "2010-08",
            "price": "42.23",
            "revenue": 940103
        },
        "2010-09": {
            "month": "2010-09",
            "price": "40.17",
            "revenue": 896510
        },
        "2010-10": {
            "month": "2010-10",
            "price": "38.63",
            "revenue": 863296
        },
        "2010-11": {
            "month": "2010-11",
            "price": "36.92",
            "revenue": 881771
        },
        "2010-12": {
            "month": "2010-12",
            "price": "39.81",
            "revenue": 911485
        },
        "2011-01": {
            "month": "2011-01",
            "price": "41.56",
            "revenue": 892624
        },
        "2011-02": {
            "month": "2011-02",
            "price": "39.08",
            "revenue": 705366
        },
        "2011-03": {
            "month": "2011-03",
            "price": "35.73",
            "revenue": 986235
        },
        "2011-04": {
            "month": "2011-04",
            "price": "36.04",
            "revenue": 1016007
        },
        "2011-05": {
            "month": "2011-05",
            "price": "36.87",
            "revenue": 1005106
        },
        "2011-06": {
            "month": "2011-06",
            "price": "35.20",
            "revenue": 983880
        },
        "2011-07": {
            "month": "2011-07",
            "price": "32.26",
            "revenue": 893976
        },
        "2011-08": {
            "month": "2011-08",
            "price": "24.99",
            "revenue": 878662
        },
        "2011-09": {
            "month": "2011-09",
            "price": "22.13",
            "revenue": 835176
        },
        "2011-10": {
            "month": "2011-10",
            "price": "21.46",
            "revenue": 642682
        },
        "2011-11": {
            "month": "2011-11",
            "price": "19.79",
            "revenue": 684635
        },
        "2011-12": {
            "month": "2011-12",
            "price": "17.59",
            "revenue": 749761
        },
        "2012-01": {
            "month": "2012-01",
            "price": "19.20",
            "revenue": 573393
        },
        "2012-02": {
            "month": "2012-02",
            "price": "24.25",
            "revenue": 651887
        },
        "2012-03": {
            "month": "2012-03",
            "price": "26.13",
            "revenue": 806125
        },
        "2012-04": {
            "month": "2012-04",
            "price": "25.54",
            "revenue": 783772
        },
        "2012-05": {
            "month": "2012-05",
            "price": "23.50",
            "revenue": 860032
        },
        "2012-06": {
            "month": "2012-06",
            "price": "21.67",
            "revenue": 879002
        },
        "2012-07": {
            "month": "2012-07",
            "price": "20.90",
            "revenue": 810228
        },
        "2012-08": {
            "month": "2012-08",
            "price": "20.75",
            "revenue": 815289
        },
        "2012-09": {
            "month": "2012-09",
            "price": "21.02",
            "revenue": 710932
        },
        "2012-10": {
            "month": "2012-10",
            "price": "19.61",
            "revenue": 678496
        },
        "2012-11": {
            "month": "2012-11",
            "price": "19.19",
            "revenue": 712776
        },
        "2012-12": {
            "month": "2012-12",
            "price": "19.55",
            "revenue": 643020
        },
        "2013-01": {
            "month": "2013-01",
            "price": "21.06",
            "revenue": 707596
        },
        "2013-02": {
            "month": "2013-02",
            "price": "24.27",
            "revenue": 575992
        },
        "2013-03": {
            "month": "2013-03",
            "price": "28.29",
            "revenue": 826391
        },
        "2013-04": {
            "month": "2013-04",
            "price": "28.04",
            "revenue": 841387
        },
        "2013-05": {
            "month": "2013-05",
            "price": "28.48",
            "revenue": 852213
        },
        "2013-06": {
            "month": "2013-06",
            "price": "30.42",
            "revenue": 803072
        },
        "2013-07": {
            "month": "2013-07",
            "price": "31.78",
            "revenue": 803356
        },
        "2013-08": {
            "month": "2013-08",
            "price": "35.80",
            "revenue": 756552
        },
        "2013-09": {
            "month": "2013-09",
            "price": "33.36",
            "revenue": 767663
        },
        "2013-10": {
            "month": "2013-10",
            "price": "33.35",
            "revenue": 742750
        },
        "2013-11": {
            "month": "2013-11",
            "price": "35.48",
            "revenue": 690476
        },
        "2013-12": {
            "month": "2013-12",
            "price": "37.81",
            "revenue": 699933
        },
        "2014-01": {
            "month": "2014-01",
            "price": "43.47",
            "revenue": 745813
        },
        "2014-02": {
            "month": "2014-02",
            "price": "45.11",
            "revenue": 678953
        },
        "2014-03": {
            "month": "2014-03",
            "price": "45.96",
            "revenue": 829254
        },
        "2014-04": {
            "month": "2014-04",
            "price": "46.20",
            "revenue": 832306
        },
        "2014-05": {
            "month": "2014-05",
            "price": "43.44",
            "revenue": 830436
        },
        "2014-06": {
            "month": "2014-06",
            "price": "40.75",
            "revenue": 822672
        },
        "2014-07": {
            "month": "2014-07",
            "price": "39.18",
            "revenue": 872987
        },
        "2014-08": {
            "month": "2014-08",
            "price": "38.99",
            "revenue": 870299
        },
        "2014-09": {
            "month": "2014-09",
            "price": "40.64",
            "revenue": 897673
        },
        "2014-10": {
            "month": "2014-10",
            "price": "39.62",
            "revenue": 870053
        },
        "2014-11": {
            "month": "2014-11",
            "price": "39.76",
            "revenue": 769812
        },
        "2014-12": {
            "month": "2014-12",
            "price": "40.24",
            "revenue": 764410
        },
        "2015-01": {
            "month": "2015-01",
            "price": "39.78",
            "revenue": 792182
        },
        "2015-02": {
            "month": "2015-02",
            "price": "43.29",
            "revenue": 631702
        },
        "2015-03": {
            "month": "2015-03",
            "price": "45.50",
            "revenue": 794743
        },
        "2015-04": {
            "month": "2015-04",
            "price": "42.40",
            "revenue": 798723
        },
        "2015-05": {
            "month": "2015-05",
            "price": "39.67",
            "revenue": 785921
        },
        "2015-06": {
            "month": "2015-06",
            "price": "33.70",
            "revenue": 769537
        },
        "2015-07": {
            "month": "2015-07",
            "price": "30.87",
            "revenue": 740469
        },
        "2015-08": {
            "month": "2015-08",
            "price": "24.45",
            "revenue": 702770
        },
        "2015-09": {
            "month": "2015-09",
            "price": "25.27",
            "revenue": 707213
        },
        "2015-10": {
            "month": "2015-10",
            "price": "27.65",
            "revenue": 691147
        },
        "2015-11": {
            "month": "2015-11",
            "price": "27.95",
            "revenue": 679829
        },
        "2015-12": {
            "month": "2015-12",
            "price": "27.85",
            "revenue": 699009
        },
        "2016-01": {
            "month": "2016-01",
            "price": "25.11",
            "revenue": 723907
        },
        "2016-02": {
            "month": "2016-02",
            "price": "26.88",
            "revenue": 563753
        },
        "2016-03": {
            "month": "2016-03",
            "price": "33.47",
            "revenue": 760421
        },
        "2016-04": {
            "month": "2016-04",
            "price": "33.27",
            "revenue": 740961
        },
        "2016-05": {
            "month": "2016-05",
            "price": "34.08",
            "revenue": 740111
        },
        "2016-06": {
            "month": "2016-06",
            "price": "34.31",
            "revenue": 731766
        },
        "2016-07": {
            "month": "2016-07",
            "price": "38.50",
            "revenue": 762074
        },
        "2016-08": {
            "month": "2016-08",
            "price": "41.88",
            "revenue": 767524
        },
        "2016-09": {
            "month": "2016-09",
            "price": "42.17",
            "revenue": 778094
        },
        "2016-10": {
            "month": "2016-10",
            "price": "40.75",
            "revenue": 727387
        },
        "2016-11": {
            "month": "2016-11",
            "price": "39.47",
            "revenue": 758205
        },
        "2016-12": {
            "month": "2016-12",
            "price": "41.44",
            "revenue": 768159
        },
        "2017-01": {
            "month": "2017-01",
            "price": "43.58",
            "revenue": 767464
        },
        "2017-02": {
            "month": "2017-02",
            "price": "51.49",
            "revenue": 710644
        },
        "2017-03": {
            "month": "2017-03",
            "price": "50.33",
            "revenue": 814860
        },
        "2017-04": {
            "month": "2017-04",
            "price": "45.65",
            "revenue": 784488
        },
        "2017-05": {
            "month": "2017-05",
            "price": "51.84",
            "revenue": 796709
        },
        "2017-06": {
            "month": "2017-06",
            "price": "56.70",
            "revenue": 814636
        },
        "2017-07": {
            "month": "2017-07",
            "price": "63.51",
            "revenue": 804699
        },
        "2017-08": {
            "month": "2017-08",
            "price": "61.18",
            "revenue": 815484
        },
        "2017-09": {
            "month": "2017-09",
            "price": "69.41",
            "revenue": 834971
        },
        "2017-10": {
            "month": "2017-10",
            "price": "85.46",
            "revenue": 800946
        },
        "2017-11": {
            "month": "2017-11",
            "price": "91.71",
            "revenue": 804900
        },
        "2017-12": {
            "month": "2017-12",
            "price": "84.70",
            "revenue": 831206
        },
        "2018-01": {
            "month": "2018-01",
            "price": "82.40",
            "revenue": 878792
        },
        "2018-02": {
            "month": "2018-02",
            "price": "74.38",
            "revenue": 676105
        },
        "2018-03": {
            "month": "2018-03",
            "price": "84.21",
            "revenue": 854816
        },
        "2018-04": {
            "month": "2018-04",
            "price": "79.16",
            "revenue": 850321
        },
        "2018-05": {
            "month": "2018-05",
            "price": "74.48",
            "revenue": 918046
        },
        "2018-06": {
            "month": "2018-06",
            "price": "86.74",
            "revenue": 922345
        },
        "2018-07": {
            "month": "2018-07",
            "price": "83.74",
            "revenue": 936665
        },
        "2018-08": {
            "month": "2018-08",
            "price": "84.02",
            "revenue": 922453
        },
        "2018-09": {
            "month": "2018-09",
            "price": "83.81",
            "revenue": 875991
        },
        "2018-10": {
            "month": "2018-10",
            "price": "66.15",
            "revenue": 865528
        },
        "2018-11": {
            "month": "2018-11",
            "price": "70.31",
            "revenue": 860992
        },
        "2018-12": {
            "month": "2018-12",
            "price": "72.35",
            "revenue": 854344
        },
        "2019-01": {
            "month": "2019-01",
            "price": "70.77",
            "revenue": 856640
        },
        "2019-02": {
            "month": "2019-02",
            "price": "79.07",
            "revenue": 623787
        },
        "2019-03": {
            "month": "2019-03",
            "price": "75.91",
            "revenue": 784298
        },
        "2019-04": {
            "month": "2019-04",
            "price": "71.02",
            "revenue": 787118
        },
        "2019-05": {
            "month": "2019-05",
            "price": "64.98",
            "revenue": 794416
        },
        "2019-06": {
            "month": "2019-06",
            "price": "64.62",
            "revenue": 709284
        },
        "2019-07": {
            "month": "2019-07",
            "price": "66.01",
            "revenue": 743320
        },
        "2019-08": {
            "month": "2019-08",
            "price": "59.53",
            "revenue": 697803
        },
        "2019-09": {
            "month": "2019-09",
            "price": "65.47",
            "revenue": 688542
        },
        "2019-10": {
            "month": "2019-10",
            "price": "61.57",
            "revenue": 666388
        },
        "2019-11": {
            "month": "2019-11",
            "price": "61.61",
            "revenue": 717094
        },
        "2019-12": {
            "month": "2019-12",
            "price": "64.11",
            "revenue": 770819
        },
        "2020-01": {
            "month": "2020-01",
            "price": "66.13",
            "revenue": 647114
        },
        "2020-02": {
            "month": "2020-02",
            "price": "62.28",
            "revenue": 576634
        },
        "2020-03": {
            "month": "2020-03",
            "price": "45.73",
            "revenue": 721745
        },
        "2020-04": {
            "month": "2020-04",
            "price": "43.38",
            "revenue": 680637
        },
        "2020-05": {
            "month": "2020-05",
            "price": "44.98",
            "revenue": 683103
        },
        "2020-06": {
            "month": "2020-06",
            "price": "49.58",
            "revenue": 679231
        },
        "2020-07": {
            "month": "2020-07",
            "price": "48.70",
            "revenue": 667242
        },
        "2020-08": {
            "month": "2020-08",
            "price": "46.40",
            "revenue": 699969
        },
        "2020-09": {
            "month": "2020-09",
            "price": "54.42",
            "revenue": 762367
        },
        "2020-10": {
            "month": "2020-10",
            "price": "62.14",
            "revenue": 735528
        },
        "2020-11": {
            "month": "2020-11",
            "price": "67.30",
            "revenue": 776665
        },
        "2020-12": {
            "month": "2020-12",
            "price": "78.79",
            "revenue": 814455
        },
        "2021-01": {
            "month": "2021-01",
            "price": "90.17",
            "revenue": 866523
        },
        "2021-02": {
            "month": "2021-02",
            "price": "86.24",
            "revenue": 704662
        },
        "2021-03": {
            "month": "2021-03",
            "price": "81.46",
            "revenue": 880609
        },
        "2021-04": {
            "month": "2021-04",
            "price": "87.25",
            "revenue": 920273
        },
        "2021-05": {
            "month": "2021-05",
            "price": "83.72",
            "revenue": 909710
        },
        "2021-06": {
            "month": "2021-06",
            "price": "109.08",
            "revenue": 925445
        },
        "2021-07": {
            "month": "2021-07",
            "price": "143.43",
            "revenue": 948072
        },
        "2021-08": {
            "month": "2021-08",
            "price": "142.95",
            "revenue": 972145
        },
        "2021-09": {
            "month": "2021-09",
            "price": "130.28",
            "revenue": 988659
        },
        "2021-10": {
            "month": "2021-10",
            "price": "143.40",
            "revenue": 961703
        },
        "2021-11": {
            "month": "2021-11",
            "price": "166.02",
            "revenue": 1001278
        },
        "2021-12": {
            "month": "2021-12",
            "price": "161.14",
            "revenue": 1071281
        },
        "2022-01": {
            "month": "2022-01",
            "price": "151.89",
            "revenue": 974980
        },
        "2022-02": {
            "month": "2022-02",
            "price": "145.97",
            "revenue": 831371
        },
        "2022-03": {
            "month": "2022-03",
            "price": "140.28",
            "revenue": 983856
        },
        "2022-04": {
            "month": "2022-04",
            "price": "138.68",
            "revenue": 1026609
        },
        "2022-05": {
            "month": "2022-05",
            "price": "138.74",
            "revenue": 1069310
        },
        "2022-06": {
            "month": "2022-06",
            "price": "140.81",
            "revenue": 992269
        },
        "2022-07": {
            "month": "2022-07",
            "price": "105.90",
            "revenue": 985729
        },
        "2022-08": {
            "month": "2022-08",
            "price": "117.59",
            "revenue": 988150
        },
        "2022-09": {
            "month": "2022-09",
            "price": "111.82",
            "revenue": 1027409
        },
        "2022-10": {
            "month": "2022-10",
            "price": "103.04",
            "revenue": 932004
        },
        "2022-11": {
            "month": "2022-11",
            "price": "99.41",
            "revenue": 981177
        },
        "2022-12": {
            "month": "2022-12",
            "price": "102.17",
            "revenue": 931296
        },
        "2023-01": {
            "month": "2023-01",
            "price": "100.03",
            "revenue": 782454
        },
        "2023-02": {
            "month": "2023-02",
            "price": "122.78",
            "revenue": 862248
        },
        "2023-03": {
            "month": "2023-03",
            "price": "125.15",
            "revenue": 1035528
        },
        "2023-04": {
            "month": "2023-04",
            "price": "128.00",
            "revenue": 937318
        },
        "2023-05": {
            "month": "2023-05",
            "price": "119.70",
            "revenue": 949859
        },
        "2023-06": {
            "month": "2023-06",
            "price": "124.65",
            "revenue": 940875
        },
        "2023-07": {
            "month": "2023-07",
            "price": "119.69",
            "revenue": 897054
        },
        "2023-08": {
            "month": "2023-08",
            "price": "100.07",
            "revenue": 925878
        },
        "2023-09": {
            "month": "2023-09",
            "price": "103.50",
            "revenue": 926186
        },
        "2023-10": {
            "month": "2023-10",
            "price": "110.58",
            "revenue": 871808
        },
        "2023-11": {
            "month": "2023-11",
            "price": "110.45",
            "revenue": 888752
        }
    }
}
