{
    "summary": {
        "stock_name": "佳世達",
        "stock_id": "2352",
        "category": "電腦及週邊設備",
        "main_business": "液晶顯示器產品<br>投影機產品<br>醫療服務",
        "website_url": "http://qisda.com.tw",
        "ceo": "黃漢州",
        "pe_ratio": 30,
        "report_year_from": 2001,
        "report_year_to": 2023,
        "age": 23,
        "eps_negative_percentage": 26,
        "eps_growth_avg": {
            "last_all": -1.8,
            "last_2y": 0.54,
            "last_4y": 5.96,
            "last_8y": 11.25,
            "last_12y": 9.2,
            "last_16y": 0.1,
            "last_20y": -8.59,
            "at_2006_last_3y": -43.36,
            "at_2007_last_3y": -54.58,
            "at_2008_last_3y": -100,
            "at_2009_last_3y": -100,
            "at_2010_last_3y": -100,
            "at_2011_last_3y": -100,
            "at_2012_last_3y": -100,
            "at_2013_last_3y": -100,
            "at_2014_last_3y": 0,
            "at_2015_last_3y": 37,
            "at_2016_last_3y": 57.7,
            "at_2017_last_3y": 48.7,
            "at_2018_last_3y": 17.85,
            "at_2019_last_3y": 21.32,
            "at_2020_last_3y": 6.62,
            "at_2021_last_3y": 17.73,
            "at_2022_last_3y": 23.47,
            "at_2023_last_3y": 10.49,
            "at_2024_last_3y": 10.49,
            "at_2006_last_all": -7.52,
            "at_2007_last_all": -7.52,
            "at_2008_last_all": -26.01,
            "at_2009_last_all": -26.01,
            "at_2010_last_all": -26.01,
            "at_2011_last_all": -38.35,
            "at_2012_last_all": -38.35,
            "at_2013_last_all": -38.35,
            "at_2014_last_all": -18.58,
            "at_2015_last_all": -19.51,
            "at_2016_last_all": -6.33,
            "at_2017_last_all": -3.53,
            "at_2018_last_all": -5.33,
            "at_2019_last_all": -5.9,
            "at_2020_last_all": -2.34,
            "at_2021_last_all": 2.55,
            "at_2022_last_all": 2.35,
            "at_2023_last_all": -1.8,
            "at_2024_last_all": -1.8
        },
        "latest_eps": 1.51,
        "latest_price": 45.05,
        "latest_roe": 6.84,
        "latest_gross_margin": 16.2,
        "latest_equity": 64093572,
        "latest_revenue": 50667054,
        "latest_gross_profit": 8206517,
        "latest_net_income": 674788,
        "latest_debt_ratio": 65.98,
        "latest_current_ratio": 126.67,
        "latest_account_receivable_turnover_ratio": 1.29,
        "latest_inventory_turnover_ratio": 1.11,
        "latest_reinvestment_rate": 31.15,
        "latest_research_to_sale_ratio": 3.45
    },
    "eps_dividends": {
        "1994": {
            "cash": 0,
            "stock": 4,
            "eps": 0
        },
        "1995": {
            "cash": 0,
            "stock": 6,
            "eps": 0
        },
        "1996": {
            "cash": 0.5,
            "stock": 4.5,
            "eps": 0
        },
        "1997": {
            "cash": 0.5,
            "stock": 2.5,
            "eps": 0
        },
        "1998": {
            "cash": 0.5,
            "stock": 2.5,
            "eps": 0
        },
        "1999": {
            "cash": 1,
            "stock": 1.5,
            "eps": 0
        },
        "2000": {
            "cash": 1,
            "stock": 1.5,
            "eps": 0
        },
        "2001": {
            "cash": 1,
            "stock": 2.5,
            "eps": 2.25
        },
        "2002": {
            "cash": 0.8,
            "stock": 1.2,
            "eps": 4.83
        },
        "2003": {
            "cash": 1.5,
            "stock": 2,
            "eps": 3.82
        },
        "2004": {
            "cash": 2,
            "stock": 1,
            "eps": 3.47
        },
        "2005": {
            "cash": 1.5,
            "stock": 0.5,
            "eps": -2.11
        },
        "2006": {
            "cash": 0,
            "stock": 0,
            "eps": -10.78
        },
        "2007": {
            "cash": 0,
            "stock": 0,
            "eps": 3.41
        },
        "2008": {
            "cash": 0.1,
            "stock": 0.8,
            "eps": -1.5
        },
        "2009": {
            "cash": 0,
            "stock": 0,
            "eps": -0.93
        },
        "2010": {
            "cash": 0,
            "stock": 0,
            "eps": 1.95
        },
        "2011": {
            "cash": 0.5,
            "stock": 0.2,
            "eps": -1.74
        },
        "2012": {
            "cash": 0,
            "stock": 0,
            "eps": -1.32
        },
        "2013": {
            "cash": 0,
            "stock": 0,
            "eps": 0.36
        },
        "2014": {
            "cash": 0,
            "stock": 0,
            "eps": 1.5
        },
        "2015": {
            "cash": 0.6,
            "stock": 0,
            "eps": 1.11
        },
        "2016": {
            "cash": 0.55,
            "stock": 0,
            "eps": 2.21
        },
        "2017": {
            "cash": 1.32,
            "stock": 0,
            "eps": 2.69
        },
        "2018": {
            "cash": 1.35,
            "stock": 0,
            "eps": 2.06
        },
        "2019": {
            "cash": 0.85,
            "stock": 0,
            "eps": 1.81
        },
        "2020": {
            "cash": 0.75,
            "stock": 0,
            "eps": 2.54
        },
        "2021": {
            "cash": 1.5,
            "stock": 0,
            "eps": 4.22
        },
        "2022": {
            "cash": 2.5,
            "stock": 0,
            "eps": 4.2
        },
        "2023": {
            "cash": 2,
            "stock": 0,
            "eps": 1.51
        },
        "2024": {
            "cash": 1.2,
            "stock": 0,
            "eps": 0
        }
    },
    "dividends": {
        "1994-03-25": {
            "cash": 0,
            "stock": 4
        },
        "1995-03-24": {
            "cash": 0,
            "stock": 6
        },
        "1996-03-11": {
            "cash": 0.5,
            "stock": 4.5
        },
        "1997-04-30": {
            "cash": 0.5,
            "stock": 2.5
        },
        "1998-04-16": {
            "cash": 0.5,
            "stock": 2.5
        },
        "1999-05-19": {
            "cash": 1,
            "stock": 1.5
        },
        "2000-05-19": {
            "cash": 1,
            "stock": 1.5
        },
        "2001-05-11": {
            "cash": 1,
            "stock": 2.5
        },
        "2002-05-24": {
            "cash": 0.8,
            "stock": 1.2
        },
        "2003-03-05": {
            "cash": 1.5,
            "stock": 2
        },
        "2004-04-27": {
            "cash": 2,
            "stock": 1
        },
        "2005-03-16": {
            "cash": 1.5,
            "stock": 0.5
        },
        "2008-03-04": {
            "cash": 0.1,
            "stock": 0.8
        },
        "2011-03-03": {
            "cash": 0.5,
            "stock": 0.2
        },
        "2015-08-07": {
            "cash": 0.6,
            "stock": 0
        },
        "2016-08-12": {
            "cash": 0.55,
            "stock": 0
        },
        "2017-08-16": {
            "cash": 1.32,
            "stock": 0
        },
        "2018-08-30": {
            "cash": 1.35,
            "stock": 0
        },
        "2019-08-20": {
            "cash": 0.85,
            "stock": 0
        },
        "2020-08-20": {
            "cash": 0.75,
            "stock": 0
        },
        "2021-08-20": {
            "cash": 1.5,
            "stock": 0
        },
        "2022-08-25": {
            "cash": 2.5,
            "stock": 0
        },
        "2023-08-18": {
            "cash": 2,
            "stock": 0
        },
        "2024-03-05": {
            "cash": 1.2,
            "stock": 0
        }
    },
    "prices": {
        "200101": "38.24",
        "200102": "44.69",
        "200103": "41.44",
        "200104": "43.86",
        "200105": "40.51",
        "200106": "35.68",
        "200107": "32.81",
        "200108": "34.87",
        "200109": "29.76",
        "200110": "27.13",
        "200111": "36.05",
        "200112": "48.15",
        "200201": "55.11",
        "200202": "63.58",
        "200203": "72.90",
        "200204": "77.74",
        "200205": "72.00",
        "200206": "57.82",
        "200207": "57.98",
        "200208": "59.05",
        "200209": "52.10",
        "200210": "44.68",
        "200211": "49.06",
        "200212": "42.62",
        "200301": "41.38",
        "200302": "38.96",
        "200303": "40.68",
        "200304": "39.31",
        "200305": "37.43",
        "200306": "42.90",
        "200307": "42.00",
        "200308": "47.06",
        "200309": "48.91",
        "200310": "44.40",
        "200311": "42.03",
        "200312": "40.99",
        "200401": "42.93",
        "200402": "42.53",
        "200403": "44.90",
        "200404": "48.01",
        "200405": "46.05",
        "200406": "40.84",
        "200407": "35.61",
        "200408": "35.02",
        "200409": "35.86",
        "200410": "33.90",
        "200411": "33.21",
        "200412": "35.39",
        "200501": "34.53",
        "200502": "35.62",
        "200503": "33.36",
        "200504": "31.69",
        "200505": "30.99",
        "200506": "31.59",
        "200507": "33.64",
        "200508": "33.22",
        "200509": "29.76",
        "200510": "29.22",
        "200511": "30.05",
        "200512": "31.67",
        "200601": "33.64",
        "200602": "33.20",
        "200603": "28.97",
        "200604": "27.11",
        "200605": "25.07",
        "200606": "20.32",
        "200607": "19.00",
        "200608": "18.94",
        "200609": "17.32",
        "200610": "16.94",
        "200611": "17.00",
        "200612": "17.23",
        "200701": "16.77",
        "200702": "16.29",
        "200703": "13.84",
        "200704": "12.92",
        "200705": "12.25",
        "200706": "12.34",
        "200707": "16.43",
        "200708": "15.75",
        "200709": "16.62",
        "200710": "38.67",
        "200711": "38.35",
        "200712": "32.39",
        "200801": "28.68",
        "200802": "27.33",
        "200803": "25.69",
        "200804": "26.74",
        "200805": "28.17",
        "200806": "23.93",
        "200807": "18.17",
        "200808": "16.73",
        "200809": "12.57",
        "200810": "9.98",
        "200811": "6.66",
        "200812": "6.18",
        "200901": "6.25",
        "200902": "6.40",
        "200903": "8.59",
        "200904": "11.12",
        "200905": "13.25",
        "200906": "12.26",
        "200907": "14.46",
        "200908": "14.81",
        "200909": "17.93",
        "200910": "19.26",
        "200911": "18.85",
        "200912": "19.92",
        "201001": "19.20",
        "201002": "15.66",
        "201003": "17.20",
        "201004": "18.10",
        "201005": "16.96",
        "201006": "16.22",
        "201007": "17.22",
        "201008": "18.21",
        "201009": "19.99",
        "201010": "21.31",
        "201011": "20.20",
        "201012": "20.61",
        "201101": "20.66",
        "201102": "18.20",
        "201103": "17.20",
        "201104": "17.58",
        "201105": "15.19",
        "201106": "14.54",
        "201107": "11.75",
        "201108": "7.81",
        "201109": "8.16",
        "201110": "8.34",
        "201111": "7.99",
        "201112": "6.19",
        "201201": "6.53",
        "201202": "8.46",
        "201203": "7.72",
        "201204": "6.75",
        "201205": "7.05",
        "201206": "6.97",
        "201207": "6.97",
        "201208": "6.54",
        "201209": "6.79",
        "201210": "6.65",
        "201211": "6.23",
        "201212": "7.16",
        "201301": "7.04",
        "201302": "7.34",
        "201303": "7.73",
        "201304": "7.17",
        "201305": "7.30",
        "201306": "6.96",
        "201307": "6.81",
        "201308": "6.87",
        "201309": "6.88",
        "201310": "6.75",
        "201311": "6.46",
        "201312": "6.74",
        "201401": "7.98",
        "201402": "9.77",
        "201403": "10.03",
        "201404": "10.34",
        "201405": "9.98",
        "201406": "10.40",
        "201407": "14.83",
        "201408": "14.99",
        "201409": "14.75",
        "201410": "13.04",
        "201411": "13.81",
        "201412": "14.32",
        "201501": "14.87",
        "201502": "14.27",
        "201503": "14.35",
        "201504": "13.82",
        "201505": "13.22",
        "201506": "12.47",
        "201507": "10.67",
        "201508": "9.32",
        "201509": "10.12",
        "201510": "10.82",
        "201511": "10.95",
        "201512": "11.39",
        "201601": "9.95",
        "201602": "10.25",
        "201603": "10.68",
        "201604": "10.44",
        "201605": "10.06",
        "201606": "11.02",
        "201607": "11.66",
        "201608": "12.13",
        "201609": "13.34",
        "201610": "13.08",
        "201611": "14.48",
        "201612": "15.18",
        "201701": "15.97",
        "201702": "16.41",
        "201703": "17.18",
        "201704": "18.70",
        "201705": "19.69",
        "201706": "23.50",
        "201707": "23.34",
        "201708": "22.43",
        "201709": "21.86",
        "201710": "21.94",
        "201711": "21.47",
        "201712": "20.94",
        "201801": "21.35",
        "201802": "20.31",
        "201803": "21.32",
        "201804": "21.27",
        "201805": "20.68",
        "201806": "21.48",
        "201807": "22.03",
        "201808": "21.05",
        "201809": "20.07",
        "201810": "18.25",
        "201811": "18.43",
        "201812": "19.43",
        "201901": "19.92",
        "201902": "19.72",
        "201903": "20.05",
        "201904": "19.70",
        "201905": "19.00",
        "201906": "19.94",
        "201907": "20.03",
        "201908": "19.20",
        "201909": "21.15",
        "201910": "22.21",
        "201911": "22.50",
        "201912": "21.32",
        "202001": "20.99",
        "202002": "19.82",
        "202003": "16.28",
        "202004": "16.14",
        "202005": "16.62",
        "202006": "17.45",
        "202007": "17.93",
        "202008": "18.32",
        "202009": "19.22",
        "202010": "19.02",
        "202011": "20.96",
        "202012": "26.68",
        "202101": "28.16",
        "202102": "29.05",
        "202103": "30.33",
        "202104": "35.18",
        "202105": "30.66",
        "202106": "30.33",
        "202107": "30.88",
        "202108": "29.67",
        "202109": "28.76",
        "202110": "29.92",
        "202111": "31.24",
        "202112": "29.99",
        "202201": "30.64",
        "202202": "30.95",
        "202203": "32.02",
        "202204": "32.75",
        "202205": "28.60",
        "202206": "29.10",
        "202207": "29.70",
        "202208": "28.48",
        "202209": "28.67",
        "202210": "26.15",
        "202211": "27.45",
        "202212": "27.56",
        "202301": "27.92",
        "202302": "29.09",
        "202303": "30.62",
        "202304": "32.90",
        "202305": "37.21",
        "202306": "45.39",
        "202307": "51.10",
        "202308": "45.18",
        "202309": "45.02",
        "202310": "44.04",
        "202311": "44.10",
        "202312": "44.45"
    },
    "quarters": {
        "20011": {
            "year_quarter": 20011,
            "year": 2001,
            "quarter": 1,
            "eps": 0.31,
            "eps_growth_year": -61.73,
            "eps_4q": 3.76,
            "eps_4q_growth_year": 31.07,
            "roe": 1.24,
            "roe_4q": 1.24,
            "gross_profit": 1209199,
            "gross_margin": 10.18,
            "gross_margin_4q_avg": 10.18,
            "net_income": 350399,
            "net_income_4q": null,
            "revenue": 11881337,
            "revenue_4q": null,
            "common_shares": 10827312,
            "book_valuer_per_share": 25.3,
            "book_valuer_per_share_4q_avg": 25.3,
            "equity": 27388881,
            "current_ratio": 135.25,
            "debt_ratio": 46.18,
            "inventory_turnover_ratio": 1.52,
            "account_receivable_turnover_ratio": null,
            "reinvestment_rate": null,
            "research_to_sale_ratio": null,
            "price_fair": 0,
            "eps_avg_yearly": 0,
            "eps_latest_yearly": 0,
            "eps_growth_yearly": 0
        },
        "20012": {
            "year_quarter": 20012,
            "year": 2001,
            "quarter": 2,
            "eps": 0.51,
            "eps_growth_year": -43.96,
            "eps_4q": 2.87,
            "eps_4q_growth_year": 0.43,
            "roe": 2.58,
            "roe_4q": 3.8200000000000003,
            "gross_profit": 1403100,
            "gross_margin": 12.63,
            "gross_margin_4q_avg": 11.41,
            "net_income": 705255,
            "net_income_4q": null,
            "revenue": 11110321,
            "revenue_4q": null,
            "common_shares": 13810879,
            "book_valuer_per_share": 19.68,
            "book_valuer_per_share_4q_avg": 22.49,
            "equity": 27176690,
            "current_ratio": 148.93,
            "debt_ratio": 41.31,
            "inventory_turnover_ratio": 2.84,
            "account_receivable_turnover_ratio": null,
            "reinvestment_rate": null,
            "research_to_sale_ratio": null,
            "price_fair": 0,
            "eps_avg_yearly": 0,
            "eps_latest_yearly": 0,
            "eps_growth_yearly": 0
        },
        "20013": {
            "year_quarter": 20013,
            "year": 2001,
            "quarter": 3,
            "eps": 0,
            "eps_growth_year": -100,
            "eps_4q": 1.57,
            "eps_4q_growth_year": -63.03,
            "roe": 0.03,
            "roe_4q": 3.8499999999999996,
            "gross_profit": 1461958,
            "gross_margin": 11.27,
            "gross_margin_4q_avg": 11.36,
            "net_income": 6819,
            "net_income_4q": null,
            "revenue": 12969960,
            "revenue_4q": null,
            "common_shares": 13810879,
            "book_valuer_per_share": 19.21,
            "book_valuer_per_share_4q_avg": 21.4,
            "equity": 26536008,
            "current_ratio": 148.51,
            "debt_ratio": 43.29,
            "inventory_turnover_ratio": 3.1,
            "account_receivable_turnover_ratio": null,
            "reinvestment_rate": null,
            "research_to_sale_ratio": null,
            "price_fair": 0,
            "eps_avg_yearly": 0,
            "eps_latest_yearly": 0,
            "eps_growth_yearly": 0
        },
        "20014": {
            "year_quarter": 20014,
            "year": 2001,
            "quarter": 4,
            "eps": 1.43,
            "eps_growth_year": 40.2,
            "eps_4q": 2.2,
            "eps_4q_growth_year": -48.62,
            "roe": 6.98,
            "roe_4q": 10.83,
            "gross_profit": 3374021,
            "gross_margin": 14.76,
            "gross_margin_4q_avg": 12.21,
            "net_income": 1968890,
            "net_income_4q": null,
            "revenue": 22858269,
            "revenue_4q": null,
            "common_shares": 13810879,
            "book_valuer_per_share": 20.32,
            "book_valuer_per_share_4q_avg": 21.13,
            "equity": 29863566,
            "current_ratio": 123.29,
            "debt_ratio": 56.88,
            "inventory_turnover_ratio": 2.55,
            "account_receivable_turnover_ratio": null,
            "reinvestment_rate": null,
            "research_to_sale_ratio": null,
            "price_fair": 0,
            "eps_avg_yearly": 0,
            "eps_latest_yearly": 0,
            "eps_growth_yearly": 0
        },
        "20021": {
            "year_quarter": 20021,
            "year": 2002,
            "quarter": 1,
            "eps": 1.57,
            "eps_growth_year": 406.45,
            "eps_4q": 3.52,
            "eps_4q_growth_year": -6.46,
            "roe": 6.89,
            "roe_4q": 16.48,
            "gross_profit": 3332867,
            "gross_margin": 14.2,
            "gross_margin_4q_avg": 13.22,
            "net_income": 2160633,
            "net_income_4q": null,
            "revenue": 23470345,
            "revenue_4q": null,
            "common_shares": 13983180,
            "book_valuer_per_share": 23.49,
            "book_valuer_per_share_4q_avg": 20.68,
            "equity": 32852089,
            "current_ratio": 147.74,
            "debt_ratio": 45.48,
            "inventory_turnover_ratio": 2.5,
            "account_receivable_turnover_ratio": null,
            "reinvestment_rate": null,
            "research_to_sale_ratio": null,
            "price_fair": 219.8,
            "eps_avg_yearly": 6.28,
            "eps_latest_yearly": 6.28,
            "eps_growth_yearly": 39.16
        },
        "20022": {
            "year_quarter": 20022,
            "year": 2002,
            "quarter": 2,
            "eps": 1.51,
            "eps_growth_year": 196.08,
            "eps_4q": 4.1,
            "eps_4q_growth_year": 42.88,
            "roe": 6.88,
            "roe_4q": 20.78,
            "gross_profit": 2803036,
            "gross_margin": 12.4,
            "gross_margin_4q_avg": 13.16,
            "net_income": 2409045,
            "net_income_4q": null,
            "revenue": 22600742,
            "revenue_4q": null,
            "common_shares": 16555963,
            "book_valuer_per_share": 22.48,
            "book_valuer_per_share_4q_avg": 21.38,
            "equity": 37215462,
            "current_ratio": 146.31,
            "debt_ratio": 40.44,
            "inventory_turnover_ratio": 3.97,
            "account_receivable_turnover_ratio": null,
            "reinvestment_rate": null,
            "research_to_sale_ratio": null,
            "price_fair": 135.13,
            "eps_avg_yearly": 6.16,
            "eps_latest_yearly": 6.04,
            "eps_growth_yearly": 11.94
        },
        "20023": {
            "year_quarter": 20023,
            "year": 2002,
            "quarter": 3,
            "eps": 0.87,
            "eps_growth_year": null,
            "eps_4q": 4.94,
            "eps_4q_growth_year": 215.18,
            "roe": 3.63,
            "roe_4q": 24.38,
            "gross_profit": 3021658,
            "gross_margin": 14.06,
            "gross_margin_4q_avg": 13.86,
            "net_income": 1398891,
            "net_income_4q": null,
            "revenue": 21492961,
            "revenue_4q": null,
            "common_shares": 16555963,
            "book_valuer_per_share": 24.08,
            "book_valuer_per_share_4q_avg": 22.59,
            "equity": 39871345,
            "current_ratio": 150.79,
            "debt_ratio": 38.78,
            "inventory_turnover_ratio": 4.34,
            "account_receivable_turnover_ratio": null,
            "reinvestment_rate": null,
            "research_to_sale_ratio": null,
            "price_fair": 15.8,
            "eps_avg_yearly": 5.27,
            "eps_latest_yearly": 3.48,
            "eps_growth_yearly": -48.55
        },
        "20024": {
            "year_quarter": 20024,
            "year": 2002,
            "quarter": 4,
            "eps": 0.88,
            "eps_growth_year": -38.46,
            "eps_4q": 4.55,
            "eps_4q_growth_year": 106.67,
            "roe": 3.45,
            "roe_4q": 20.85,
            "gross_profit": 2978732,
            "gross_margin": 11.61,
            "gross_margin_4q_avg": 13.07,
            "net_income": 1431060,
            "net_income_4q": null,
            "revenue": 25665269,
            "revenue_4q": null,
            "common_shares": 16810510,
            "book_valuer_per_share": 24.56,
            "book_valuer_per_share_4q_avg": 23.65,
            "equity": 43068158,
            "current_ratio": 126.23,
            "debt_ratio": 47.61,
            "inventory_turnover_ratio": 2.7,
            "account_receivable_turnover_ratio": null,
            "reinvestment_rate": 56.12,
            "research_to_sale_ratio": null,
            "price_fair": 14.49,
            "eps_avg_yearly": 4.83,
            "eps_latest_yearly": 3.52,
            "eps_growth_yearly": -35.27
        },
        "20031": {
            "year_quarter": 20031,
            "year": 2003,
            "quarter": 1,
            "eps": 0.9,
            "eps_growth_year": -42.68,
            "eps_4q": 4.12,
            "eps_4q_growth_year": 17.09,
            "roe": 3.41,
            "roe_4q": 17.37,
            "gross_profit": 4341136,
            "gross_margin": 16.08,
            "gross_margin_4q_avg": 13.54,
            "net_income": 1464546,
            "net_income_4q": null,
            "revenue": 26990490,
            "revenue_4q": null,
            "common_shares": 16810510,
            "book_valuer_per_share": 25.42,
            "book_valuer_per_share_4q_avg": 24.14,
            "equity": 42727020,
            "current_ratio": 132.74,
            "debt_ratio": 46.23,
            "inventory_turnover_ratio": 1.76,
            "account_receivable_turnover_ratio": null,
            "reinvestment_rate": 47.19,
            "research_to_sale_ratio": null,
            "price_fair": 13.75,
            "eps_avg_yearly": 4.58,
            "eps_latest_yearly": 3.6,
            "eps_growth_yearly": -26.39
        },
        "20032": {
            "year_quarter": 20032,
            "year": 2003,
            "quarter": 2,
            "eps": 0.7,
            "eps_growth_year": -53.64,
            "eps_4q": 2.78,
            "eps_4q_growth_year": -32.23,
            "roe": 3.44,
            "roe_4q": 13.93,
            "gross_profit": 3646332,
            "gross_margin": 14.64,
            "gross_margin_4q_avg": 14.1,
            "net_income": 1445094,
            "net_income_4q": null,
            "revenue": 24905497,
            "revenue_4q": null,
            "common_shares": 20671612,
            "book_valuer_per_share": 20,
            "book_valuer_per_share_4q_avg": 23.52,
            "equity": 41334087,
            "current_ratio": 130.72,
            "debt_ratio": 45.19,
            "inventory_turnover_ratio": 1.6,
            "account_receivable_turnover_ratio": null,
            "reinvestment_rate": 46.74,
            "research_to_sale_ratio": null,
            "price_fair": 12.86,
            "eps_avg_yearly": 4.29,
            "eps_latest_yearly": 2.8,
            "eps_growth_yearly": -36.81
        },
        "20033": {
            "year_quarter": 20033,
            "year": 2003,
            "quarter": 3,
            "eps": 1.08,
            "eps_growth_year": 24.14,
            "eps_4q": 3.18,
            "eps_4q_growth_year": -35.61,
            "roe": 5.24,
            "roe_4q": 15.54,
            "gross_profit": 3742016,
            "gross_margin": 11.66,
            "gross_margin_4q_avg": 13.5,
            "net_income": 2233657,
            "net_income_4q": null,
            "revenue": 32082653,
            "revenue_4q": null,
            "common_shares": 20838612,
            "book_valuer_per_share": 21.09,
            "book_valuer_per_share_4q_avg": 22.77,
            "equity": 43941541,
            "current_ratio": 132.78,
            "debt_ratio": 48.37,
            "inventory_turnover_ratio": 2.01,
            "account_receivable_turnover_ratio": null,
            "reinvestment_rate": 42.27,
            "research_to_sale_ratio": null,
            "price_fair": 12.87,
            "eps_avg_yearly": 4.29,
            "eps_latest_yearly": 4.32,
            "eps_growth_yearly": -0.53
        },
        "20034": {
            "year_quarter": 20034,
            "year": 2003,
            "quarter": 4,
            "eps": 1.14,
            "eps_growth_year": 29.55,
            "eps_4q": 3.53,
            "eps_4q_growth_year": -22.41,
            "roe": 5.27,
            "roe_4q": 17.36,
            "gross_profit": 7280849,
            "gross_margin": 16.46,
            "gross_margin_4q_avg": 14.71,
            "net_income": 2421907,
            "net_income_4q": null,
            "revenue": 44246036,
            "revenue_4q": null,
            "common_shares": 20838612,
            "book_valuer_per_share": 21.82,
            "book_valuer_per_share_4q_avg": 22.08,
            "equity": 48020356,
            "current_ratio": 128.27,
            "debt_ratio": 49.34,
            "inventory_turnover_ratio": 2.24,
            "account_receivable_turnover_ratio": null,
            "reinvestment_rate": 47.95,
            "research_to_sale_ratio": null,
            "price_fair": 53.25,
            "eps_avg_yearly": 4.33,
            "eps_latest_yearly": 4.56,
            "eps_growth_yearly": 2.31
        },
        "20041": {
            "year_quarter": 20041,
            "year": 2004,
            "quarter": 1,
            "eps": 1.49,
            "eps_growth_year": 65.56,
            "eps_4q": 4.42,
            "eps_4q_growth_year": 7.35,
            "roe": 6.38,
            "roe_4q": 20.330000000000002,
            "gross_profit": 5378927,
            "gross_margin": 12.74,
            "gross_margin_4q_avg": 13.88,
            "net_income": 3066828,
            "net_income_4q": null,
            "revenue": 42219309,
            "revenue_4q": null,
            "common_shares": 20674782,
            "book_valuer_per_share": 23.27,
            "book_valuer_per_share_4q_avg": 21.55,
            "equity": 48110216,
            "current_ratio": 128.16,
            "debt_ratio": 48.41,
            "inventory_turnover_ratio": 1.98,
            "account_receivable_turnover_ratio": null,
            "reinvestment_rate": 32.04,
            "research_to_sale_ratio": null,
            "price_fair": 115.83,
            "eps_avg_yearly": 4.51,
            "eps_latest_yearly": 5.96,
            "eps_growth_yearly": 15.7
        },
        "20042": {
            "year_quarter": 20042,
            "year": 2004,
            "quarter": 2,
            "eps": 1.29,
            "eps_growth_year": 84.29,
            "eps_4q": 4.61,
            "eps_4q_growth_year": 65.71,
            "roe": 6.21,
            "roe_4q": 23.1,
            "gross_profit": 4815601,
            "gross_margin": 11.45,
            "gross_margin_4q_avg": 13.08,
            "net_income": 2977749,
            "net_income_4q": null,
            "revenue": 42065478,
            "revenue_4q": null,
            "common_shares": 23148990,
            "book_valuer_per_share": 20.64,
            "book_valuer_per_share_4q_avg": 21.71,
            "equity": 47768594,
            "current_ratio": 123.16,
            "debt_ratio": 48.12,
            "inventory_turnover_ratio": 1.86,
            "account_receivable_turnover_ratio": null,
            "reinvestment_rate": 27.88,
            "research_to_sale_ratio": null,
            "price_fair": 85.78,
            "eps_avg_yearly": 4.57,
            "eps_latest_yearly": 5.16,
            "eps_growth_yearly": 8.76
        },
        "20043": {
            "year_quarter": 20043,
            "year": 2004,
            "quarter": 3,
            "eps": 0.6,
            "eps_growth_year": -44.44,
            "eps_4q": 4.26,
            "eps_4q_growth_year": 34.05,
            "roe": 2.84,
            "roe_4q": 20.7,
            "gross_profit": 4442016,
            "gross_margin": 11.01,
            "gross_margin_4q_avg": 12.92,
            "net_income": 1376809,
            "net_income_4q": null,
            "revenue": 40336439,
            "revenue_4q": null,
            "common_shares": 23150142,
            "book_valuer_per_share": 21.25,
            "book_valuer_per_share_4q_avg": 21.75,
            "equity": 49199592,
            "current_ratio": 131.76,
            "debt_ratio": 49,
            "inventory_turnover_ratio": 1.68,
            "account_receivable_turnover_ratio": null,
            "reinvestment_rate": 23.88,
            "research_to_sale_ratio": null,
            "price_fair": 13.12,
            "eps_avg_yearly": 4.37,
            "eps_latest_yearly": 2.4,
            "eps_growth_yearly": -11.49
        },
        "20044": {
            "year_quarter": 20044,
            "year": 2004,
            "quarter": 4,
            "eps": 0.09,
            "eps_growth_year": -92.11,
            "eps_4q": 2.59,
            "eps_4q_growth_year": -26.73,
            "roe": 0.53,
            "roe_4q": 15.96,
            "gross_profit": 6160597,
            "gross_margin": 12.29,
            "gross_margin_4q_avg": 11.87,
            "net_income": 265115,
            "net_income_4q": null,
            "revenue": 50119597,
            "revenue_4q": null,
            "common_shares": 23150141,
            "book_valuer_per_share": 21.2,
            "book_valuer_per_share_4q_avg": 21.59,
            "equity": 51610614,
            "current_ratio": 136.46,
            "debt_ratio": 48.19,
            "inventory_turnover_ratio": 2.27,
            "account_receivable_turnover_ratio": null,
            "reinvestment_rate": 27.25,
            "research_to_sale_ratio": null,
            "price_fair": 12.12,
            "eps_avg_yearly": 4.04,
            "eps_latest_yearly": 0.36,
            "eps_growth_yearly": -38.86
        },
        "20051": {
            "year_quarter": 20051,
            "year": 2005,
            "quarter": 1,
            "eps": 0.13,
            "eps_growth_year": -91.28,
            "eps_4q": 2.08,
            "eps_4q_growth_year": -52.92,
            "roe": 0.6,
            "roe_4q": 10.18,
            "gross_profit": 3662451,
            "gross_margin": 11.33,
            "gross_margin_4q_avg": 11.52,
            "net_income": 303212,
            "net_income_4q": null,
            "revenue": 32336758,
            "revenue_4q": null,
            "common_shares": 23150142,
            "book_valuer_per_share": 21.31,
            "book_valuer_per_share_4q_avg": 21.1,
            "equity": 49331059,
            "current_ratio": 144.24,
            "debt_ratio": 41.77,
            "inventory_turnover_ratio": 1.86,
            "account_receivable_turnover_ratio": null,
            "reinvestment_rate": 21.61,
            "research_to_sale_ratio": null,
            "price_fair": 11.31,
            "eps_avg_yearly": 3.77,
            "eps_latest_yearly": 0.52,
            "eps_growth_yearly": -22.2
        },
        "20052": {
            "year_quarter": 20052,
            "year": 2005,
            "quarter": 2,
            "eps": 0.2,
            "eps_growth_year": -84.5,
            "eps_4q": 1.95,
            "eps_4q_growth_year": -57.66,
            "roe": 0.49,
            "roe_4q": 4.46,
            "gross_profit": 3392462,
            "gross_margin": 9.58,
            "gross_margin_4q_avg": 11.05,
            "net_income": 241792,
            "net_income_4q": null,
            "revenue": 35397388,
            "revenue_4q": null,
            "common_shares": 24679983,
            "book_valuer_per_share": 18.62,
            "book_valuer_per_share_4q_avg": 20.6,
            "equity": 48861032,
            "current_ratio": 138.77,
            "debt_ratio": 53.18,
            "inventory_turnover_ratio": 2.06,
            "account_receivable_turnover_ratio": null,
            "reinvestment_rate": 67.22,
            "research_to_sale_ratio": null,
            "price_fair": 10.67,
            "eps_avg_yearly": 3.56,
            "eps_latest_yearly": 0.8,
            "eps_growth_yearly": -5.23
        },
        "20053": {
            "year_quarter": 20053,
            "year": 2005,
            "quarter": 3,
            "eps": 0.01,
            "eps_growth_year": -98.33,
            "eps_4q": 0.4,
            "eps_4q_growth_year": -90.52,
            "roe": 0.53,
            "roe_4q": 2.1500000000000004,
            "gross_profit": 2505130,
            "gross_margin": 8.85,
            "gross_margin_4q_avg": 10.51,
            "net_income": 254101,
            "net_income_4q": null,
            "revenue": 28291781,
            "revenue_4q": null,
            "common_shares": 24679983,
            "book_valuer_per_share": 19.19,
            "book_valuer_per_share_4q_avg": 20.08,
            "equity": 47365060,
            "current_ratio": 131.89,
            "debt_ratio": 50.85,
            "inventory_turnover_ratio": 1.33,
            "account_receivable_turnover_ratio": null,
            "reinvestment_rate": 27.8,
            "research_to_sale_ratio": null,
            "price_fair": 9.97,
            "eps_avg_yearly": 3.32,
            "eps_latest_yearly": 0.04,
            "eps_growth_yearly": -30.21
        },
        "20054": {
            "year_quarter": 20054,
            "year": 2005,
            "quarter": 4,
            "eps": -2.45,
            "eps_growth_year": -2822.22,
            "eps_4q": -1.89,
            "eps_4q_growth_year": -173.11,
            "roe": -14.07,
            "roe_4q": -12.450000000000001,
            "gross_profit": 5268069,
            "gross_margin": 6.52,
            "gross_margin_4q_avg": 9.07,
            "net_income": -6657340,
            "net_income_4q": null,
            "revenue": 80752238,
            "revenue_4q": null,
            "common_shares": 26186722,
            "book_valuer_per_share": 16.97,
            "book_valuer_per_share_4q_avg": 19.02,
            "equity": 47281247,
            "current_ratio": 107.47,
            "debt_ratio": 71.59,
            "inventory_turnover_ratio": 2.75,
            "account_receivable_turnover_ratio": null,
            "reinvestment_rate": 44.38,
            "research_to_sale_ratio": null,
            "price_fair": 9.97,
            "eps_avg_yearly": 3.32,
            "eps_latest_yearly": 0.04,
            "eps_growth_yearly": -30.21
        },
        "20061": {
            "year_quarter": 20061,
            "year": 2006,
            "quarter": 1,
            "eps": -1.95,
            "eps_growth_year": -1600,
            "eps_4q": -4.11,
            "eps_4q_growth_year": -297.29,
            "roe": -11.51,
            "roe_4q": -24.56,
            "gross_profit": 3597466,
            "gross_margin": 6.21,
            "gross_margin_4q_avg": 7.79,
            "net_income": -4997547,
            "net_income_4q": null,
            "revenue": 57938889,
            "revenue_4q": null,
            "common_shares": 26248800,
            "book_valuer_per_share": 15.07,
            "book_valuer_per_share_4q_avg": 17.46,
            "equity": 39563284,
            "current_ratio": 101.76,
            "debt_ratio": 71.93,
            "inventory_turnover_ratio": 1.68,
            "account_receivable_turnover_ratio": null,
            "reinvestment_rate": 96.56,
            "research_to_sale_ratio": null,
            "price_fair": 9.33,
            "eps_avg_yearly": 3.11,
            "eps_latest_yearly": 0.04,
            "eps_growth_yearly": -35.17
        },
        "20062": {
            "year_quarter": 20062,
            "year": 2006,
            "quarter": 2,
            "eps": -0.98,
            "eps_growth_year": -590,
            "eps_4q": -5.15,
            "eps_4q_growth_year": -363.98,
            "roe": -6.2,
            "roe_4q": -31.25,
            "gross_profit": 6307441,
            "gross_margin": 9.53,
            "gross_margin_4q_avg": 7.78,
            "net_income": -2445021,
            "net_income_4q": null,
            "revenue": 66169524,
            "revenue_4q": null,
            "common_shares": 26248800,
            "book_valuer_per_share": 13.73,
            "book_valuer_per_share_4q_avg": 16.24,
            "equity": 39324201,
            "current_ratio": 93.87,
            "debt_ratio": 76.19,
            "inventory_turnover_ratio": 1.69,
            "account_receivable_turnover_ratio": null,
            "reinvestment_rate": 405.38,
            "research_to_sale_ratio": null,
            "price_fair": 8.66,
            "eps_avg_yearly": 2.89,
            "eps_latest_yearly": 0.04,
            "eps_growth_yearly": -36.7
        },
        "20063": {
            "year_quarter": 20063,
            "year": 2006,
            "quarter": 3,
            "eps": -4.77,
            "eps_growth_year": -47800,
            "eps_4q": null,
            "eps_4q_growth_year": null,
            "roe": null,
            "roe_4q": -31.78,
            "gross_profit": 1897762,
            "gross_margin": 6.47,
            "gross_margin_4q_avg": 7.18,
            "net_income": null,
            "net_income_4q": null,
            "revenue": 29349146,
            "revenue_4q": null,
            "common_shares": 26248800,
            "book_valuer_per_share": 9.42,
            "book_valuer_per_share_4q_avg": 13.8,
            "equity": 24724126,
            "current_ratio": 83.95,
            "debt_ratio": 76.62,
            "inventory_turnover_ratio": 0.93,
            "account_receivable_turnover_ratio": null,
            "reinvestment_rate": null,
            "research_to_sale_ratio": null,
            "price_fair": 8.51,
            "eps_avg_yearly": 2.84,
            "eps_latest_yearly": 0.04,
            "eps_growth_yearly": -25.63
        },
        "20064": {
            "year_quarter": 20064,
            "year": 2006,
            "quarter": 4,
            "eps": -3.08,
            "eps_growth_year": null,
            "eps_4q": null,
            "eps_4q_growth_year": null,
            "roe": null,
            "roe_4q": -17.71,
            "gross_profit": 6731975,
            "gross_margin": 9.12,
            "gross_margin_4q_avg": 7.83,
            "net_income": null,
            "net_income_4q": null,
            "revenue": 73781867,
            "revenue_4q": null,
            "common_shares": 26248800,
            "book_valuer_per_share": 7.42,
            "book_valuer_per_share_4q_avg": 11.41,
            "equity": 23420822,
            "current_ratio": 82.29,
            "debt_ratio": 80.62,
            "inventory_turnover_ratio": 3.29,
            "account_receivable_turnover_ratio": null,
            "reinvestment_rate": null,
            "research_to_sale_ratio": null,
            "price_fair": 8.32,
            "eps_avg_yearly": 2.77,
            "eps_latest_yearly": 0.04,
            "eps_growth_yearly": -28.37
        },
        "20071": {
            "year_quarter": 20071,
            "year": 2007,
            "quarter": 1,
            "eps": -0.69,
            "eps_growth_year": null,
            "eps_4q": null,
            "eps_4q_growth_year": null,
            "roe": -8.6,
            "roe_4q": -14.8,
            "gross_profit": 730426,
            "gross_margin": 2.95,
            "gross_margin_4q_avg": 7.02,
            "net_income": -1755336,
            "net_income_4q": null,
            "revenue": 24800033,
            "revenue_4q": null,
            "common_shares": 25648800,
            "book_valuer_per_share": 6.79,
            "book_valuer_per_share_4q_avg": 9.34,
            "equity": 17407175,
            "current_ratio": 117.86,
            "debt_ratio": 77.7,
            "inventory_turnover_ratio": 2.03,
            "account_receivable_turnover_ratio": null,
            "reinvestment_rate": null,
            "research_to_sale_ratio": null,
            "price_fair": 8.08,
            "eps_avg_yearly": 2.69,
            "eps_latest_yearly": 0.04,
            "eps_growth_yearly": -32.12
        },
        "20072": {
            "year_quarter": 20072,
            "year": 2007,
            "quarter": 2,
            "eps": 0.22,
            "eps_growth_year": null,
            "eps_4q": null,
            "eps_4q_growth_year": null,
            "roe": 3.25,
            "roe_4q": -5.35,
            "gross_profit": -148438,
            "gross_margin": -0.46,
            "gross_margin_4q_avg": 4.52,
            "net_income": 569903,
            "net_income_4q": null,
            "revenue": 32014517,
            "revenue_4q": null,
            "common_shares": 25648800,
            "book_valuer_per_share": 6.9,
            "book_valuer_per_share_4q_avg": 7.63,
            "equity": 17687032,
            "current_ratio": 130.88,
            "debt_ratio": 77.83,
            "inventory_turnover_ratio": 12.15,
            "account_receivable_turnover_ratio": null,
            "reinvestment_rate": null,
            "research_to_sale_ratio": null,
            "price_fair": 8.04,
            "eps_avg_yearly": 2.68,
            "eps_latest_yearly": 0.04,
            "eps_growth_yearly": -25.81
        },
        "20073": {
            "year_quarter": 20073,
            "year": 2007,
            "quarter": 3,
            "eps": 1.84,
            "eps_growth_year": null,
            "eps_4q": null,
            "eps_4q_growth_year": null,
            "roe": 14.62,
            "roe_4q": 9.269999999999998,
            "gross_profit": 914898,
            "gross_margin": 2.59,
            "gross_margin_4q_avg": 3.55,
            "net_income": 2826064,
            "net_income_4q": null,
            "revenue": 35259042,
            "revenue_4q": null,
            "common_shares": 15389280,
            "book_valuer_per_share": 13.63,
            "book_valuer_per_share_4q_avg": 8.69,
            "equity": 20973410,
            "current_ratio": 117.83,
            "debt_ratio": 74.05,
            "inventory_turnover_ratio": 11.7,
            "account_receivable_turnover_ratio": null,
            "reinvestment_rate": null,
            "research_to_sale_ratio": null,
            "price_fair": 105.62,
            "eps_avg_yearly": 3.02,
            "eps_latest_yearly": 7.36,
            "eps_growth_yearly": 277.33
        },
        "20074": {
            "year_quarter": 20074,
            "year": 2007,
            "quarter": 4,
            "eps": 2.04,
            "eps_growth_year": null,
            "eps_4q": 3.11,
            "eps_4q_growth_year": null,
            "roe": 12.87,
            "roe_4q": 22.14,
            "gross_profit": 643033,
            "gross_margin": 2.13,
            "gross_margin_4q_avg": 1.8,
            "net_income": 3130992,
            "net_income_4q": null,
            "revenue": 30179844,
            "revenue_4q": null,
            "common_shares": 15389280,
            "book_valuer_per_share": 15.56,
            "book_valuer_per_share_4q_avg": 10.72,
            "equity": 27690733,
            "current_ratio": 107.7,
            "debt_ratio": 76.57,
            "inventory_turnover_ratio": 2.05,
            "account_receivable_turnover_ratio": null,
            "reinvestment_rate": null,
            "research_to_sale_ratio": null,
            "price_fair": 119.62,
            "eps_avg_yearly": 3.42,
            "eps_latest_yearly": 8.16,
            "eps_growth_yearly": 279.7
        },
        "20081": {
            "year_quarter": 20081,
            "year": 2008,
            "quarter": 1,
            "eps": 1.14,
            "eps_growth_year": null,
            "eps_4q": 4.72,
            "eps_4q_growth_year": null,
            "roe": 7.07,
            "roe_4q": 37.809999999999995,
            "gross_profit": 3962563,
            "gross_margin": 9.65,
            "gross_margin_4q_avg": 3.48,
            "net_income": 1999217,
            "net_income_4q": null,
            "revenue": 41075508,
            "revenue_4q": null,
            "common_shares": 15389280,
            "book_valuer_per_share": 16.17,
            "book_valuer_per_share_4q_avg": 13.07,
            "equity": 28836329,
            "current_ratio": 101.3,
            "debt_ratio": 76.06,
            "inventory_turnover_ratio": 1.44,
            "account_receivable_turnover_ratio": null,
            "reinvestment_rate": null,
            "research_to_sale_ratio": null,
            "price_fair": 114.18,
            "eps_avg_yearly": 3.26,
            "eps_latest_yearly": 4.56,
            "eps_growth_yearly": 246.44
        },
        "20082": {
            "year_quarter": 20082,
            "year": 2008,
            "quarter": 2,
            "eps": 0.32,
            "eps_growth_year": 45.45,
            "eps_4q": 4.72,
            "eps_4q_growth_year": null,
            "roe": 1.69,
            "roe_4q": 36.25,
            "gross_profit": 2240488,
            "gross_margin": 5.42,
            "gross_margin_4q_avg": 4.95,
            "net_income": 560546,
            "net_income_4q": null,
            "revenue": 41335840,
            "revenue_4q": null,
            "common_shares": 17650700,
            "book_valuer_per_share": 16.73,
            "book_valuer_per_share_4q_avg": 15.52,
            "equity": 37325947,
            "current_ratio": 108.25,
            "debt_ratio": 72.05,
            "inventory_turnover_ratio": 1.47,
            "account_receivable_turnover_ratio": null,
            "reinvestment_rate": null,
            "research_to_sale_ratio": null,
            "price_fair": 99.09,
            "eps_avg_yearly": 2.83,
            "eps_latest_yearly": 1.28,
            "eps_growth_yearly": 220.44
        },
        "20083": {
            "year_quarter": 20083,
            "year": 2008,
            "quarter": 3,
            "eps": -1.02,
            "eps_growth_year": -155.43,
            "eps_4q": 1.86,
            "eps_4q_growth_year": null,
            "roe": -5.4,
            "roe_4q": 16.23,
            "gross_profit": 3454413,
            "gross_margin": 9,
            "gross_margin_4q_avg": 6.55,
            "net_income": -1950028,
            "net_income_4q": null,
            "revenue": 38398350,
            "revenue_4q": null,
            "common_shares": 19282176,
            "book_valuer_per_share": 13.86,
            "book_valuer_per_share_4q_avg": 15.58,
            "equity": 34900631,
            "current_ratio": 100.47,
            "debt_ratio": 74.7,
            "inventory_turnover_ratio": 1.33,
            "account_receivable_turnover_ratio": null,
            "reinvestment_rate": null,
            "research_to_sale_ratio": null,
            "price_fair": 100.98,
            "eps_avg_yearly": 2.89,
            "eps_latest_yearly": 1.28,
            "eps_growth_yearly": 274.74
        },
        "20084": {
            "year_quarter": 20084,
            "year": 2008,
            "quarter": 4,
            "eps": -1.94,
            "eps_growth_year": -195.1,
            "eps_4q": -1.52,
            "eps_4q_growth_year": -148.86,
            "roe": -12.68,
            "roe_4q": -9.319999999999997,
            "gross_profit": 3226726,
            "gross_margin": 6.63,
            "gross_margin_4q_avg": 7.68,
            "net_income": -4134842,
            "net_income_4q": null,
            "revenue": 48697844,
            "revenue_4q": null,
            "common_shares": 19282176,
            "book_valuer_per_share": 11.73,
            "book_valuer_per_share_4q_avg": 14.62,
            "equity": 30320095,
            "current_ratio": 94.54,
            "debt_ratio": 76.53,
            "inventory_turnover_ratio": 2.11,
            "account_receivable_turnover_ratio": 4.52,
            "reinvestment_rate": null,
            "research_to_sale_ratio": null,
            "price_fair": 113.6,
            "eps_avg_yearly": 3.25,
            "eps_latest_yearly": 1.28,
            "eps_growth_yearly": 362.56
        },
        "20091": {
            "year_quarter": 20091,
            "year": 2009,
            "quarter": 1,
            "eps": -1.11,
            "eps_growth_year": -197.37,
            "eps_4q": -3.66,
            "eps_4q_growth_year": -177.42,
            "roe": -8.07,
            "roe_4q": -24.459999999999997,
            "gross_profit": 2641179,
            "gross_margin": 7.93,
            "gross_margin_4q_avg": 7.25,
            "net_income": -2377972,
            "net_income_4q": null,
            "revenue": 33307252,
            "revenue_4q": null,
            "common_shares": 19282176,
            "book_valuer_per_share": 10.92,
            "book_valuer_per_share_4q_avg": 13.31,
            "equity": 28626061,
            "current_ratio": 87.27,
            "debt_ratio": 75.44,
            "inventory_turnover_ratio": 1.91,
            "account_receivable_turnover_ratio": 1.58,
            "reinvestment_rate": null,
            "research_to_sale_ratio": null,
            "price_fair": 129.5,
            "eps_avg_yearly": 3.7,
            "eps_latest_yearly": 1.28,
            "eps_growth_yearly": 393.35
        },
        "20092": {
            "year_quarter": 20092,
            "year": 2009,
            "quarter": 2,
            "eps": -0.23,
            "eps_growth_year": -171.88,
            "eps_4q": -4.18,
            "eps_4q_growth_year": -188.43,
            "roe": -1.27,
            "roe_4q": -27.42,
            "gross_profit": 3814640,
            "gross_margin": 10.36,
            "gross_margin_4q_avg": 8.48,
            "net_income": -358900,
            "net_income_4q": null,
            "revenue": 36821666,
            "revenue_4q": null,
            "common_shares": 19282176,
            "book_valuer_per_share": 10.59,
            "book_valuer_per_share_4q_avg": 11.78,
            "equity": 27709528,
            "current_ratio": 86.01,
            "debt_ratio": 76.01,
            "inventory_turnover_ratio": 2.28,
            "account_receivable_turnover_ratio": 1.79,
            "reinvestment_rate": null,
            "research_to_sale_ratio": null,
            "price_fair": 149.8,
            "eps_avg_yearly": 4.28,
            "eps_latest_yearly": 1.28,
            "eps_growth_yearly": 428.95
        },
        "20093": {
            "year_quarter": 20093,
            "year": 2009,
            "quarter": 3,
            "eps": 0.44,
            "eps_growth_year": null,
            "eps_4q": -2.2,
            "eps_4q_growth_year": -218.04,
            "roe": 3.72,
            "roe_4q": -18.3,
            "gross_profit": 4632111,
            "gross_margin": 11.37,
            "gross_margin_4q_avg": 9.07,
            "net_income": 1072190,
            "net_income_4q": null,
            "revenue": 40748437,
            "revenue_4q": null,
            "common_shares": 19282176,
            "book_valuer_per_share": 11.64,
            "book_valuer_per_share_4q_avg": 11.22,
            "equity": 30010773,
            "current_ratio": 83.34,
            "debt_ratio": 74.48,
            "inventory_turnover_ratio": 2.26,
            "account_receivable_turnover_ratio": 1.86,
            "reinvestment_rate": null,
            "research_to_sale_ratio": null,
            "price_fair": 186.9,
            "eps_avg_yearly": 5.34,
            "eps_latest_yearly": 1.28,
            "eps_growth_yearly": 631.19
        },
        "20094": {
            "year_quarter": 20094,
            "year": 2009,
            "quarter": 4,
            "eps": -0.03,
            "eps_growth_year": null,
            "eps_4q": -0.94,
            "eps_4q_growth_year": null,
            "roe": 1.33,
            "roe_4q": -4.289999999999999,
            "gross_profit": 4940709,
            "gross_margin": 12.58,
            "gross_margin_4q_avg": 10.56,
            "net_income": 405255,
            "net_income_4q": null,
            "revenue": 39266815,
            "revenue_4q": null,
            "common_shares": 19282176,
            "book_valuer_per_share": 11.85,
            "book_valuer_per_share_4q_avg": 11.25,
            "equity": 31133870,
            "current_ratio": 91.78,
            "debt_ratio": 71.99,
            "inventory_turnover_ratio": 2.12,
            "account_receivable_turnover_ratio": 4.19,
            "reinvestment_rate": null,
            "research_to_sale_ratio": null,
            "price_fair": 186.9,
            "eps_avg_yearly": 5.34,
            "eps_latest_yearly": 1.28,
            "eps_growth_yearly": 631.19
        },
        "20101": {
            "year_quarter": 20101,
            "year": 2010,
            "quarter": 1,
            "eps": 0.9,
            "eps_growth_year": null,
            "eps_4q": 1.07,
            "eps_4q_growth_year": null,
            "roe": 6.35,
            "roe_4q": 10.13,
            "gross_profit": 4235806,
            "gross_margin": 11.31,
            "gross_margin_4q_avg": 11.41,
            "net_income": 1855968,
            "net_income_4q": null,
            "revenue": 37463691,
            "revenue_4q": null,
            "common_shares": 19282176,
            "book_valuer_per_share": 12.59,
            "book_valuer_per_share_4q_avg": 11.67,
            "equity": 27316337,
            "current_ratio": 102.31,
            "debt_ratio": 72.24,
            "inventory_turnover_ratio": 2.29,
            "account_receivable_turnover_ratio": 2.34,
            "reinvestment_rate": null,
            "research_to_sale_ratio": 2.79,
            "price_fair": 186.9,
            "eps_avg_yearly": 5.34,
            "eps_latest_yearly": 1.28,
            "eps_growth_yearly": 631.19
        },
        "20102": {
            "year_quarter": 20102,
            "year": 2010,
            "quarter": 2,
            "eps": 0.47,
            "eps_growth_year": null,
            "eps_4q": 1.77,
            "eps_4q_growth_year": null,
            "roe": 3.3,
            "roe_4q": 14.7,
            "gross_profit": 3696076,
            "gross_margin": 11.36,
            "gross_margin_4q_avg": 11.66,
            "net_income": 921901,
            "net_income_4q": null,
            "revenue": 32523078,
            "revenue_4q": null,
            "common_shares": 19282176,
            "book_valuer_per_share": 13.24,
            "book_valuer_per_share_4q_avg": 12.33,
            "equity": 28581598,
            "current_ratio": 98.59,
            "debt_ratio": 72.07,
            "inventory_turnover_ratio": 1.88,
            "account_receivable_turnover_ratio": 2.38,
            "reinvestment_rate": null,
            "research_to_sale_ratio": 2.74,
            "price_fair": 162.68,
            "eps_avg_yearly": 4.65,
            "eps_latest_yearly": 1.88,
            "eps_growth_yearly": 466.73
        },
        "20103": {
            "year_quarter": 20103,
            "year": 2010,
            "quarter": 3,
            "eps": 0.23,
            "eps_growth_year": -48.14,
            "eps_4q": 1.56,
            "eps_4q_growth_year": null,
            "roe": 1.55,
            "roe_4q": 12.53,
            "gross_profit": 3744459,
            "gross_margin": 8.65,
            "gross_margin_4q_avg": 10.98,
            "net_income": 441843,
            "net_income_4q": null,
            "revenue": 43293079,
            "revenue_4q": null,
            "common_shares": 19282176,
            "book_valuer_per_share": 13.2,
            "book_valuer_per_share_4q_avg": 12.72,
            "equity": 28431584,
            "current_ratio": 102.43,
            "debt_ratio": 72.76,
            "inventory_turnover_ratio": 2.31,
            "account_receivable_turnover_ratio": 2.86,
            "reinvestment_rate": null,
            "research_to_sale_ratio": 2.01,
            "price_fair": 140.93,
            "eps_avg_yearly": 4.03,
            "eps_latest_yearly": 0.92,
            "eps_growth_yearly": 354.9
        },
        "20104": {
            "year_quarter": 20104,
            "year": 2010,
            "quarter": 4,
            "eps": 0.35,
            "eps_growth_year": null,
            "eps_4q": 1.94,
            "eps_4q_growth_year": null,
            "roe": 2.09,
            "roe_4q": 13.29,
            "gross_profit": 3700515,
            "gross_margin": 15.56,
            "gross_margin_4q_avg": 11.72,
            "net_income": 599733,
            "net_income_4q": null,
            "revenue": 23782098,
            "revenue_4q": null,
            "common_shares": 19282176,
            "book_valuer_per_share": 13.3,
            "book_valuer_per_share_4q_avg": 13.08,
            "equity": 28925069,
            "current_ratio": 107.38,
            "debt_ratio": 70.95,
            "inventory_turnover_ratio": 1.18,
            "account_receivable_turnover_ratio": 1.69,
            "reinvestment_rate": 666.81,
            "research_to_sale_ratio": 3.14,
            "price_fair": 127.8,
            "eps_avg_yearly": 3.65,
            "eps_latest_yearly": 1.4,
            "eps_growth_yearly": 334.01
        },
        "20111": {
            "year_quarter": 20111,
            "year": 2011,
            "quarter": 1,
            "eps": -0.61,
            "eps_growth_year": -167.78,
            "eps_4q": 0.43,
            "eps_4q_growth_year": -59.9,
            "roe": -5.09,
            "roe_4q": 1.8499999999999999,
            "gross_profit": 3412411,
            "gross_margin": 10.52,
            "gross_margin_4q_avg": 11.52,
            "net_income": -1426747,
            "net_income_4q": null,
            "revenue": 32437392,
            "revenue_4q": null,
            "common_shares": 19282176,
            "book_valuer_per_share": 12.49,
            "book_valuer_per_share_4q_avg": 13.06,
            "equity": 27147794,
            "current_ratio": 106.01,
            "debt_ratio": 72.99,
            "inventory_turnover_ratio": 1.71,
            "account_receivable_turnover_ratio": 2.44,
            "reinvestment_rate": 1092.55,
            "research_to_sale_ratio": 2.33,
            "price_fair": 127.8,
            "eps_avg_yearly": 3.65,
            "eps_latest_yearly": 1.4,
            "eps_growth_yearly": 334.01
        },
        "20112": {
            "year_quarter": 20112,
            "year": 2011,
            "quarter": 2,
            "eps": 0.07,
            "eps_growth_year": -86.07,
            "eps_4q": 0.03,
            "eps_4q_growth_year": -98.49,
            "roe": 0.64,
            "roe_4q": -0.8100000000000003,
            "gross_profit": 3288406,
            "gross_margin": 10.84,
            "gross_margin_4q_avg": 11.39,
            "net_income": 173578,
            "net_income_4q": null,
            "revenue": 30335908,
            "revenue_4q": null,
            "common_shares": 19282176,
            "book_valuer_per_share": 12.17,
            "book_valuer_per_share_4q_avg": 12.79,
            "equity": 26758683,
            "current_ratio": 110,
            "debt_ratio": 72.04,
            "inventory_turnover_ratio": 1.57,
            "account_receivable_turnover_ratio": 2.28,
            "reinvestment_rate": 1288.36,
            "research_to_sale_ratio": 2.78,
            "price_fair": 127.8,
            "eps_avg_yearly": 3.65,
            "eps_latest_yearly": 1.4,
            "eps_growth_yearly": 334.01
        },
        "20113": {
            "year_quarter": 20113,
            "year": 2011,
            "quarter": 3,
            "eps": -0.18,
            "eps_growth_year": -177.32,
            "eps_4q": -0.37,
            "eps_4q_growth_year": -123.89,
            "roe": -2,
            "roe_4q": -4.359999999999999,
            "gross_profit": 2953621,
            "gross_margin": 10.36,
            "gross_margin_4q_avg": 11.82,
            "net_income": -533755,
            "net_income_4q": null,
            "revenue": 28513492,
            "revenue_4q": null,
            "common_shares": 19667820,
            "book_valuer_per_share": 11.91,
            "book_valuer_per_share_4q_avg": 12.47,
            "equity": 26742931,
            "current_ratio": 109.89,
            "debt_ratio": 72.11,
            "inventory_turnover_ratio": 1.53,
            "account_receivable_turnover_ratio": 2.27,
            "reinvestment_rate": 28167.42,
            "research_to_sale_ratio": 2.96,
            "price_fair": 9.1,
            "eps_avg_yearly": 3.03,
            "eps_latest_yearly": 1.4,
            "eps_growth_yearly": -101.23
        },
        "20114": {
            "year_quarter": 20114,
            "year": 2011,
            "quarter": 4,
            "eps": -1.02,
            "eps_growth_year": -395.02,
            "eps_4q": -1.74,
            "eps_4q_growth_year": -189.35,
            "roe": -8.55,
            "roe_4q": -15,
            "gross_profit": 2977940,
            "gross_margin": 9.68,
            "gross_margin_4q_avg": 10.35,
            "net_income": -2184345,
            "net_income_4q": null,
            "revenue": 30768785,
            "revenue_4q": null,
            "common_shares": 19667820,
            "book_valuer_per_share": 10.95,
            "book_valuer_per_share_4q_avg": 11.88,
            "equity": 24374658,
            "current_ratio": 109.97,
            "debt_ratio": 73.84,
            "inventory_turnover_ratio": 1.78,
            "account_receivable_turnover_ratio": 2.48,
            "reinvestment_rate": null,
            "research_to_sale_ratio": 2.28,
            "price_fair": 6.02,
            "eps_avg_yearly": 2.01,
            "eps_latest_yearly": 1.4,
            "eps_growth_yearly": -130.17
        },
        "20121": {
            "year_quarter": 20121,
            "year": 2012,
            "quarter": 1,
            "eps": 0.26,
            "eps_growth_year": null,
            "eps_4q": -0.87,
            "eps_4q_growth_year": -302.95,
            "roe": 1.23,
            "roe_4q": -8.68,
            "gross_profit": 2486948,
            "gross_margin": 8.52,
            "gross_margin_4q_avg": 9.85,
            "net_income": 302722,
            "net_income_4q": null,
            "revenue": 29195318,
            "revenue_4q": null,
            "common_shares": 19667820,
            "book_valuer_per_share": 11.26,
            "book_valuer_per_share_4q_avg": 11.57,
            "equity": 24755219,
            "current_ratio": 112.1,
            "debt_ratio": 73.24,
            "inventory_turnover_ratio": 1.9,
            "account_receivable_turnover_ratio": 2.37,
            "reinvestment_rate": null,
            "research_to_sale_ratio": 2.48,
            "price_fair": 4.11,
            "eps_avg_yearly": 1.37,
            "eps_latest_yearly": 1.4,
            "eps_growth_yearly": -118.6
        },
        "20122": {
            "year_quarter": 20122,
            "year": 2012,
            "quarter": 2,
            "eps": -0.47,
            "eps_growth_year": -822.43,
            "eps_4q": -1.41,
            "eps_4q_growth_year": -5384.47,
            "roe": -4.48,
            "roe_4q": -13.8,
            "gross_profit": 2873431,
            "gross_margin": 10.31,
            "gross_margin_4q_avg": 9.72,
            "net_income": -1080249,
            "net_income_4q": null,
            "revenue": 27859595,
            "revenue_4q": null,
            "common_shares": 19667820,
            "book_valuer_per_share": 10.75,
            "book_valuer_per_share_4q_avg": 11.22,
            "equity": 23517714,
            "current_ratio": 104.06,
            "debt_ratio": 74.22,
            "inventory_turnover_ratio": 1.76,
            "account_receivable_turnover_ratio": 2.14,
            "reinvestment_rate": null,
            "research_to_sale_ratio": 2.74,
            "price_fair": 4.2,
            "eps_avg_yearly": 1.4,
            "eps_latest_yearly": 1.4,
            "eps_growth_yearly": -62.22
        },
        "20123": {
            "year_quarter": 20123,
            "year": 2012,
            "quarter": 3,
            "eps": -0.57,
            "eps_growth_year": null,
            "eps_4q": -1.8,
            "eps_4q_growth_year": null,
            "roe": -5.83,
            "roe_4q": -17.630000000000003,
            "gross_profit": 2858086,
            "gross_margin": 9.36,
            "gross_margin_4q_avg": 9.47,
            "net_income": -1320900,
            "net_income_4q": null,
            "revenue": 30539445,
            "revenue_4q": null,
            "common_shares": 19667820,
            "book_valuer_per_share": 10.01,
            "book_valuer_per_share_4q_avg": 10.74,
            "equity": 21803771,
            "current_ratio": 104.89,
            "debt_ratio": 76.29,
            "inventory_turnover_ratio": 1.79,
            "account_receivable_turnover_ratio": 2.27,
            "reinvestment_rate": null,
            "research_to_sale_ratio": 2.4,
            "price_fair": 4.2,
            "eps_avg_yearly": 1.4,
            "eps_latest_yearly": 1.4,
            "eps_growth_yearly": -62.22
        },
        "20124": {
            "year_quarter": 20124,
            "year": 2012,
            "quarter": 4,
            "eps": -0.54,
            "eps_growth_year": null,
            "eps_4q": -1.32,
            "eps_4q_growth_year": null,
            "roe": -5.37,
            "roe_4q": -14.45,
            "gross_profit": 2563393,
            "gross_margin": 8.85,
            "gross_margin_4q_avg": 9.26,
            "net_income": -1134813,
            "net_income_4q": null,
            "revenue": 28980971,
            "revenue_4q": null,
            "common_shares": 19667820,
            "book_valuer_per_share": 9.35,
            "book_valuer_per_share_4q_avg": 10.34,
            "equity": 20445843,
            "current_ratio": 101.46,
            "debt_ratio": 76.32,
            "inventory_turnover_ratio": 1.72,
            "account_receivable_turnover_ratio": 2.21,
            "reinvestment_rate": null,
            "research_to_sale_ratio": 2.46,
            "price_fair": 4.2,
            "eps_avg_yearly": 1.4,
            "eps_latest_yearly": 1.4,
            "eps_growth_yearly": -62.22
        },
        "20131": {
            "year_quarter": 20131,
            "year": 2013,
            "quarter": 1,
            "eps": -0.43,
            "eps_growth_year": -265.38,
            "eps_4q": -2.01,
            "eps_4q_growth_year": null,
            "roe": -3.72,
            "roe_4q": -19.4,
            "gross_profit": 2499546,
            "gross_margin": 9.09,
            "gross_margin_4q_avg": 9.4,
            "net_income": -771514,
            "net_income_4q": null,
            "revenue": 27505858,
            "revenue_4q": null,
            "common_shares": 19667820,
            "book_valuer_per_share": 9.59,
            "book_valuer_per_share_4q_avg": 9.93,
            "equity": 20999498,
            "current_ratio": 98.43,
            "debt_ratio": 76.61,
            "inventory_turnover_ratio": 1.79,
            "account_receivable_turnover_ratio": 1.89,
            "reinvestment_rate": null,
            "research_to_sale_ratio": 2.47,
            "price_fair": 4.2,
            "eps_avg_yearly": 1.4,
            "eps_latest_yearly": 1.4,
            "eps_growth_yearly": -62.22
        },
        "20132": {
            "year_quarter": 20132,
            "year": 2013,
            "quarter": 2,
            "eps": 0.29,
            "eps_growth_year": null,
            "eps_4q": -1.25,
            "eps_4q_growth_year": null,
            "roe": 3.72,
            "roe_4q": -11.2,
            "gross_profit": 3295260,
            "gross_margin": 11.24,
            "gross_margin_4q_avg": 9.64,
            "net_income": 794504,
            "net_income_4q": null,
            "revenue": 29318794,
            "revenue_4q": null,
            "common_shares": 19667820,
            "book_valuer_per_share": 9.82,
            "book_valuer_per_share_4q_avg": 9.69,
            "equity": 21694917,
            "current_ratio": 102.61,
            "debt_ratio": 76.23,
            "inventory_turnover_ratio": 1.89,
            "account_receivable_turnover_ratio": 1.74,
            "reinvestment_rate": null,
            "research_to_sale_ratio": 2.38,
            "price_fair": 4.2,
            "eps_avg_yearly": 1.4,
            "eps_latest_yearly": 1.4,
            "eps_growth_yearly": -62.22
        },
        "20133": {
            "year_quarter": 20133,
            "year": 2013,
            "quarter": 3,
            "eps": 0.17,
            "eps_growth_year": null,
            "eps_4q": -0.51,
            "eps_4q_growth_year": null,
            "roe": 2.45,
            "roe_4q": -2.9200000000000004,
            "gross_profit": 3226639,
            "gross_margin": 10.74,
            "gross_margin_4q_avg": 9.98,
            "net_income": 535775,
            "net_income_4q": null,
            "revenue": 30040245,
            "revenue_4q": null,
            "common_shares": 19667820,
            "book_valuer_per_share": 9.91,
            "book_valuer_per_share_4q_avg": 9.67,
            "equity": 22062469,
            "current_ratio": 92.34,
            "debt_ratio": 75.05,
            "inventory_turnover_ratio": 1.83,
            "account_receivable_turnover_ratio": 1.78,
            "reinvestment_rate": null,
            "research_to_sale_ratio": 2.5,
            "price_fair": 3.66,
            "eps_avg_yearly": 1.22,
            "eps_latest_yearly": 0.68,
            "eps_growth_yearly": -88.05
        },
        "20134": {
            "year_quarter": 20134,
            "year": 2013,
            "quarter": 4,
            "eps": 0.33,
            "eps_growth_year": null,
            "eps_4q": 0.36,
            "eps_4q_growth_year": null,
            "roe": 3.73,
            "roe_4q": 6.18,
            "gross_profit": 3633217,
            "gross_margin": 11.23,
            "gross_margin_4q_avg": 10.58,
            "net_income": 847213,
            "net_income_4q": null,
            "revenue": 32365638,
            "revenue_4q": null,
            "common_shares": 19667820,
            "book_valuer_per_share": 10.45,
            "book_valuer_per_share_4q_avg": 9.94,
            "equity": 23424708,
            "current_ratio": 96.87,
            "debt_ratio": 74.15,
            "inventory_turnover_ratio": 1.95,
            "account_receivable_turnover_ratio": 2,
            "reinvestment_rate": null,
            "research_to_sale_ratio": 2.21,
            "price_fair": 18.42,
            "eps_avg_yearly": 1.24,
            "eps_latest_yearly": 1.32,
            "eps_growth_yearly": 4.86
        },
        "20141": {
            "year_quarter": 20141,
            "year": 2014,
            "quarter": 1,
            "eps": 0.14,
            "eps_growth_year": null,
            "eps_4q": 0.93,
            "eps_4q_growth_year": null,
            "roe": 1.68,
            "roe_4q": 11.58,
            "gross_profit": 3549638,
            "gross_margin": 11.91,
            "gross_margin_4q_avg": 11.28,
            "net_income": 423449,
            "net_income_4q": null,
            "revenue": 29813513,
            "revenue_4q": null,
            "common_shares": 19667820,
            "book_valuer_per_share": 11.52,
            "book_valuer_per_share_4q_avg": 10.43,
            "equity": 27056117,
            "current_ratio": 93.71,
            "debt_ratio": 72.14,
            "inventory_turnover_ratio": 1.8,
            "account_receivable_turnover_ratio": 1.67,
            "reinvestment_rate": null,
            "research_to_sale_ratio": 2.47,
            "price_fair": 3.38,
            "eps_avg_yearly": 1.13,
            "eps_latest_yearly": 0.56,
            "eps_growth_yearly": -34.34
        },
        "20142": {
            "year_quarter": 20142,
            "year": 2014,
            "quarter": 2,
            "eps": 0.42,
            "eps_growth_year": 44.83,
            "eps_4q": 1.07,
            "eps_4q_growth_year": null,
            "roe": 3.48,
            "roe_4q": 11.34,
            "gross_profit": 3807985,
            "gross_margin": 11.41,
            "gross_margin_4q_avg": 11.32,
            "net_income": 954568,
            "net_income_4q": null,
            "revenue": 33360918,
            "revenue_4q": null,
            "common_shares": 19667820,
            "book_valuer_per_share": 11.84,
            "book_valuer_per_share_4q_avg": 10.93,
            "equity": 27762784,
            "current_ratio": 98.25,
            "debt_ratio": 71.77,
            "inventory_turnover_ratio": 2.03,
            "account_receivable_turnover_ratio": 1.47,
            "reinvestment_rate": null,
            "research_to_sale_ratio": 2.49,
            "price_fair": 38.27,
            "eps_avg_yearly": 1.09,
            "eps_latest_yearly": 1.68,
            "eps_growth_yearly": 130.85
        },
        "20143": {
            "year_quarter": 20143,
            "year": 2014,
            "quarter": 3,
            "eps": 0.53,
            "eps_growth_year": 211.76,
            "eps_4q": 1.42,
            "eps_4q_growth_year": null,
            "roe": 3.83,
            "roe_4q": 12.72,
            "gross_profit": 3850082,
            "gross_margin": 11.03,
            "gross_margin_4q_avg": 11.4,
            "net_income": 1095062,
            "net_income_4q": null,
            "revenue": 34902457,
            "revenue_4q": null,
            "common_shares": 19667820,
            "book_valuer_per_share": 12.62,
            "book_valuer_per_share_4q_avg": 11.61,
            "equity": 29422958,
            "current_ratio": 102.83,
            "debt_ratio": 71.79,
            "inventory_turnover_ratio": 1.97,
            "account_receivable_turnover_ratio": 1.29,
            "reinvestment_rate": null,
            "research_to_sale_ratio": 2.32,
            "price_fair": 45.27,
            "eps_avg_yearly": 1.29,
            "eps_latest_yearly": 2.12,
            "eps_growth_yearly": 182.35
        },
        "20144": {
            "year_quarter": 20144,
            "year": 2014,
            "quarter": 4,
            "eps": 0.41,
            "eps_growth_year": 27.17,
            "eps_4q": 1.51,
            "eps_4q_growth_year": 318.88,
            "roe": 2.85,
            "roe_4q": 11.84,
            "gross_profit": 3849940,
            "gross_margin": 10.87,
            "gross_margin_4q_avg": 11.31,
            "net_income": 860060,
            "net_income_4q": null,
            "revenue": 35434035,
            "revenue_4q": null,
            "common_shares": 19667820,
            "book_valuer_per_share": 13.37,
            "book_valuer_per_share_4q_avg": 12.34,
            "equity": 31034463,
            "current_ratio": 105.1,
            "debt_ratio": 70.59,
            "inventory_turnover_ratio": 1.82,
            "account_receivable_turnover_ratio": 1.24,
            "reinvestment_rate": null,
            "research_to_sale_ratio": 2.34,
            "price_fair": 46.67,
            "eps_avg_yearly": 1.33,
            "eps_latest_yearly": 1.64,
            "eps_growth_yearly": 132.47
        },
        "20151": {
            "year_quarter": 20151,
            "year": 2015,
            "quarter": 1,
            "eps": 0.32,
            "eps_growth_year": 128.57,
            "eps_4q": 1.68,
            "eps_4q_growth_year": 80.14,
            "roe": 2.15,
            "roe_4q": 12.31,
            "gross_profit": 3467636,
            "gross_margin": 10.69,
            "gross_margin_4q_avg": 11,
            "net_income": 672709,
            "net_income_4q": null,
            "revenue": 32428096,
            "revenue_4q": null,
            "common_shares": 19667820,
            "book_valuer_per_share": 13.63,
            "book_valuer_per_share_4q_avg": 12.87,
            "equity": 31562488,
            "current_ratio": 106.49,
            "debt_ratio": 69.82,
            "inventory_turnover_ratio": 1.66,
            "account_receivable_turnover_ratio": 1.17,
            "reinvestment_rate": null,
            "research_to_sale_ratio": 2.56,
            "price_fair": 46.4,
            "eps_avg_yearly": 1.33,
            "eps_latest_yearly": 1.28,
            "eps_growth_yearly": 101.01
        },
        "20152": {
            "year_quarter": 20152,
            "year": 2015,
            "quarter": 2,
            "eps": 0.37,
            "eps_growth_year": -11.9,
            "eps_4q": 1.62,
            "eps_4q_growth_year": 52.21,
            "roe": 2.59,
            "roe_4q": 11.42,
            "gross_profit": 3734708,
            "gross_margin": 11.25,
            "gross_margin_4q_avg": 10.96,
            "net_income": 791317,
            "net_income_4q": null,
            "revenue": 33209697,
            "revenue_4q": null,
            "common_shares": 19667820,
            "book_valuer_per_share": 12.87,
            "book_valuer_per_share_4q_avg": 13.12,
            "equity": 29459705,
            "current_ratio": 105.59,
            "debt_ratio": 70.88,
            "inventory_turnover_ratio": 1.69,
            "account_receivable_turnover_ratio": 1.29,
            "reinvestment_rate": -13897.3,
            "research_to_sale_ratio": 2.62,
            "price_fair": 47.08,
            "eps_avg_yearly": 1.35,
            "eps_latest_yearly": 1.48,
            "eps_growth_yearly": 96.19
        },
        "20153": {
            "year_quarter": 20153,
            "year": 2015,
            "quarter": 3,
            "eps": 0.29,
            "eps_growth_year": -45.28,
            "eps_4q": 1.39,
            "eps_4q_growth_year": -2.49,
            "roe": 1.94,
            "roe_4q": 9.53,
            "gross_profit": 3487473,
            "gross_margin": 10.49,
            "gross_margin_4q_avg": 10.83,
            "net_income": 583083,
            "net_income_4q": null,
            "revenue": 33250976,
            "revenue_4q": null,
            "common_shares": 19667820,
            "book_valuer_per_share": 13.65,
            "book_valuer_per_share_4q_avg": 13.38,
            "equity": 30779688,
            "current_ratio": 100.96,
            "debt_ratio": 70.09,
            "inventory_turnover_ratio": 1.68,
            "account_receivable_turnover_ratio": 1.32,
            "reinvestment_rate": -345.97,
            "research_to_sale_ratio": 2.58,
            "price_fair": 46.36,
            "eps_avg_yearly": 1.32,
            "eps_latest_yearly": 1.16,
            "eps_growth_yearly": 75.89
        },
        "20154": {
            "year_quarter": 20154,
            "year": 2015,
            "quarter": 4,
            "eps": 0.13,
            "eps_growth_year": -68.57,
            "eps_4q": 1.1,
            "eps_4q_growth_year": -26.99,
            "roe": 0.64,
            "roe_4q": 7.32,
            "gross_profit": 3950182,
            "gross_margin": 11.55,
            "gross_margin_4q_avg": 11,
            "net_income": 198375,
            "net_income_4q": null,
            "revenue": 34213662,
            "revenue_4q": null,
            "common_shares": 19667820,
            "book_valuer_per_share": 13.87,
            "book_valuer_per_share_4q_avg": 13.51,
            "equity": 31370723,
            "current_ratio": 107.21,
            "debt_ratio": 68.71,
            "inventory_turnover_ratio": 1.77,
            "account_receivable_turnover_ratio": 1.34,
            "reinvestment_rate": -102.14,
            "research_to_sale_ratio": 2.66,
            "price_fair": 43.54,
            "eps_avg_yearly": 1.24,
            "eps_latest_yearly": 0.52,
            "eps_growth_yearly": 46.24
        },
        "20161": {
            "year_quarter": 20161,
            "year": 2016,
            "quarter": 1,
            "eps": 0.26,
            "eps_growth_year": -18.75,
            "eps_4q": 1.05,
            "eps_4q_growth_year": -37.61,
            "roe": 1.36,
            "roe_4q": 6.529999999999999,
            "gross_profit": 3873380,
            "gross_margin": 12.19,
            "gross_margin_4q_avg": 11.37,
            "net_income": 426061,
            "net_income_4q": null,
            "revenue": 31764175,
            "revenue_4q": null,
            "common_shares": 19667820,
            "book_valuer_per_share": 13.95,
            "book_valuer_per_share_4q_avg": 13.59,
            "equity": 31415690,
            "current_ratio": 103.28,
            "debt_ratio": 66.55,
            "inventory_turnover_ratio": 1.83,
            "account_receivable_turnover_ratio": 1.28,
            "reinvestment_rate": -77.27,
            "research_to_sale_ratio": 2.47,
            "price_fair": 42.89,
            "eps_avg_yearly": 1.23,
            "eps_latest_yearly": 1.04,
            "eps_growth_yearly": 78.4
        },
        "20162": {
            "year_quarter": 20162,
            "year": 2016,
            "quarter": 2,
            "eps": 0.41,
            "eps_growth_year": 10.81,
            "eps_4q": 1.09,
            "eps_4q_growth_year": -32.98,
            "roe": 2.37,
            "roe_4q": 6.3100000000000005,
            "gross_profit": 4151202,
            "gross_margin": 13.17,
            "gross_margin_4q_avg": 11.85,
            "net_income": 735823,
            "net_income_4q": null,
            "revenue": 31520968,
            "revenue_4q": null,
            "common_shares": 19667820,
            "book_valuer_per_share": 13.75,
            "book_valuer_per_share_4q_avg": 13.81,
            "equity": 30670227,
            "current_ratio": 104.48,
            "debt_ratio": 67.82,
            "inventory_turnover_ratio": 1.86,
            "account_receivable_turnover_ratio": 1.25,
            "reinvestment_rate": -63.84,
            "research_to_sale_ratio": 2.58,
            "price_fair": 44.1,
            "eps_avg_yearly": 1.26,
            "eps_latest_yearly": 1.64,
            "eps_growth_yearly": 91.09
        },
        "20163": {
            "year_quarter": 20163,
            "year": 2016,
            "quarter": 3,
            "eps": 0.73,
            "eps_growth_year": 151.72,
            "eps_4q": 1.52,
            "eps_4q_growth_year": 9.92,
            "roe": 3.98,
            "roe_4q": 8.35,
            "gross_profit": 3987203,
            "gross_margin": 12.47,
            "gross_margin_4q_avg": 12.35,
            "net_income": 1231683,
            "net_income_4q": null,
            "revenue": 31985076,
            "revenue_4q": null,
            "common_shares": 19667820,
            "book_valuer_per_share": 14.14,
            "book_valuer_per_share_4q_avg": 13.93,
            "equity": 31182961,
            "current_ratio": 97.48,
            "debt_ratio": 66.49,
            "inventory_turnover_ratio": 1.76,
            "account_receivable_turnover_ratio": 1.23,
            "reinvestment_rate": -50.48,
            "research_to_sale_ratio": 2.59,
            "price_fair": 48.57,
            "eps_avg_yearly": 1.39,
            "eps_latest_yearly": 2.92,
            "eps_growth_yearly": 108.1
        },
        "20164": {
            "year_quarter": 20164,
            "year": 2016,
            "quarter": 4,
            "eps": 0.81,
            "eps_growth_year": 525.29,
            "eps_4q": 2.21,
            "eps_4q_growth_year": 100.18,
            "roe": 5.22,
            "roe_4q": 12.93,
            "gross_profit": 4191122,
            "gross_margin": 12.22,
            "gross_margin_4q_avg": 12.51,
            "net_income": 1674204,
            "net_income_4q": null,
            "revenue": 34283321,
            "revenue_4q": null,
            "common_shares": 19667820,
            "book_valuer_per_share": 15,
            "book_valuer_per_share_4q_avg": 14.21,
            "equity": 32945331,
            "current_ratio": 103.24,
            "debt_ratio": 65.43,
            "inventory_turnover_ratio": 1.8,
            "account_receivable_turnover_ratio": 1.33,
            "reinvestment_rate": -24.83,
            "research_to_sale_ratio": 2.55,
            "price_fair": 53.2,
            "eps_avg_yearly": 1.52,
            "eps_latest_yearly": 3.24,
            "eps_growth_yearly": 103.51
        },
        "20171": {
            "year_quarter": 20171,
            "year": 2017,
            "quarter": 1,
            "eps": 0.63,
            "eps_growth_year": 142.31,
            "eps_4q": 2.57,
            "eps_4q_growth_year": 145.2,
            "roe": 3.92,
            "roe_4q": 15.490000000000002,
            "gross_profit": 3620697,
            "gross_margin": 11.43,
            "gross_margin_4q_avg": 12.32,
            "net_income": 1291390,
            "net_income_4q": null,
            "revenue": 31686779,
            "revenue_4q": null,
            "common_shares": 19667820,
            "book_valuer_per_share": 15.03,
            "book_valuer_per_share_4q_avg": 14.48,
            "equity": 33010616,
            "current_ratio": 105.52,
            "debt_ratio": 64.56,
            "inventory_turnover_ratio": 1.71,
            "account_receivable_turnover_ratio": 1.26,
            "reinvestment_rate": 1.96,
            "research_to_sale_ratio": 2.55,
            "price_fair": 55.53,
            "eps_avg_yearly": 1.59,
            "eps_latest_yearly": 2.52,
            "eps_growth_yearly": 90.69
        },
        "20172": {
            "year_quarter": 20172,
            "year": 2017,
            "quarter": 2,
            "eps": 0.69,
            "eps_growth_year": 68.29,
            "eps_4q": 2.86,
            "eps_4q_growth_year": 162.84,
            "roe": 4.33,
            "roe_4q": 17.45,
            "gross_profit": 4159766,
            "gross_margin": 12.64,
            "gross_margin_4q_avg": 12.19,
            "net_income": 1425881,
            "net_income_4q": null,
            "revenue": 32897546,
            "revenue_4q": null,
            "common_shares": 19667820,
            "book_valuer_per_share": 14.57,
            "book_valuer_per_share_4q_avg": 14.69,
            "equity": 32801211,
            "current_ratio": 103.98,
            "debt_ratio": 68.36,
            "inventory_turnover_ratio": 1.61,
            "account_receivable_turnover_ratio": 1.27,
            "reinvestment_rate": 7.61,
            "research_to_sale_ratio": 2.83,
            "price_fair": 58.1,
            "eps_avg_yearly": 1.66,
            "eps_latest_yearly": 2.76,
            "eps_growth_yearly": 87.4
        },
        "20173": {
            "year_quarter": 20173,
            "year": 2017,
            "quarter": 3,
            "eps": 0.65,
            "eps_growth_year": -10.96,
            "eps_4q": 2.78,
            "eps_4q_growth_year": 82.63,
            "roe": 4.14,
            "roe_4q": 17.61,
            "gross_profit": 4080736,
            "gross_margin": 11.61,
            "gross_margin_4q_avg": 11.98,
            "net_income": 1391473,
            "net_income_4q": null,
            "revenue": 35157674,
            "revenue_4q": null,
            "common_shares": 19667820,
            "book_valuer_per_share": 15.28,
            "book_valuer_per_share_4q_avg": 14.97,
            "equity": 34352609,
            "current_ratio": 100.97,
            "debt_ratio": 66.15,
            "inventory_turnover_ratio": 1.55,
            "account_receivable_turnover_ratio": 1.37,
            "reinvestment_rate": 15.53,
            "research_to_sale_ratio": 2.63,
            "price_fair": 62.3,
            "eps_avg_yearly": 1.78,
            "eps_latest_yearly": 2.6,
            "eps_growth_yearly": 96.29
        },
        "20174": {
            "year_quarter": 20174,
            "year": 2017,
            "quarter": 4,
            "eps": 0.72,
            "eps_growth_year": -11.48,
            "eps_4q": 2.69,
            "eps_4q_growth_year": 21.86,
            "roe": 4.31,
            "roe_4q": 16.7,
            "gross_profit": 4471848,
            "gross_margin": 12.05,
            "gross_margin_4q_avg": 11.93,
            "net_income": 1547626,
            "net_income_4q": null,
            "revenue": 37120493,
            "revenue_4q": null,
            "common_shares": 19667820,
            "book_valuer_per_share": 15.74,
            "book_valuer_per_share_4q_avg": 15.16,
            "equity": 37544486,
            "current_ratio": 105.67,
            "debt_ratio": 65.54,
            "inventory_turnover_ratio": 1.61,
            "account_receivable_turnover_ratio": 1.41,
            "reinvestment_rate": 14.51,
            "research_to_sale_ratio": 2.43,
            "price_fair": 65.71,
            "eps_avg_yearly": 1.88,
            "eps_latest_yearly": 2.88,
            "eps_growth_yearly": 75.46
        },
        "20181": {
            "year_quarter": 20181,
            "year": 2018,
            "quarter": 1,
            "eps": 0.51,
            "eps_growth_year": -19.05,
            "eps_4q": 2.57,
            "eps_4q_growth_year": -0,
            "roe": 2.9,
            "roe_4q": 15.679999999999998,
            "gross_profit": 4286788,
            "gross_margin": 12.02,
            "gross_margin_4q_avg": 12.08,
            "net_income": 1102942,
            "net_income_4q": null,
            "revenue": 35654081,
            "revenue_4q": null,
            "common_shares": 19667820,
            "book_valuer_per_share": 16.12,
            "book_valuer_per_share_4q_avg": 15.43,
            "equity": 38450775,
            "current_ratio": 101.54,
            "debt_ratio": 65.15,
            "inventory_turnover_ratio": 1.61,
            "account_receivable_turnover_ratio": 1.29,
            "reinvestment_rate": 27.45,
            "research_to_sale_ratio": 2.57,
            "price_fair": 68.95,
            "eps_avg_yearly": 1.97,
            "eps_latest_yearly": 2.04,
            "eps_growth_yearly": 82.56
        },
        "20182": {
            "year_quarter": 20182,
            "year": 2018,
            "quarter": 2,
            "eps": 0.41,
            "eps_growth_year": -40.58,
            "eps_4q": 2.29,
            "eps_4q_growth_year": -20.08,
            "roe": 2.35,
            "roe_4q": 13.7,
            "gross_profit": 4934504,
            "gross_margin": 12.96,
            "gross_margin_4q_avg": 12.16,
            "net_income": 886124,
            "net_income_4q": null,
            "revenue": 38068967,
            "revenue_4q": null,
            "common_shares": 19667820,
            "book_valuer_per_share": 15.48,
            "book_valuer_per_share_4q_avg": 15.66,
            "equity": 36849836,
            "current_ratio": 105.07,
            "debt_ratio": 69.41,
            "inventory_turnover_ratio": 1.67,
            "account_receivable_turnover_ratio": 1.37,
            "reinvestment_rate": 26.79,
            "research_to_sale_ratio": 2.3,
            "price_fair": 68.86,
            "eps_avg_yearly": 1.97,
            "eps_latest_yearly": 1.64,
            "eps_growth_yearly": 27.66
        },
        "20183": {
            "year_quarter": 20183,
            "year": 2018,
            "quarter": 3,
            "eps": 0.61,
            "eps_growth_year": -6.15,
            "eps_4q": 2.24,
            "eps_4q_growth_year": -19.42,
            "roe": 3.49,
            "roe_4q": 13.05,
            "gross_profit": 4935877,
            "gross_margin": 12.44,
            "gross_margin_4q_avg": 12.37,
            "net_income": 1305187,
            "net_income_4q": null,
            "revenue": 39672646,
            "revenue_4q": null,
            "common_shares": 19667820,
            "book_valuer_per_share": 15.92,
            "book_valuer_per_share_4q_avg": 15.82,
            "equity": 38038717,
            "current_ratio": 100.96,
            "debt_ratio": 67.34,
            "inventory_turnover_ratio": 1.58,
            "account_receivable_turnover_ratio": 1.44,
            "reinvestment_rate": 24.81,
            "research_to_sale_ratio": 2.51,
            "price_fair": 69.56,
            "eps_avg_yearly": 1.99,
            "eps_latest_yearly": 2.44,
            "eps_growth_yearly": 33.3
        },
        "20184": {
            "year_quarter": 20184,
            "year": 2018,
            "quarter": 4,
            "eps": 0.53,
            "eps_growth_year": -26.61,
            "eps_4q": 2.05,
            "eps_4q_growth_year": -23.74,
            "roe": 2.97,
            "roe_4q": 11.71,
            "gross_profit": 5085807,
            "gross_margin": 12,
            "gross_margin_4q_avg": 12.36,
            "net_income": 1156401,
            "net_income_4q": null,
            "revenue": 42387467,
            "revenue_4q": null,
            "common_shares": 19667820,
            "book_valuer_per_share": 16.5,
            "book_valuer_per_share_4q_avg": 16.01,
            "equity": 39859646,
            "current_ratio": 107.92,
            "debt_ratio": 66.73,
            "inventory_turnover_ratio": 1.55,
            "account_receivable_turnover_ratio": 1.55,
            "reinvestment_rate": 25.37,
            "research_to_sale_ratio": 2.18,
            "price_fair": 70.61,
            "eps_avg_yearly": 2.02,
            "eps_latest_yearly": 2.12,
            "eps_growth_yearly": 35.69
        },
        "20191": {
            "year_quarter": 20191,
            "year": 2019,
            "quarter": 1,
            "eps": 0.45,
            "eps_growth_year": -11.76,
            "eps_4q": 2,
            "eps_4q_growth_year": -22.36,
            "roe": 2.73,
            "roe_4q": 11.540000000000001,
            "gross_profit": 5317988,
            "gross_margin": 13.34,
            "gross_margin_4q_avg": 12.69,
            "net_income": 1116252,
            "net_income_4q": null,
            "revenue": 39853724,
            "revenue_4q": null,
            "common_shares": 19667820,
            "book_valuer_per_share": 17.17,
            "book_valuer_per_share_4q_avg": 16.27,
            "equity": 42035425,
            "current_ratio": 102.64,
            "debt_ratio": 66.34,
            "inventory_turnover_ratio": 1.46,
            "account_receivable_turnover_ratio": 1.43,
            "reinvestment_rate": 27.74,
            "research_to_sale_ratio": 2.25,
            "price_fair": 71.75,
            "eps_avg_yearly": 2.05,
            "eps_latest_yearly": 1.8,
            "eps_growth_yearly": 37.4
        },
        "20192": {
            "year_quarter": 20192,
            "year": 2019,
            "quarter": 2,
            "eps": 0.53,
            "eps_growth_year": 29.27,
            "eps_4q": 2.12,
            "eps_4q_growth_year": -7.36,
            "roe": 3.01,
            "roe_4q": 12.200000000000001,
            "gross_profit": 5792260,
            "gross_margin": 14.05,
            "gross_margin_4q_avg": 12.96,
            "net_income": 1251197,
            "net_income_4q": null,
            "revenue": 41234187,
            "revenue_4q": null,
            "common_shares": 19667820,
            "book_valuer_per_share": 16.9,
            "book_valuer_per_share_4q_avg": 16.62,
            "equity": 41190559,
            "current_ratio": 109.24,
            "debt_ratio": 66.68,
            "inventory_turnover_ratio": 1.58,
            "account_receivable_turnover_ratio": 1.5,
            "reinvestment_rate": 23.44,
            "research_to_sale_ratio": 2.45,
            "price_fair": 73.15,
            "eps_avg_yearly": 2.09,
            "eps_latest_yearly": 2.12,
            "eps_growth_yearly": 37.94
        },
        "20193": {
            "year_quarter": 20193,
            "year": 2019,
            "quarter": 3,
            "eps": 0.51,
            "eps_growth_year": -16.39,
            "eps_4q": 2.02,
            "eps_4q_growth_year": -9.76,
            "roe": 2.79,
            "roe_4q": 11.5,
            "gross_profit": 6067134,
            "gross_margin": 14.17,
            "gross_margin_4q_avg": 13.39,
            "net_income": 1216131,
            "net_income_4q": null,
            "revenue": 42804005,
            "revenue_4q": null,
            "common_shares": 19667820,
            "book_valuer_per_share": 17.26,
            "book_valuer_per_share_4q_avg": 16.96,
            "equity": 46135696,
            "current_ratio": 109.43,
            "debt_ratio": 65.13,
            "inventory_turnover_ratio": 1.49,
            "account_receivable_turnover_ratio": 1.48,
            "reinvestment_rate": 23.35,
            "research_to_sale_ratio": 2.38,
            "price_fair": 75.08,
            "eps_avg_yearly": 2.15,
            "eps_latest_yearly": 2.04,
            "eps_growth_yearly": 42.4
        },
        "20194": {
            "year_quarter": 20194,
            "year": 2019,
            "quarter": 4,
            "eps": 0.32,
            "eps_growth_year": -39.06,
            "eps_4q": 1.82,
            "eps_4q_growth_year": -11.4,
            "roe": 1.75,
            "roe_4q": 10.28,
            "gross_profit": 5872487,
            "gross_margin": 12.8,
            "gross_margin_4q_avg": 13.59,
            "net_income": 826064,
            "net_income_4q": null,
            "revenue": 45862199,
            "revenue_4q": null,
            "common_shares": 19667820,
            "book_valuer_per_share": 17.26,
            "book_valuer_per_share_4q_avg": 17.15,
            "equity": 48035594,
            "current_ratio": 119.21,
            "debt_ratio": 64.69,
            "inventory_turnover_ratio": 1.47,
            "account_receivable_turnover_ratio": 1.49,
            "reinvestment_rate": 32.21,
            "research_to_sale_ratio": 2.12,
            "price_fair": 76.74,
            "eps_avg_yearly": 2.19,
            "eps_latest_yearly": 1.28,
            "eps_growth_yearly": 46.88
        },
        "20201": {
            "year_quarter": 20201,
            "year": 2020,
            "quarter": 1,
            "eps": 0.12,
            "eps_growth_year": -73.33,
            "eps_4q": 1.48,
            "eps_4q_growth_year": -25.7,
            "roe": 0.82,
            "roe_4q": 8.37,
            "gross_profit": 5264417,
            "gross_margin": 13.43,
            "gross_margin_4q_avg": 13.61,
            "net_income": 391774,
            "net_income_4q": null,
            "revenue": 39200166,
            "revenue_4q": null,
            "common_shares": 19667820,
            "book_valuer_per_share": 17.09,
            "book_valuer_per_share_4q_avg": 17.13,
            "equity": 47788857,
            "current_ratio": 120.59,
            "debt_ratio": 63.7,
            "inventory_turnover_ratio": 1.28,
            "account_receivable_turnover_ratio": 1.4,
            "reinvestment_rate": 30.6,
            "research_to_sale_ratio": 2.41,
            "price_fair": 35.07,
            "eps_avg_yearly": 2.16,
            "eps_latest_yearly": 0.48,
            "eps_growth_yearly": 6.25
        },
        "20202": {
            "year_quarter": 20202,
            "year": 2020,
            "quarter": 2,
            "eps": 0.48,
            "eps_growth_year": -9.43,
            "eps_4q": 1.44,
            "eps_4q_growth_year": -32.18,
            "roe": 2.55,
            "roe_4q": 7.909999999999999,
            "gross_profit": 5928727,
            "gross_margin": 13.58,
            "gross_margin_4q_avg": 13.5,
            "net_income": 1212596,
            "net_income_4q": null,
            "revenue": 43672772,
            "revenue_4q": null,
            "common_shares": 19667820,
            "book_valuer_per_share": 16.69,
            "book_valuer_per_share_4q_avg": 17.08,
            "equity": 47161627,
            "current_ratio": 119.82,
            "debt_ratio": 65.87,
            "inventory_turnover_ratio": 1.45,
            "account_receivable_turnover_ratio": 1.66,
            "reinvestment_rate": 39.82,
            "research_to_sale_ratio": 2.46,
            "price_fair": 76.13,
            "eps_avg_yearly": 2.18,
            "eps_latest_yearly": 1.92,
            "eps_growth_yearly": 66.83
        },
        "20203": {
            "year_quarter": 20203,
            "year": 2020,
            "quarter": 3,
            "eps": 1.04,
            "eps_growth_year": 103.92,
            "eps_4q": 1.96,
            "eps_4q_growth_year": -3.02,
            "roe": 4.67,
            "roe_4q": 9.79,
            "gross_profit": 7483418,
            "gross_margin": 14.48,
            "gross_margin_4q_avg": 13.57,
            "net_income": 2478104,
            "net_income_4q": null,
            "revenue": 51694509,
            "revenue_4q": null,
            "common_shares": 19667820,
            "book_valuer_per_share": 17.67,
            "book_valuer_per_share_4q_avg": 17.18,
            "equity": 59009201,
            "current_ratio": 120.64,
            "debt_ratio": 63.57,
            "inventory_turnover_ratio": 1.48,
            "account_receivable_turnover_ratio": 1.62,
            "reinvestment_rate": 56.86,
            "research_to_sale_ratio": 2.62,
            "price_fair": 78.84,
            "eps_avg_yearly": 2.25,
            "eps_latest_yearly": 4.16,
            "eps_growth_yearly": 76.49
        },
        "20204": {
            "year_quarter": 20204,
            "year": 2020,
            "quarter": 4,
            "eps": 0.9,
            "eps_growth_year": 177.96,
            "eps_4q": 2.54,
            "eps_4q_growth_year": 39.54,
            "roe": 3.87,
            "roe_4q": 11.91,
            "gross_profit": 8150227,
            "gross_margin": 14.26,
            "gross_margin_4q_avg": 13.94,
            "net_income": 2284087,
            "net_income_4q": null,
            "revenue": 57134255,
            "revenue_4q": null,
            "common_shares": 19667820,
            "book_valuer_per_share": 18.32,
            "book_valuer_per_share_4q_avg": 17.44,
            "equity": 58963220,
            "current_ratio": 123.54,
            "debt_ratio": 65.48,
            "inventory_turnover_ratio": 1.44,
            "account_receivable_turnover_ratio": 1.58,
            "reinvestment_rate": 62.25,
            "research_to_sale_ratio": 2.7,
            "price_fair": 79.63,
            "eps_avg_yearly": 2.28,
            "eps_latest_yearly": 3.6,
            "eps_growth_yearly": 70.38
        },
        "20211": {
            "year_quarter": 20211,
            "year": 2021,
            "quarter": 1,
            "eps": 1.07,
            "eps_growth_year": 791.67,
            "eps_4q": 3.49,
            "eps_4q_growth_year": 135.36,
            "roe": 4.34,
            "roe_4q": 15.43,
            "gross_profit": 7500620,
            "gross_margin": 14.73,
            "gross_margin_4q_avg": 14.26,
            "net_income": 2608643,
            "net_income_4q": null,
            "revenue": 50903681,
            "revenue_4q": null,
            "common_shares": 19667820,
            "book_valuer_per_share": 19.82,
            "book_valuer_per_share_4q_avg": 18.13,
            "equity": 61318140,
            "current_ratio": 126.63,
            "debt_ratio": 64.19,
            "inventory_turnover_ratio": 1.22,
            "account_receivable_turnover_ratio": 1.51,
            "reinvestment_rate": 63.81,
            "research_to_sale_ratio": 2.86,
            "price_fair": 83.48,
            "eps_avg_yearly": 2.39,
            "eps_latest_yearly": 4.28,
            "eps_growth_yearly": 80.66
        },
        "20212": {
            "year_quarter": 20212,
            "year": 2021,
            "quarter": 2,
            "eps": 1.93,
            "eps_growth_year": 302.08,
            "eps_4q": 4.94,
            "eps_4q_growth_year": 244.22,
            "roe": 7.15,
            "roe_4q": 20.03,
            "gross_profit": 8259062,
            "gross_margin": 14.75,
            "gross_margin_4q_avg": 14.56,
            "net_income": 4387905,
            "net_income_4q": null,
            "revenue": 55983875,
            "revenue_4q": null,
            "common_shares": 19667820,
            "book_valuer_per_share": 19.41,
            "book_valuer_per_share_4q_avg": 18.81,
            "equity": 61406335,
            "current_ratio": 120.69,
            "debt_ratio": 66.43,
            "inventory_turnover_ratio": 1.23,
            "account_receivable_turnover_ratio": 1.75,
            "reinvestment_rate": -4.09,
            "research_to_sale_ratio": 2.94,
            "price_fair": 94.33,
            "eps_avg_yearly": 2.7,
            "eps_latest_yearly": 7.72,
            "eps_growth_yearly": 98.37
        },
        "20213": {
            "year_quarter": 20213,
            "year": 2021,
            "quarter": 3,
            "eps": 0.71,
            "eps_growth_year": -31.73,
            "eps_4q": 4.61,
            "eps_4q_growth_year": 135.01,
            "roe": 3.24,
            "roe_4q": 18.6,
            "gross_profit": 8315681,
            "gross_margin": 14.54,
            "gross_margin_4q_avg": 14.57,
            "net_income": 1953504,
            "net_income_4q": null,
            "revenue": 57201144,
            "revenue_4q": null,
            "common_shares": 19667820,
            "book_valuer_per_share": 18.37,
            "book_valuer_per_share_4q_avg": 18.98,
            "equity": 59356737,
            "current_ratio": 120.13,
            "debt_ratio": 67.21,
            "inventory_turnover_ratio": 1.09,
            "account_receivable_turnover_ratio": 1.71,
            "reinvestment_rate": -6.62,
            "research_to_sale_ratio": 2.7,
            "price_fair": 94.85,
            "eps_avg_yearly": 2.71,
            "eps_latest_yearly": 2.84,
            "eps_growth_yearly": 84.02
        },
        "20214": {
            "year_quarter": 20214,
            "year": 2021,
            "quarter": 4,
            "eps": 0.51,
            "eps_growth_year": -43.49,
            "eps_4q": 4.22,
            "eps_4q_growth_year": 66.53,
            "roe": 2.44,
            "roe_4q": 17.17,
            "gross_profit": 8481254,
            "gross_margin": 13.71,
            "gross_margin_4q_avg": 14.43,
            "net_income": 1532805,
            "net_income_4q": null,
            "revenue": 61872331,
            "revenue_4q": null,
            "common_shares": 19667820,
            "book_valuer_per_share": 21.08,
            "book_valuer_per_share_4q_avg": 19.67,
            "equity": 66162763,
            "current_ratio": 124.44,
            "debt_ratio": 64.66,
            "inventory_turnover_ratio": 1.09,
            "account_receivable_turnover_ratio": 1.85,
            "reinvestment_rate": 0.39,
            "research_to_sale_ratio": 2.61,
            "price_fair": 93.01,
            "eps_avg_yearly": 2.66,
            "eps_latest_yearly": 2.04,
            "eps_growth_yearly": 74.28
        },
        "20221": {
            "year_quarter": 20221,
            "year": 2022,
            "quarter": 1,
            "eps": 0.27,
            "eps_growth_year": -74.77,
            "eps_4q": 3.42,
            "eps_4q_growth_year": -2,
            "roe": 1.68,
            "roe_4q": 14.510000000000002,
            "gross_profit": 7873296,
            "gross_margin": 12.94,
            "gross_margin_4q_avg": 13.99,
            "net_income": 1069402,
            "net_income_4q": null,
            "revenue": 60866119,
            "revenue_4q": null,
            "common_shares": 19667820,
            "book_valuer_per_share": 18.32,
            "book_valuer_per_share_4q_avg": 19.3,
            "equity": 61065419,
            "current_ratio": 114.98,
            "debt_ratio": 69.07,
            "inventory_turnover_ratio": 0.99,
            "account_receivable_turnover_ratio": 1.79,
            "reinvestment_rate": -1.37,
            "research_to_sale_ratio": 2.57,
            "price_fair": 90.91,
            "eps_avg_yearly": 2.6,
            "eps_latest_yearly": 1.08,
            "eps_growth_yearly": 69.81
        },
        "20222": {
            "year_quarter": 20222,
            "year": 2022,
            "quarter": 2,
            "eps": 0.5,
            "eps_growth_year": -74.09,
            "eps_4q": 1.99,
            "eps_4q_growth_year": -59.82,
            "roe": 2.78,
            "roe_4q": 10.14,
            "gross_profit": 9273096,
            "gross_margin": 14.77,
            "gross_margin_4q_avg": 13.99,
            "net_income": 1678433,
            "net_income_4q": null,
            "revenue": 62794095,
            "revenue_4q": null,
            "common_shares": 19667820,
            "book_valuer_per_share": 17.5,
            "book_valuer_per_share_4q_avg": 18.82,
            "equity": 59724234,
            "current_ratio": 121.37,
            "debt_ratio": 70.8,
            "inventory_turnover_ratio": 0.95,
            "account_receivable_turnover_ratio": 1.61,
            "reinvestment_rate": 6.58,
            "research_to_sale_ratio": 2.76,
            "price_fair": 91.7,
            "eps_avg_yearly": 2.62,
            "eps_latest_yearly": 2,
            "eps_growth_yearly": 96.01
        },
        "20223": {
            "year_quarter": 20223,
            "year": 2022,
            "quarter": 3,
            "eps": 3.24,
            "eps_growth_year": 356.34,
            "eps_4q": 4.51,
            "eps_4q_growth_year": -2.18,
            "roe": 11.49,
            "roe_4q": 18.39,
            "gross_profit": 8649068,
            "gross_margin": 14.4,
            "gross_margin_4q_avg": 13.96,
            "net_income": 7315462,
            "net_income_4q": null,
            "revenue": 60060063,
            "revenue_4q": null,
            "common_shares": 19667820,
            "book_valuer_per_share": 20.88,
            "book_valuer_per_share_4q_avg": 19.45,
            "equity": 67646333,
            "current_ratio": 135.03,
            "debt_ratio": 68.9,
            "inventory_turnover_ratio": 0.94,
            "account_receivable_turnover_ratio": 1.33,
            "reinvestment_rate": 7.98,
            "research_to_sale_ratio": 3.58,
            "price_fair": 114.71,
            "eps_avg_yearly": 3.28,
            "eps_latest_yearly": 12.96,
            "eps_growth_yearly": 220.81
        },
        "20224": {
            "year_quarter": 20224,
            "year": 2022,
            "quarter": 4,
            "eps": 0.19,
            "eps_growth_year": -62.66,
            "eps_4q": 4.2,
            "eps_4q_growth_year": -0.67,
            "roe": 1.5,
            "roe_4q": 17.45,
            "gross_profit": 8765608,
            "gross_margin": 15.62,
            "gross_margin_4q_avg": 14.43,
            "net_income": 1015772,
            "net_income_4q": null,
            "revenue": 56117019,
            "revenue_4q": null,
            "common_shares": 19667820,
            "book_valuer_per_share": 20.71,
            "book_valuer_per_share_4q_avg": 19.35,
            "equity": 67937431,
            "current_ratio": 142.8,
            "debt_ratio": 64.87,
            "inventory_turnover_ratio": 0.97,
            "account_receivable_turnover_ratio": 1.28,
            "reinvestment_rate": 8.39,
            "research_to_sale_ratio": 3.1,
            "price_fair": 111.74,
            "eps_avg_yearly": 3.19,
            "eps_latest_yearly": 0.76,
            "eps_growth_yearly": 200.56
        },
        "20231": {
            "year_quarter": 20231,
            "year": 2023,
            "quarter": 1,
            "eps": 0.16,
            "eps_growth_year": -40.74,
            "eps_4q": 4.09,
            "eps_4q_growth_year": 19.48,
            "roe": 1.11,
            "roe_4q": 16.880000000000003,
            "gross_profit": 7995052,
            "gross_margin": 15.85,
            "gross_margin_4q_avg": 15.16,
            "net_income": 757479,
            "net_income_4q": null,
            "revenue": 50445785,
            "revenue_4q": null,
            "common_shares": 19667820,
            "book_valuer_per_share": 20.02,
            "book_valuer_per_share_4q_avg": 19.78,
            "equity": 68077564,
            "current_ratio": 135.88,
            "debt_ratio": 66.61,
            "inventory_turnover_ratio": 1.02,
            "account_receivable_turnover_ratio": 1.3,
            "reinvestment_rate": 22.27,
            "research_to_sale_ratio": 3.23,
            "price_fair": 109.2,
            "eps_avg_yearly": 3.12,
            "eps_latest_yearly": 0.64,
            "eps_growth_yearly": 200.38
        },
        "20232": {
            "year_quarter": 20232,
            "year": 2023,
            "quarter": 2,
            "eps": 0.52,
            "eps_growth_year": 4,
            "eps_4q": 4.11,
            "eps_4q_growth_year": 106.92,
            "roe": 2.25,
            "roe_4q": 16.35,
            "gross_profit": 8496886,
            "gross_margin": 16.31,
            "gross_margin_4q_avg": 15.55,
            "net_income": 1534353,
            "net_income_4q": null,
            "revenue": 52111593,
            "revenue_4q": null,
            "common_shares": 19667820,
            "book_valuer_per_share": 20.64,
            "book_valuer_per_share_4q_avg": 20.56,
            "equity": 68363620,
            "current_ratio": 132.03,
            "debt_ratio": 64.5,
            "inventory_turnover_ratio": 1.16,
            "account_receivable_turnover_ratio": 1.38,
            "reinvestment_rate": 37.16,
            "research_to_sale_ratio": 3.42,
            "price_fair": 109.11,
            "eps_avg_yearly": 3.12,
            "eps_latest_yearly": 2.08,
            "eps_growth_yearly": 252.19
        },
        "20233": {
            "year_quarter": 20233,
            "year": 2023,
            "quarter": 3,
            "eps": 0.61,
            "eps_growth_year": -81.17,
            "eps_4q": 1.49,
            "eps_4q_growth_year": -67.08,
            "roe": 2.34,
            "roe_4q": 7.2,
            "gross_profit": 8377448,
            "gross_margin": 16.63,
            "gross_margin_4q_avg": 16.1,
            "net_income": 1549459,
            "net_income_4q": null,
            "revenue": 50370349,
            "revenue_4q": null,
            "common_shares": 19667820,
            "book_valuer_per_share": 18.91,
            "book_valuer_per_share_4q_avg": 20.07,
            "equity": 64138278,
            "current_ratio": 125.22,
            "debt_ratio": 66.07,
            "inventory_turnover_ratio": 1.13,
            "account_receivable_turnover_ratio": 1.28,
            "reinvestment_rate": 36.54,
            "research_to_sale_ratio": 3.54,
            "price_fair": 109.99,
            "eps_avg_yearly": 3.14,
            "eps_latest_yearly": 2.44,
            "eps_growth_yearly": 257.46
        },
        "20234": {
            "year_quarter": 20234,
            "year": 2023,
            "quarter": 4,
            "eps": 0.22,
            "eps_growth_year": 14.55,
            "eps_4q": 1.51,
            "eps_4q_growth_year": -63.94,
            "roe": 1.05,
            "roe_4q": 6.75,
            "gross_profit": 8206517,
            "gross_margin": 16.2,
            "gross_margin_4q_avg": 16.25,
            "net_income": 674788,
            "net_income_4q": null,
            "revenue": 50667054,
            "revenue_4q": null,
            "common_shares": 19667820,
            "book_valuer_per_share": 18.84,
            "book_valuer_per_share_4q_avg": 19.6,
            "equity": 64093572,
            "current_ratio": 126.67,
            "debt_ratio": 65.98,
            "inventory_turnover_ratio": 1.11,
            "account_receivable_turnover_ratio": 1.29,
            "reinvestment_rate": 31.15,
            "research_to_sale_ratio": 3.45,
            "price_fair": 109.11,
            "eps_avg_yearly": 3.12,
            "eps_latest_yearly": 0.88,
            "eps_growth_yearly": 250.79
        }
    },
    "months": {
        "2001-06": {
            "month": "2001-06",
            "price": "35.68",
            "revenue": 3426344
        },
        "2001-07": {
            "month": "2001-07",
            "price": "32.81",
            "revenue": 3757919
        },
        "2001-08": {
            "month": "2001-08",
            "price": "34.87",
            "revenue": 4401710
        },
        "2001-09": {
            "month": "2001-09",
            "price": "29.76",
            "revenue": 4841236
        },
        "2001-10": {
            "month": "2001-10",
            "price": "27.13",
            "revenue": 7205149
        },
        "2001-11": {
            "month": "2001-11",
            "price": "36.05",
            "revenue": 8239126
        },
        "2001-12": {
            "month": "2001-12",
            "price": "48.15",
            "revenue": 7378307
        },
        "2002-01": {
            "month": "2002-01",
            "price": "55.11",
            "revenue": 7208848
        },
        "2002-02": {
            "month": "2002-02",
            "price": "63.58",
            "revenue": 6671009
        },
        "2002-03": {
            "month": "2002-03",
            "price": "72.90",
            "revenue": 9584348
        },
        "2002-04": {
            "month": "2002-04",
            "price": "77.74",
            "revenue": 8295450
        },
        "2002-05": {
            "month": "2002-05",
            "price": "72.00",
            "revenue": 7939810
        },
        "2002-06": {
            "month": "2002-06",
            "price": "57.82",
            "revenue": 6364590
        },
        "2002-07": {
            "month": "2002-07",
            "price": "57.98",
            "revenue": 6432191
        },
        "2002-08": {
            "month": "2002-08",
            "price": "59.05",
            "revenue": 7303138
        },
        "2002-09": {
            "month": "2002-09",
            "price": "52.10",
            "revenue": 7757953
        },
        "2002-10": {
            "month": "2002-10",
            "price": "44.68",
            "revenue": 8365712
        },
        "2002-11": {
            "month": "2002-11",
            "price": "49.06",
            "revenue": 9559625
        },
        "2002-12": {
            "month": "2002-12",
            "price": "42.62",
            "revenue": 7731712
        },
        "2003-01": {
            "month": "2003-01",
            "price": "41.38",
            "revenue": 8154777
        },
        "2003-02": {
            "month": "2003-02",
            "price": "38.96",
            "revenue": 7050843
        },
        "2003-03": {
            "month": "2003-03",
            "price": "40.68",
            "revenue": 8113019
        },
        "2003-04": {
            "month": "2003-04",
            "price": "39.31",
            "revenue": 8798858
        },
        "2003-05": {
            "month": "2003-05",
            "price": "37.43",
            "revenue": 7189716
        },
        "2003-06": {
            "month": "2003-06",
            "price": "42.90",
            "revenue": 7006620
        },
        "2003-07": {
            "month": "2003-07",
            "price": "42.00",
            "revenue": 9462054
        },
        "2003-08": {
            "month": "2003-08",
            "price": "47.06",
            "revenue": 8733027
        },
        "2003-09": {
            "month": "2003-09",
            "price": "48.91",
            "revenue": 9565023
        },
        "2003-10": {
            "month": "2003-10",
            "price": "44.40",
            "revenue": 10656878
        },
        "2003-11": {
            "month": "2003-11",
            "price": "42.03",
            "revenue": 11185480
        },
        "2003-12": {
            "month": "2003-12",
            "price": "40.99",
            "revenue": 12740746
        },
        "2004-01": {
            "month": "2004-01",
            "price": "42.93",
            "revenue": 11218253
        },
        "2004-02": {
            "month": "2004-02",
            "price": "42.53",
            "revenue": 13287150
        },
        "2004-03": {
            "month": "2004-03",
            "price": "44.90",
            "revenue": 14111911
        },
        "2004-04": {
            "month": "2004-04",
            "price": "48.01",
            "revenue": 13217450
        },
        "2004-05": {
            "month": "2004-05",
            "price": "46.05",
            "revenue": 14577330
        },
        "2004-06": {
            "month": "2004-06",
            "price": "40.84",
            "revenue": 12320250
        },
        "2004-07": {
            "month": "2004-07",
            "price": "35.61",
            "revenue": 11063406
        },
        "2004-08": {
            "month": "2004-08",
            "price": "35.02",
            "revenue": 11569304
        },
        "2004-09": {
            "month": "2004-09",
            "price": "35.86",
            "revenue": 14314822
        },
        "2004-10": {
            "month": "2004-10",
            "price": "33.90",
            "revenue": 10695272
        },
        "2004-11": {
            "month": "2004-11",
            "price": "33.21",
            "revenue": 11908190
        },
        "2004-12": {
            "month": "2004-12",
            "price": "35.39",
            "revenue": 9581500
        },
        "2005-01": {
            "month": "2005-01",
            "price": "34.53",
            "revenue": 9154281
        },
        "2005-02": {
            "month": "2005-02",
            "price": "35.62",
            "revenue": 7484711
        },
        "2005-03": {
            "month": "2005-03",
            "price": "33.36",
            "revenue": 9956466
        },
        "2005-04": {
            "month": "2005-04",
            "price": "31.69",
            "revenue": 9357232
        },
        "2005-05": {
            "month": "2005-05",
            "price": "30.99",
            "revenue": 7709619
        },
        "2005-06": {
            "month": "2005-06",
            "price": "31.59",
            "revenue": 9774625
        },
        "2005-07": {
            "month": "2005-07",
            "price": "33.64",
            "revenue": 9011701
        },
        "2005-08": {
            "month": "2005-08",
            "price": "33.22",
            "revenue": 9127225
        },
        "2005-09": {
            "month": "2005-09",
            "price": "29.76",
            "revenue": 14236077
        },
        "2005-10": {
            "month": "2005-10",
            "price": "29.22",
            "revenue": 21362093
        },
        "2005-11": {
            "month": "2005-11",
            "price": "30.05",
            "revenue": 22279443
        },
        "2005-12": {
            "month": "2005-12",
            "price": "31.67",
            "revenue": 22609106
        },
        "2006-01": {
            "month": "2006-01",
            "price": "33.64",
            "revenue": 19510732
        },
        "2006-02": {
            "month": "2006-02",
            "price": "33.20",
            "revenue": 17701491
        },
        "2006-03": {
            "month": "2006-03",
            "price": "28.97",
            "revenue": 20718760
        },
        "2006-04": {
            "month": "2006-04",
            "price": "27.11",
            "revenue": 18330363
        },
        "2006-05": {
            "month": "2006-05",
            "price": "25.07",
            "revenue": 18739252
        },
        "2006-06": {
            "month": "2006-06",
            "price": "20.32",
            "revenue": 18127533
        },
        "2006-07": {
            "month": "2006-07",
            "price": "19.00",
            "revenue": 16314296
        },
        "2006-08": {
            "month": "2006-08",
            "price": "18.94",
            "revenue": 15994780
        },
        "2006-09": {
            "month": "2006-09",
            "price": "17.32",
            "revenue": 12779901
        },
        "2006-10": {
            "month": "2006-10",
            "price": "16.94",
            "revenue": 11988634
        },
        "2006-11": {
            "month": "2006-11",
            "price": "17.00",
            "revenue": 11891328
        },
        "2006-12": {
            "month": "2006-12",
            "price": "17.23",
            "revenue": 10632295
        },
        "2007-01": {
            "month": "2007-01",
            "price": "16.77",
            "revenue": 10518265
        },
        "2007-02": {
            "month": "2007-02",
            "price": "16.29",
            "revenue": 8411457
        },
        "2007-03": {
            "month": "2007-03",
            "price": "13.84",
            "revenue": 10920376
        },
        "2007-04": {
            "month": "2007-04",
            "price": "12.92",
            "revenue": 10042217
        },
        "2007-05": {
            "month": "2007-05",
            "price": "12.25",
            "revenue": 10649819
        },
        "2007-06": {
            "month": "2007-06",
            "price": "12.34",
            "revenue": 11651335
        },
        "2007-07": {
            "month": "2007-07",
            "price": "16.43",
            "revenue": 12628359
        },
        "2007-08": {
            "month": "2007-08",
            "price": "15.75",
            "revenue": 13024882
        },
        "2007-09": {
            "month": "2007-09",
            "price": "16.62",
            "revenue": 10823795
        },
        "2007-10": {
            "month": "2007-10",
            "price": "38.67",
            "revenue": 11034769
        },
        "2007-11": {
            "month": "2007-11",
            "price": "38.35",
            "revenue": 10532673
        },
        "2007-12": {
            "month": "2007-12",
            "price": "32.39",
            "revenue": 9300169
        },
        "2008-01": {
            "month": "2008-01",
            "price": "28.68",
            "revenue": 10367635
        },
        "2008-02": {
            "month": "2008-02",
            "price": "27.33",
            "revenue": 8925155
        },
        "2008-03": {
            "month": "2008-03",
            "price": "25.69",
            "revenue": 9920326
        },
        "2008-04": {
            "month": "2008-04",
            "price": "26.74",
            "revenue": 10956773
        },
        "2008-05": {
            "month": "2008-05",
            "price": "28.17",
            "revenue": 10449355
        },
        "2008-06": {
            "month": "2008-06",
            "price": "23.93",
            "revenue": 8986212
        },
        "2008-07": {
            "month": "2008-07",
            "price": "18.17",
            "revenue": 9118554
        },
        "2008-08": {
            "month": "2008-08",
            "price": "16.73",
            "revenue": 8398635
        },
        "2008-09": {
            "month": "2008-09",
            "price": "12.57",
            "revenue": 9628160
        },
        "2008-10": {
            "month": "2008-10",
            "price": "9.98",
            "revenue": 9850996
        },
        "2008-11": {
            "month": "2008-11",
            "price": "6.66",
            "revenue": 8057052
        },
        "2008-12": {
            "month": "2008-12",
            "price": "6.18",
            "revenue": 6886500
        },
        "2009-01": {
            "month": "2009-01",
            "price": "6.25",
            "revenue": 5500462
        },
        "2009-02": {
            "month": "2009-02",
            "price": "6.40",
            "revenue": 5394183
        },
        "2009-03": {
            "month": "2009-03",
            "price": "8.59",
            "revenue": 7130109
        },
        "2009-04": {
            "month": "2009-04",
            "price": "11.12",
            "revenue": 6612578
        },
        "2009-05": {
            "month": "2009-05",
            "price": "13.25",
            "revenue": 6171048
        },
        "2009-06": {
            "month": "2009-06",
            "price": "12.26",
            "revenue": 6893635
        },
        "2009-07": {
            "month": "2009-07",
            "price": "14.46",
            "revenue": 7464517
        },
        "2009-08": {
            "month": "2009-08",
            "price": "14.81",
            "revenue": 7066272
        },
        "2009-09": {
            "month": "2009-09",
            "price": "17.93",
            "revenue": 7867276
        },
        "2009-10": {
            "month": "2009-10",
            "price": "19.26",
            "revenue": 6686499
        },
        "2009-11": {
            "month": "2009-11",
            "price": "18.85",
            "revenue": 5894772
        },
        "2009-12": {
            "month": "2009-12",
            "price": "19.92",
            "revenue": 6890418
        },
        "2010-01": {
            "month": "2010-01",
            "price": "19.20",
            "revenue": 6732255
        },
        "2010-02": {
            "month": "2010-02",
            "price": "15.66",
            "revenue": 5631209
        },
        "2010-03": {
            "month": "2010-03",
            "price": "17.20",
            "revenue": 7395290
        },
        "2010-04": {
            "month": "2010-04",
            "price": "18.10",
            "revenue": 7442478
        },
        "2010-05": {
            "month": "2010-05",
            "price": "16.96",
            "revenue": 7318995
        },
        "2010-06": {
            "month": "2010-06",
            "price": "16.22",
            "revenue": 7784027
        },
        "2010-07": {
            "month": "2010-07",
            "price": "17.22",
            "revenue": 7011455
        },
        "2010-08": {
            "month": "2010-08",
            "price": "18.21",
            "revenue": 7852320
        },
        "2010-09": {
            "month": "2010-09",
            "price": "19.99",
            "revenue": 8022216
        },
        "2010-10": {
            "month": "2010-10",
            "price": "21.31",
            "revenue": 8014778
        },
        "2010-11": {
            "month": "2010-11",
            "price": "20.20",
            "revenue": 7851613
        },
        "2010-12": {
            "month": "2010-12",
            "price": "20.61",
            "revenue": 8301957
        },
        "2011-01": {
            "month": "2011-01",
            "price": "20.66",
            "revenue": 8113537
        },
        "2011-02": {
            "month": "2011-02",
            "price": "18.20",
            "revenue": 5616645
        },
        "2011-03": {
            "month": "2011-03",
            "price": "17.20",
            "revenue": 8213794
        },
        "2011-04": {
            "month": "2011-04",
            "price": "17.58",
            "revenue": 7628063
        },
        "2011-05": {
            "month": "2011-05",
            "price": "15.19",
            "revenue": 6595913
        },
        "2011-06": {
            "month": "2011-06",
            "price": "14.54",
            "revenue": 6892623
        },
        "2011-07": {
            "month": "2011-07",
            "price": "11.75",
            "revenue": 6451230
        },
        "2011-08": {
            "month": "2011-08",
            "price": "7.81",
            "revenue": 6645256
        },
        "2011-09": {
            "month": "2011-09",
            "price": "8.16",
            "revenue": 6827933
        },
        "2011-10": {
            "month": "2011-10",
            "price": "8.34",
            "revenue": 7115759
        },
        "2011-11": {
            "month": "2011-11",
            "price": "7.99",
            "revenue": 6971741
        },
        "2011-12": {
            "month": "2011-12",
            "price": "6.19",
            "revenue": 7757627
        },
        "2012-01": {
            "month": "2012-01",
            "price": "6.53",
            "revenue": 6984508
        },
        "2012-02": {
            "month": "2012-02",
            "price": "8.46",
            "revenue": 6681205
        },
        "2012-03": {
            "month": "2012-03",
            "price": "7.72",
            "revenue": 7043921
        },
        "2012-04": {
            "month": "2012-04",
            "price": "6.75",
            "revenue": 6439569
        },
        "2012-05": {
            "month": "2012-05",
            "price": "7.05",
            "revenue": 6956593
        },
        "2012-06": {
            "month": "2012-06",
            "price": "6.97",
            "revenue": 7234988
        },
        "2012-07": {
            "month": "2012-07",
            "price": "6.97",
            "revenue": 7620837
        },
        "2012-08": {
            "month": "2012-08",
            "price": "6.54",
            "revenue": 7674219
        },
        "2012-09": {
            "month": "2012-09",
            "price": "6.79",
            "revenue": 7933384
        },
        "2012-10": {
            "month": "2012-10",
            "price": "6.65",
            "revenue": 7351745
        },
        "2012-11": {
            "month": "2012-11",
            "price": "6.23",
            "revenue": 6381710
        },
        "2012-12": {
            "month": "2012-12",
            "price": "7.16",
            "revenue": 6171843
        },
        "2013-01": {
            "month": "2013-01",
            "price": "7.04",
            "revenue": 9928524
        },
        "2013-02": {
            "month": "2013-02",
            "price": "7.34",
            "revenue": 7680886
        },
        "2013-03": {
            "month": "2013-03",
            "price": "7.73",
            "revenue": 9896692
        },
        "2013-04": {
            "month": "2013-04",
            "price": "7.17",
            "revenue": 9797526
        },
        "2013-05": {
            "month": "2013-05",
            "price": "7.30",
            "revenue": 9488275
        },
        "2013-06": {
            "month": "2013-06",
            "price": "6.96",
            "revenue": 10038403
        },
        "2013-07": {
            "month": "2013-07",
            "price": "6.81",
            "revenue": 9697191
        },
        "2013-08": {
            "month": "2013-08",
            "price": "6.87",
            "revenue": 9749585
        },
        "2013-09": {
            "month": "2013-09",
            "price": "6.88",
            "revenue": 10595785
        },
        "2013-10": {
            "month": "2013-10",
            "price": "6.75",
            "revenue": 11003020
        },
        "2013-11": {
            "month": "2013-11",
            "price": "6.46",
            "revenue": 10745368
        },
        "2013-12": {
            "month": "2013-12",
            "price": "6.74",
            "revenue": 10594107
        },
        "2014-01": {
            "month": "2014-01",
            "price": "7.98",
            "revenue": 10089497
        },
        "2014-02": {
            "month": "2014-02",
            "price": "9.77",
            "revenue": 8713555
        },
        "2014-03": {
            "month": "2014-03",
            "price": "10.03",
            "revenue": 11010520
        },
        "2014-04": {
            "month": "2014-04",
            "price": "10.34",
            "revenue": 11065634
        },
        "2014-05": {
            "month": "2014-05",
            "price": "9.98",
            "revenue": 11007177
        },
        "2014-06": {
            "month": "2014-06",
            "price": "10.40",
            "revenue": 11288110
        },
        "2014-07": {
            "month": "2014-07",
            "price": "14.83",
            "revenue": 11957935
        },
        "2014-08": {
            "month": "2014-08",
            "price": "14.99",
            "revenue": 11380007
        },
        "2014-09": {
            "month": "2014-09",
            "price": "14.75",
            "revenue": 11572450
        },
        "2014-10": {
            "month": "2014-10",
            "price": "13.04",
            "revenue": 12423158
        },
        "2014-11": {
            "month": "2014-11",
            "price": "13.81",
            "revenue": 11391291
        },
        "2014-12": {
            "month": "2014-12",
            "price": "14.32",
            "revenue": 11715739
        },
        "2015-01": {
            "month": "2015-01",
            "price": "14.87",
            "revenue": 11803283
        },
        "2015-02": {
            "month": "2015-02",
            "price": "14.27",
            "revenue": 9396744
        },
        "2015-03": {
            "month": "2015-03",
            "price": "14.35",
            "revenue": 11228077
        },
        "2015-04": {
            "month": "2015-04",
            "price": "13.82",
            "revenue": 11745482
        },
        "2015-05": {
            "month": "2015-05",
            "price": "13.22",
            "revenue": 10702481
        },
        "2015-06": {
            "month": "2015-06",
            "price": "12.47",
            "revenue": 10762228
        },
        "2015-07": {
            "month": "2015-07",
            "price": "10.67",
            "revenue": 10747520
        },
        "2015-08": {
            "month": "2015-08",
            "price": "9.32",
            "revenue": 10550267
        },
        "2015-09": {
            "month": "2015-09",
            "price": "10.12",
            "revenue": 11962462
        },
        "2015-10": {
            "month": "2015-10",
            "price": "10.82",
            "revenue": 11823442
        },
        "2015-11": {
            "month": "2015-11",
            "price": "10.95",
            "revenue": 11118865
        },
        "2015-12": {
            "month": "2015-12",
            "price": "11.39",
            "revenue": 11471694
        },
        "2016-01": {
            "month": "2016-01",
            "price": "9.95",
            "revenue": 11102605
        },
        "2016-02": {
            "month": "2016-02",
            "price": "10.25",
            "revenue": 9111818
        },
        "2016-03": {
            "month": "2016-03",
            "price": "10.68",
            "revenue": 11550007
        },
        "2016-04": {
            "month": "2016-04",
            "price": "10.44",
            "revenue": 10277621
        },
        "2016-05": {
            "month": "2016-05",
            "price": "10.06",
            "revenue": 10544259
        },
        "2016-06": {
            "month": "2016-06",
            "price": "11.02",
            "revenue": 10699141
        },
        "2016-07": {
            "month": "2016-07",
            "price": "11.66",
            "revenue": 10286444
        },
        "2016-08": {
            "month": "2016-08",
            "price": "12.13",
            "revenue": 10701574
        },
        "2016-09": {
            "month": "2016-09",
            "price": "13.34",
            "revenue": 10997059
        },
        "2016-10": {
            "month": "2016-10",
            "price": "13.08",
            "revenue": 11248608
        },
        "2016-11": {
            "month": "2016-11",
            "price": "14.48",
            "revenue": 10987132
        },
        "2016-12": {
            "month": "2016-12",
            "price": "15.18",
            "revenue": 11862560
        },
        "2017-01": {
            "month": "2017-01",
            "price": "15.97",
            "revenue": 11097635
        },
        "2017-02": {
            "month": "2017-02",
            "price": "16.41",
            "revenue": 9017060
        },
        "2017-03": {
            "month": "2017-03",
            "price": "17.18",
            "revenue": 11572085
        },
        "2017-04": {
            "month": "2017-04",
            "price": "18.70",
            "revenue": 10456067
        },
        "2017-05": {
            "month": "2017-05",
            "price": "19.69",
            "revenue": 10985509
        },
        "2017-06": {
            "month": "2017-06",
            "price": "23.50",
            "revenue": 11437916
        },
        "2017-07": {
            "month": "2017-07",
            "price": "23.34",
            "revenue": 11154648
        },
        "2017-08": {
            "month": "2017-08",
            "price": "22.43",
            "revenue": 11956780
        },
        "2017-09": {
            "month": "2017-09",
            "price": "21.86",
            "revenue": 12046245
        },
        "2017-10": {
            "month": "2017-10",
            "price": "21.94",
            "revenue": 11762666
        },
        "2017-11": {
            "month": "2017-11",
            "price": "21.47",
            "revenue": 13282566
        },
        "2017-12": {
            "month": "2017-12",
            "price": "20.94",
            "revenue": 12103387
        },
        "2018-01": {
            "month": "2018-01",
            "price": "21.35",
            "revenue": 12283569
        },
        "2018-02": {
            "month": "2018-02",
            "price": "20.31",
            "revenue": 10222823
        },
        "2018-03": {
            "month": "2018-03",
            "price": "21.32",
            "revenue": 13147547
        },
        "2018-04": {
            "month": "2018-04",
            "price": "21.27",
            "revenue": 11669891
        },
        "2018-05": {
            "month": "2018-05",
            "price": "20.68",
            "revenue": 12593951
        },
        "2018-06": {
            "month": "2018-06",
            "price": "21.48",
            "revenue": 13805901
        },
        "2018-07": {
            "month": "2018-07",
            "price": "22.03",
            "revenue": 12605799
        },
        "2018-08": {
            "month": "2018-08",
            "price": "21.05",
            "revenue": 13440161
        },
        "2018-09": {
            "month": "2018-09",
            "price": "20.07",
            "revenue": 13626685
        },
        "2018-10": {
            "month": "2018-10",
            "price": "18.25",
            "revenue": 14178632
        },
        "2018-11": {
            "month": "2018-11",
            "price": "18.43",
            "revenue": 14894294
        },
        "2018-12": {
            "month": "2018-12",
            "price": "19.43",
            "revenue": 13405183
        },
        "2019-01": {
            "month": "2019-01",
            "price": "19.92",
            "revenue": 14601804
        },
        "2019-02": {
            "month": "2019-02",
            "price": "19.72",
            "revenue": 10780710
        },
        "2019-03": {
            "month": "2019-03",
            "price": "20.05",
            "revenue": 14471211
        },
        "2019-04": {
            "month": "2019-04",
            "price": "19.70",
            "revenue": 12901390
        },
        "2019-05": {
            "month": "2019-05",
            "price": "19.00",
            "revenue": 13597886
        },
        "2019-06": {
            "month": "2019-06",
            "price": "19.94",
            "revenue": 14735678
        },
        "2019-07": {
            "month": "2019-07",
            "price": "20.03",
            "revenue": 13525866
        },
        "2019-08": {
            "month": "2019-08",
            "price": "19.20",
            "revenue": 14045700
        },
        "2019-09": {
            "month": "2019-09",
            "price": "21.15",
            "revenue": 15232451
        },
        "2019-10": {
            "month": "2019-10",
            "price": "22.21",
            "revenue": 16333214
        },
        "2019-11": {
            "month": "2019-11",
            "price": "22.50",
            "revenue": 15147182
        },
        "2019-12": {
            "month": "2019-12",
            "price": "21.32",
            "revenue": 14488328
        },
        "2020-01": {
            "month": "2020-01",
            "price": "20.99",
            "revenue": 13652452
        },
        "2020-02": {
            "month": "2020-02",
            "price": "19.82",
            "revenue": 10952166
        },
        "2020-03": {
            "month": "2020-03",
            "price": "16.28",
            "revenue": 14595548
        },
        "2020-04": {
            "month": "2020-04",
            "price": "16.14",
            "revenue": 14487094
        },
        "2020-05": {
            "month": "2020-05",
            "price": "16.62",
            "revenue": 13722146
        },
        "2020-06": {
            "month": "2020-06",
            "price": "17.45",
            "revenue": 15465738
        },
        "2020-07": {
            "month": "2020-07",
            "price": "17.93",
            "revenue": 14370287
        },
        "2020-08": {
            "month": "2020-08",
            "price": "18.32",
            "revenue": 17595459
        },
        "2020-09": {
            "month": "2020-09",
            "price": "19.22",
            "revenue": 19726029
        },
        "2020-10": {
            "month": "2020-10",
            "price": "19.02",
            "revenue": 18063637
        },
        "2020-11": {
            "month": "2020-11",
            "price": "20.96",
            "revenue": 19873665
        },
        "2020-12": {
            "month": "2020-12",
            "price": "26.68",
            "revenue": 19222848
        },
        "2021-01": {
            "month": "2021-01",
            "price": "28.16",
            "revenue": 17545000
        },
        "2021-02": {
            "month": "2021-02",
            "price": "29.05",
            "revenue": 14598972
        },
        "2021-03": {
            "month": "2021-03",
            "price": "30.33",
            "revenue": 18759655
        },
        "2021-04": {
            "month": "2021-04",
            "price": "35.18",
            "revenue": 17346469
        },
        "2021-05": {
            "month": "2021-05",
            "price": "30.66",
            "revenue": 18134578
        },
        "2021-06": {
            "month": "2021-06",
            "price": "30.33",
            "revenue": 20502777
        },
        "2021-07": {
            "month": "2021-07",
            "price": "30.88",
            "revenue": 18697083
        },
        "2021-08": {
            "month": "2021-08",
            "price": "29.67",
            "revenue": 17790818
        },
        "2021-09": {
            "month": "2021-09",
            "price": "28.76",
            "revenue": 20714966
        },
        "2021-10": {
            "month": "2021-10",
            "price": "29.92",
            "revenue": 18993940
        },
        "2021-11": {
            "month": "2021-11",
            "price": "31.24",
            "revenue": 20834694
        },
        "2021-12": {
            "month": "2021-12",
            "price": "29.99",
            "revenue": 22056771
        },
        "2022-01": {
            "month": "2022-01",
            "price": "30.64",
            "revenue": 20546375
        },
        "2022-02": {
            "month": "2022-02",
            "price": "30.95",
            "revenue": 17869807
        },
        "2022-03": {
            "month": "2022-03",
            "price": "32.02",
            "revenue": 22449937
        },
        "2022-04": {
            "month": "2022-04",
            "price": "32.75",
            "revenue": 19540071
        },
        "2022-05": {
            "month": "2022-05",
            "price": "28.60",
            "revenue": 19521923
        },
        "2022-06": {
            "month": "2022-06",
            "price": "29.10",
            "revenue": 23731798
        },
        "2022-07": {
            "month": "2022-07",
            "price": "29.70",
            "revenue": 20401065
        },
        "2022-08": {
            "month": "2022-08",
            "price": "28.48",
            "revenue": 19898793
        },
        "2022-09": {
            "month": "2022-09",
            "price": "28.67",
            "revenue": 19570411
        },
        "2022-10": {
            "month": "2022-10",
            "price": "26.15",
            "revenue": 18931428
        },
        "2022-11": {
            "month": "2022-11",
            "price": "27.45",
            "revenue": 19193236
        },
        "2022-12": {
            "month": "2022-12",
            "price": "27.56",
            "revenue": 17983706
        },
        "2023-01": {
            "month": "2023-01",
            "price": "27.92",
            "revenue": 15793150
        },
        "2023-02": {
            "month": "2023-02",
            "price": "29.09",
            "revenue": 15735891
        },
        "2023-03": {
            "month": "2023-03",
            "price": "30.62",
            "revenue": 18916815
        },
        "2023-04": {
            "month": "2023-04",
            "price": "32.90",
            "revenue": 16036894
        },
        "2023-05": {
            "month": "2023-05",
            "price": "37.21",
            "revenue": 17164587
        },
        "2023-06": {
            "month": "2023-06",
            "price": "45.39",
            "revenue": 18910144
        },
        "2023-07": {
            "month": "2023-07",
            "price": "51.10",
            "revenue": 15912605
        },
        "2023-08": {
            "month": "2023-08",
            "price": "45.18",
            "revenue": 16459381
        },
        "2023-09": {
            "month": "2023-09",
            "price": "45.02",
            "revenue": 17998260
        },
        "2023-10": {
            "month": "2023-10",
            "price": "44.04",
            "revenue": 17090679
        },
        "2023-11": {
            "month": "2023-11",
            "price": "44.10",
            "revenue": 17165421
        },
        "2023-12": {
            "month": "2023-12",
            "price": "44.45",
            "revenue": 16714818
        }
    }
}
