{
    "summary": {
        "stock_name": "宏碁",
        "stock_id": "2353",
        "category": "電腦及週邊設備",
        "main_business": "從事資訊產品、軟體及維修服務之通路銷售",
        "website_url": "http://www.acer.com",
        "ceo": "陳俊聖",
        "pe_ratio": 30,
        "report_year_from": 2001,
        "report_year_to": 2023,
        "age": 22,
        "eps_negative_percentage": 17,
        "eps_growth_avg": {
            "last_all": -0.79,
            "last_2y": 42.53,
            "last_4y": 24.23,
            "last_8y": -6.94,
            "last_12y": -12.97,
            "last_16y": -7.79,
            "last_20y": -0.79,
            "at_2006_last_3y": 0.94,
            "at_2007_last_3y": 11.37,
            "at_2008_last_3y": 10.02,
            "at_2009_last_3y": 3.84,
            "at_2010_last_3y": 7.83,
            "at_2011_last_3y": -22.86,
            "at_2012_last_3y": -26.16,
            "at_2013_last_3y": -34.06,
            "at_2014_last_3y": -100,
            "at_2015_last_3y": -69.7,
            "at_2016_last_3y": -84.85,
            "at_2017_last_3y": -84.85,
            "at_2018_last_3y": -54.06,
            "at_2019_last_3y": -35.49,
            "at_2020_last_3y": 31.18,
            "at_2021_last_3y": 43.88,
            "at_2022_last_3y": 28.4,
            "at_2023_last_3y": 28.4,
            "at_2006_last_all": 20.76,
            "at_2007_last_all": 21.09,
            "at_2008_last_all": 16.23,
            "at_2009_last_all": 12.91,
            "at_2010_last_all": 15.01,
            "at_2011_last_all": 3.51,
            "at_2012_last_all": 3.51,
            "at_2013_last_all": 3.51,
            "at_2014_last_all": 3.51,
            "at_2015_last_all": -3.14,
            "at_2016_last_all": -11.22,
            "at_2017_last_all": -11.22,
            "at_2018_last_all": -9.77,
            "at_2019_last_all": -10.08,
            "at_2020_last_all": -2.74,
            "at_2021_last_all": 2.56,
            "at_2022_last_all": -0.79,
            "at_2023_last_all": -0.79
        },
        "latest_eps": 1.09,
        "latest_price": 32.65,
        "latest_roe": 5.97,
        "latest_gross_margin": 10.22,
        "latest_equity": 67900811,
        "latest_revenue": 52457032,
        "latest_gross_profit": 5362891,
        "latest_net_income": 660905,
        "latest_debt_ratio": 63.78,
        "latest_current_ratio": 141.98,
        "latest_account_receivable_turnover_ratio": 1.03,
        "latest_inventory_turnover_ratio": 1.15,
        "latest_reinvestment_rate": 2.8,
        "latest_research_to_sale_ratio": 0.94
    },
    "eps_dividends": {
        "1996": {
            "cash": 1,
            "stock": 2,
            "eps": 0
        },
        "1997": {
            "cash": 0.5,
            "stock": 2,
            "eps": 0
        },
        "1998": {
            "cash": 0.5,
            "stock": 2,
            "eps": 0
        },
        "1999": {
            "cash": 1,
            "stock": 1,
            "eps": 0
        },
        "2000": {
            "cash": 1.5,
            "stock": 1.5,
            "eps": 0
        },
        "2001": {
            "cash": 0,
            "stock": 0,
            "eps": 1.83
        },
        "2002": {
            "cash": 1.01,
            "stock": 1.01,
            "eps": 4.55
        },
        "2003": {
            "cash": 2,
            "stock": 1,
            "eps": 3.69
        },
        "2004": {
            "cash": 2.5,
            "stock": 0.51,
            "eps": 3.41
        },
        "2005": {
            "cash": 2.3,
            "stock": 0.6,
            "eps": 3.9
        },
        "2006": {
            "cash": 3,
            "stock": 0.2,
            "eps": 4.52
        },
        "2007": {
            "cash": 3.85,
            "stock": 0.15,
            "eps": 5.55
        },
        "2008": {
            "cash": 3.6,
            "stock": 0.15,
            "eps": 4.83
        },
        "2009": {
            "cash": 2,
            "stock": 0.1,
            "eps": 4.33
        },
        "2010": {
            "cash": 3.1,
            "stock": 0.01,
            "eps": 5.71
        },
        "2011": {
            "cash": 3.65,
            "stock": 0,
            "eps": -2.54
        },
        "2012": {
            "cash": 0,
            "stock": 0,
            "eps": -1.07
        },
        "2013": {
            "cash": 0,
            "stock": 0,
            "eps": -7.54
        },
        "2014": {
            "cash": 0,
            "stock": 0,
            "eps": 0.66
        },
        "2015": {
            "cash": 0,
            "stock": 0,
            "eps": 0.2
        },
        "2016": {
            "cash": 0.5,
            "stock": 0,
            "eps": -1.61
        },
        "2017": {
            "cash": 0.5,
            "stock": 0,
            "eps": 0.93
        },
        "2018": {
            "cash": 0.7,
            "stock": 0,
            "eps": 1
        },
        "2019": {
            "cash": 0.77,
            "stock": 0,
            "eps": 0.86
        },
        "2020": {
            "cash": 0.78,
            "stock": 0,
            "eps": 2
        },
        "2021": {
            "cash": 1.5,
            "stock": 0,
            "eps": 3.64
        },
        "2022": {
            "cash": 2.28,
            "stock": 0,
            "eps": 1.66
        },
        "2023": {
            "cash": 1.5,
            "stock": 0,
            "eps": 0.17
        }
    },
    "dividends": {
        "1996-04-26": {
            "cash": 1,
            "stock": 2
        },
        "1997-06-25": {
            "cash": 0.5,
            "stock": 2
        },
        "1998-05-29": {
            "cash": 0.5,
            "stock": 2
        },
        "1999-05-28": {
            "cash": 1,
            "stock": 1
        },
        "2000-05-23": {
            "cash": 1.5,
            "stock": 1.5
        },
        "2002-06-19": {
            "cash": 1.01,
            "stock": 1.01
        },
        "2003-05-19": {
            "cash": 2,
            "stock": 1
        },
        "2004-03-30": {
            "cash": 2.5,
            "stock": 0.51
        },
        "2005-04-29": {
            "cash": 2.3,
            "stock": 0.6
        },
        "2006-04-28": {
            "cash": 3,
            "stock": 0.2
        },
        "2007-04-26": {
            "cash": 3.85,
            "stock": 0.15
        },
        "2008-04-23": {
            "cash": 3.6,
            "stock": 0.15
        },
        "2009-04-29": {
            "cash": 2,
            "stock": 0.1
        },
        "2010-04-29": {
            "cash": 3.1,
            "stock": 0.01
        },
        "2011-04-27": {
            "cash": 3.65,
            "stock": 0
        },
        "2016-08-18": {
            "cash": 0.5,
            "stock": 0
        },
        "2017-08-17": {
            "cash": 0.5,
            "stock": 0
        },
        "2018-08-09": {
            "cash": 0.7,
            "stock": 0
        },
        "2019-08-07": {
            "cash": 0.77,
            "stock": 0
        },
        "2020-08-06": {
            "cash": 0.78,
            "stock": 0
        },
        "2021-08-05": {
            "cash": 1.5,
            "stock": 0
        },
        "2022-08-04": {
            "cash": 2.28,
            "stock": 0
        },
        "2023-08-03": {
            "cash": 1.5,
            "stock": 0
        }
    },
    "prices": {
        "200101": "58.94",
        "200102": "72.68",
        "200103": "68.70",
        "200104": "65.45",
        "200105": "52.30",
        "200106": "51.26",
        "200107": "40.12",
        "200108": "40.19",
        "200109": "28.51",
        "200110": "24.96",
        "200111": "31.30",
        "200112": "41.64",
        "200201": "56.18",
        "200202": "53.44",
        "200203": "55.64",
        "200204": "50.70",
        "200205": "41.53",
        "200206": "38.89",
        "200207": "35.29",
        "200208": "33.00",
        "200209": "31.26",
        "200210": "29.58",
        "200211": "32.17",
        "200212": "34.07",
        "200301": "34.89",
        "200302": "32.45",
        "200303": "31.40",
        "200304": "33.01",
        "200305": "32.82",
        "200306": "40.23",
        "200307": "49.92",
        "200308": "50.62",
        "200309": "49.24",
        "200310": "49.00",
        "200311": "49.25",
        "200312": "50.33",
        "200401": "52.77",
        "200402": "52.52",
        "200403": "51.87",
        "200404": "50.85",
        "200405": "46.51",
        "200406": "46.60",
        "200407": "45.04",
        "200408": "45.64",
        "200409": "45.61",
        "200410": "48.48",
        "200411": "50.90",
        "200412": "51.78",
        "200501": "50.28",
        "200502": "50.44",
        "200503": "49.97",
        "200504": "51.26",
        "200505": "58.14",
        "200506": "61.22",
        "200507": "61.40",
        "200508": "61.10",
        "200509": "63.34",
        "200510": "71.10",
        "200511": "74.56",
        "200512": "79.84",
        "200601": "77.87",
        "200602": "72.30",
        "200603": "69.27",
        "200604": "61.13",
        "200605": "56.20",
        "200606": "53.52",
        "200607": "49.99",
        "200608": "44.66",
        "200609": "54.95",
        "200610": "58.16",
        "200611": "62.44",
        "200612": "67.20",
        "200701": "64.26",
        "200702": "61.35",
        "200703": "62.86",
        "200704": "64.26",
        "200705": "63.61",
        "200706": "63.90",
        "200707": "69.83",
        "200708": "62.61",
        "200709": "57.79",
        "200710": "66.07",
        "200711": "67.32",
        "200712": "62.77",
        "200801": "52.92",
        "200802": "53.68",
        "200803": "54.68",
        "200804": "62.30",
        "200805": "66.95",
        "200806": "62.65",
        "200807": "59.06",
        "200808": "63.57",
        "200809": "56.34",
        "200810": "46.89",
        "200811": "44.66",
        "200812": "42.89",
        "200901": "41.63",
        "200902": "45.17",
        "200903": "48.38",
        "200904": "58.65",
        "200905": "60.42",
        "200906": "58.61",
        "200907": "65.33",
        "200908": "69.56",
        "200909": "79.38",
        "200910": "81.43",
        "200911": "80.10",
        "200912": "88.22",
        "201001": "97.10",
        "201002": "89.45",
        "201003": "95.24",
        "201004": "89.70",
        "201005": "79.22",
        "201006": "78.80",
        "201007": "80.89",
        "201008": "82.68",
        "201009": "79.55",
        "201010": "81.38",
        "201011": "90.47",
        "201012": "93.42",
        "201101": "83.12",
        "201102": "74.26",
        "201103": "69.94",
        "201104": "53.62",
        "201105": "54.06",
        "201106": "49.75",
        "201107": "42.69",
        "201108": "33.41",
        "201109": "34.85",
        "201110": "35.08",
        "201111": "33.92",
        "201112": "34.19",
        "201201": "37.73",
        "201202": "43.23",
        "201203": "42.20",
        "201204": "36.63",
        "201205": "31.85",
        "201206": "31.02",
        "201207": "28.42",
        "201208": "26.54",
        "201209": "28.09",
        "201210": "26.50",
        "201211": "23.94",
        "201212": "25.17",
        "201301": "24.81",
        "201302": "25.59",
        "201303": "26.60",
        "201304": "24.27",
        "201305": "24.32",
        "201306": "22.53",
        "201307": "22.58",
        "201308": "20.24",
        "201309": "20.35",
        "201310": "19.53",
        "201311": "16.33",
        "201312": "17.10",
        "201401": "18.39",
        "201402": "18.05",
        "201403": "17.94",
        "201404": "18.87",
        "201405": "19.35",
        "201406": "21.55",
        "201407": "22.72",
        "201408": "24.64",
        "201409": "23.42",
        "201410": "20.94",
        "201411": "19.98",
        "201412": "21.00",
        "201501": "20.58",
        "201502": "20.28",
        "201503": "21.10",
        "201504": "20.16",
        "201505": "18.62",
        "201506": "15.99",
        "201507": "13.99",
        "201508": "11.97",
        "201509": "13.34",
        "201510": "13.93",
        "201511": "12.54",
        "201512": "11.75",
        "201601": "10.91",
        "201602": "11.63",
        "201603": "12.20",
        "201604": "12.05",
        "201605": "11.35",
        "201606": "14.73",
        "201607": "15.26",
        "201608": "14.66",
        "201609": "14.82",
        "201610": "14.44",
        "201611": "13.53",
        "201612": "13.29",
        "201701": "13.70",
        "201702": "14.73",
        "201703": "14.48",
        "201704": "14.20",
        "201705": "15.28",
        "201706": "16.08",
        "201707": "15.36",
        "201708": "14.85",
        "201709": "15.75",
        "201710": "15.68",
        "201711": "18.95",
        "201712": "21.39",
        "201801": "26.84",
        "201802": "25.05",
        "201803": "25.55",
        "201804": "22.96",
        "201805": "23.75",
        "201806": "25.90",
        "201807": "24.59",
        "201808": "24.61",
        "201809": "24.86",
        "201810": "22.59",
        "201811": "20.34",
        "201812": "19.50",
        "201901": "19.03",
        "201902": "19.95",
        "201903": "20.12",
        "201904": "20.86",
        "201905": "19.21",
        "201906": "19.24",
        "201907": "19.19",
        "201908": "17.21",
        "201909": "17.67",
        "201910": "17.74",
        "201911": "18.08",
        "201912": "18.02",
        "202001": "17.68",
        "202002": "16.82",
        "202003": "14.82",
        "202004": "15.86",
        "202005": "16.26",
        "202006": "17.52",
        "202007": "18.82",
        "202008": "22.73",
        "202009": "24.74",
        "202010": "24.54",
        "202011": "23.01",
        "202012": "23.80",
        "202101": "24.82",
        "202102": "26.52",
        "202103": "28.79",
        "202104": "33.44",
        "202105": "31.62",
        "202106": "31.31",
        "202107": "27.93",
        "202108": "25.77",
        "202109": "24.91",
        "202110": "25.32",
        "202111": "26.98",
        "202112": "29.70",
        "202201": "30.09",
        "202202": "29.20",
        "202203": "29.38",
        "202204": "28.19",
        "202205": "28.21",
        "202206": "27.01",
        "202207": "21.93",
        "202208": "22.16",
        "202209": "21.73",
        "202210": "21.96",
        "202211": "24.16",
        "202212": "23.43",
        "202301": "24.19",
        "202302": "25.38",
        "202303": "26.71",
        "202304": "29.23",
        "202305": "30.22",
        "202306": "33.06"
    },
    "quarters": {
        "20011": {
            "year_quarter": 20011,
            "year": 2001,
            "quarter": 1,
            "eps": 0.64,
            "eps_growth_year": -54.61,
            "eps_4q": 4.12,
            "eps_4q_growth_year": -0.54,
            "roe": 2.3,
            "roe_4q": 2.3,
            "gross_profit": 472112,
            "gross_margin": 10.75,
            "gross_margin_4q_avg": 10.75,
            "net_income": 133019,
            "revenue": 4392284,
            "common_shares": 2082872,
            "book_valuer_per_share": 26.77,
            "book_valuer_per_share_4q_avg": 26.77,
            "equity": 5576127,
            "current_ratio": 190.16,
            "debt_ratio": 46.76,
            "inventory_turnover_ratio": 2.46,
            "account_receivable_turnover_ratio": null,
            "reinvestment_rate": null,
            "research_to_sale_ratio": null,
            "price_fair": 0,
            "eps_avg_yearly": 0,
            "eps_latest_yearly": 0,
            "eps_growth_yearly": 0
        },
        "20012": {
            "year_quarter": 20012,
            "year": 2001,
            "quarter": 2,
            "eps": 0.68,
            "eps_growth_year": -44.72,
            "eps_4q": 3.03,
            "eps_4q_growth_year": -22.32,
            "roe": 3.18,
            "roe_4q": 5.48,
            "gross_profit": 439927,
            "gross_margin": 10.62,
            "gross_margin_4q_avg": 10.69,
            "net_income": 174551,
            "revenue": 4142324,
            "common_shares": 2082872,
            "book_valuer_per_share": 25.91,
            "book_valuer_per_share_4q_avg": 26.34,
            "equity": 5396140,
            "current_ratio": 185.02,
            "debt_ratio": 47.67,
            "inventory_turnover_ratio": 2.78,
            "account_receivable_turnover_ratio": null,
            "reinvestment_rate": null,
            "research_to_sale_ratio": null,
            "price_fair": 0,
            "eps_avg_yearly": 0,
            "eps_latest_yearly": 0,
            "eps_growth_yearly": 0
        },
        "20013": {
            "year_quarter": 20013,
            "year": 2001,
            "quarter": 3,
            "eps": 0.2,
            "eps_growth_year": -89.25,
            "eps_4q": 1.76,
            "eps_4q_growth_year": -65.32,
            "roe": 0.93,
            "roe_4q": 6.41,
            "gross_profit": 406539,
            "gross_margin": 8.14,
            "gross_margin_4q_avg": 9.84,
            "net_income": 50255,
            "revenue": 4993587,
            "common_shares": 2565780,
            "book_valuer_per_share": 21.25,
            "book_valuer_per_share_4q_avg": 24.64,
            "equity": 5452605,
            "current_ratio": 189.65,
            "debt_ratio": 47.54,
            "inventory_turnover_ratio": 3.32,
            "account_receivable_turnover_ratio": null,
            "reinvestment_rate": null,
            "research_to_sale_ratio": null,
            "price_fair": 0,
            "eps_avg_yearly": 0,
            "eps_latest_yearly": 0,
            "eps_growth_yearly": 0
        },
        "20014": {
            "year_quarter": 20014,
            "year": 2001,
            "quarter": 4,
            "eps": 0.31,
            "eps_growth_year": -24.39,
            "eps_4q": 1.71,
            "eps_4q_growth_year": -63.76,
            "roe": 0.23,
            "roe_4q": 6.64,
            "gross_profit": 430033,
            "gross_margin": 8.66,
            "gross_margin_4q_avg": 9.54,
            "net_income": 79125,
            "revenue": 4967076,
            "common_shares": 43261121,
            "book_valuer_per_share": 13.65,
            "book_valuer_per_share_4q_avg": 21.9,
            "equity": 64516650,
            "current_ratio": 148.09,
            "debt_ratio": 44.46,
            "inventory_turnover_ratio": 0.77,
            "account_receivable_turnover_ratio": null,
            "reinvestment_rate": null,
            "research_to_sale_ratio": null,
            "price_fair": 0,
            "eps_avg_yearly": 0,
            "eps_latest_yearly": 0,
            "eps_growth_yearly": 0
        },
        "20021": {
            "year_quarter": 20021,
            "year": 2002,
            "quarter": 1,
            "eps": 2.23,
            "eps_growth_year": 248.44,
            "eps_4q": 2.39,
            "eps_4q_growth_year": -41.91,
            "roe": 6.26,
            "roe_4q": 10.6,
            "gross_profit": 13852,
            "gross_margin": 0.26,
            "gross_margin_4q_avg": 6.92,
            "net_income": 4156338,
            "revenue": 5350564,
            "common_shares": 19102216,
            "book_valuer_per_share": 35.77,
            "book_valuer_per_share_4q_avg": 24.15,
            "equity": 68330161,
            "current_ratio": 198.82,
            "debt_ratio": 29.11,
            "inventory_turnover_ratio": 0.86,
            "account_receivable_turnover_ratio": null,
            "reinvestment_rate": null,
            "research_to_sale_ratio": null,
            "price_fair": 312.2,
            "eps_avg_yearly": 8.92,
            "eps_latest_yearly": 8.92,
            "eps_growth_yearly": 2477.42
        },
        "20022": {
            "year_quarter": 20022,
            "year": 2002,
            "quarter": 2,
            "eps": 0.17,
            "eps_growth_year": -75,
            "eps_4q": 2.36,
            "eps_4q_growth_year": -22.01,
            "roe": 0.49,
            "roe_4q": 7.91,
            "gross_profit": 257991,
            "gross_margin": 2.57,
            "gross_margin_4q_avg": 4.91,
            "net_income": 332632,
            "revenue": 10046265,
            "common_shares": 19102216,
            "book_valuer_per_share": 35,
            "book_valuer_per_share_4q_avg": 26.42,
            "equity": 66864191,
            "current_ratio": 188.46,
            "debt_ratio": 24.52,
            "inventory_turnover_ratio": 6.68,
            "account_receivable_turnover_ratio": null,
            "reinvestment_rate": null,
            "research_to_sale_ratio": null,
            "price_fair": 168,
            "eps_avg_yearly": 4.8,
            "eps_latest_yearly": 0.68,
            "eps_growth_yearly": 1053.96
        },
        "20023": {
            "year_quarter": 20023,
            "year": 2002,
            "quarter": 3,
            "eps": 0.27,
            "eps_growth_year": 35,
            "eps_4q": 2.63,
            "eps_4q_growth_year": 49.54,
            "roe": 0.79,
            "roe_4q": 7.7700000000000005,
            "gross_profit": 871203,
            "gross_margin": 8.34,
            "gross_margin_4q_avg": 4.96,
            "net_income": 522660,
            "revenue": 10451085,
            "common_shares": 21095081,
            "book_valuer_per_share": 30.93,
            "book_valuer_per_share_4q_avg": 28.84,
            "equity": 65253451,
            "current_ratio": 162.42,
            "debt_ratio": 24.75,
            "inventory_turnover_ratio": 7.72,
            "account_receivable_turnover_ratio": null,
            "reinvestment_rate": null,
            "research_to_sale_ratio": null,
            "price_fair": 124.6,
            "eps_avg_yearly": 3.56,
            "eps_latest_yearly": 1.08,
            "eps_growth_yearly": 781.07
        },
        "20024": {
            "year_quarter": 20024,
            "year": 2002,
            "quarter": 4,
            "eps": 1.88,
            "eps_growth_year": 506.45,
            "eps_4q": 4.47,
            "eps_4q_growth_year": 161.17,
            "roe": 5.47,
            "roe_4q": 13.01,
            "gross_profit": 916126,
            "gross_margin": 5.62,
            "gross_margin_4q_avg": 4.2,
            "net_income": 3636294,
            "revenue": 16289370,
            "common_shares": 20195081,
            "book_valuer_per_share": 32.87,
            "book_valuer_per_share_4q_avg": 33.64,
            "equity": 67758859,
            "current_ratio": 173.55,
            "debt_ratio": 38.29,
            "inventory_turnover_ratio": 3.68,
            "account_receivable_turnover_ratio": null,
            "reinvestment_rate": 130.9,
            "research_to_sale_ratio": null,
            "price_fair": 159.25,
            "eps_avg_yearly": 4.55,
            "eps_latest_yearly": 7.52,
            "eps_growth_yearly": 1182.1
        },
        "20031": {
            "year_quarter": 20031,
            "year": 2003,
            "quarter": 1,
            "eps": 0.35,
            "eps_growth_year": -84.3,
            "eps_4q": 2.73,
            "eps_4q_growth_year": 14.22,
            "roe": 0.98,
            "roe_4q": 7.7299999999999995,
            "gross_profit": 966042,
            "gross_margin": 7.44,
            "gross_margin_4q_avg": 5.99,
            "net_income": 659567,
            "revenue": 12985994,
            "common_shares": 19595081,
            "book_valuer_per_share": 34.01,
            "book_valuer_per_share_4q_avg": 33.2,
            "equity": 66643226,
            "current_ratio": 171.34,
            "debt_ratio": 25.85,
            "inventory_turnover_ratio": 3.05,
            "account_receivable_turnover_ratio": null,
            "reinvestment_rate": 49.17,
            "research_to_sale_ratio": null,
            "price_fair": 137.2,
            "eps_avg_yearly": 3.92,
            "eps_latest_yearly": 1.4,
            "eps_growth_yearly": 880.57
        },
        "20032": {
            "year_quarter": 20032,
            "year": 2003,
            "quarter": 2,
            "eps": 0.74,
            "eps_growth_year": 335.29,
            "eps_4q": 3.37,
            "eps_4q_growth_year": 42.6,
            "roe": 2.14,
            "roe_4q": 9.379999999999999,
            "gross_profit": 1037486,
            "gross_margin": 6.61,
            "gross_margin_4q_avg": 7,
            "net_income": 1357877,
            "revenue": 15706333,
            "common_shares": 18999803,
            "book_valuer_per_share": 31.76,
            "book_valuer_per_share_4q_avg": 32.39,
            "equity": 60338214,
            "current_ratio": 131.06,
            "debt_ratio": 29.78,
            "inventory_turnover_ratio": 10.35,
            "account_receivable_turnover_ratio": null,
            "reinvestment_rate": 42.9,
            "research_to_sale_ratio": null,
            "price_fair": 131.6,
            "eps_avg_yearly": 3.76,
            "eps_latest_yearly": 2.96,
            "eps_growth_yearly": 808.1
        },
        "20033": {
            "year_quarter": 20033,
            "year": 2003,
            "quarter": 3,
            "eps": 1.89,
            "eps_growth_year": 600,
            "eps_4q": 4.66,
            "eps_4q_growth_year": 77.25,
            "roe": 6.22,
            "roe_4q": 14.809999999999999,
            "gross_profit": 1117340,
            "gross_margin": 5.07,
            "gross_margin_4q_avg": 6.19,
            "net_income": 3855618,
            "revenue": 22021174,
            "common_shares": 21038332,
            "book_valuer_per_share": 30.28,
            "book_valuer_per_share_4q_avg": 32.23,
            "equity": 63702999,
            "current_ratio": 159.21,
            "debt_ratio": 30.15,
            "inventory_turnover_ratio": 12.45,
            "account_receivable_turnover_ratio": null,
            "reinvestment_rate": 32.55,
            "research_to_sale_ratio": null,
            "price_fair": 150.6,
            "eps_avg_yearly": 4.3,
            "eps_latest_yearly": 7.56,
            "eps_growth_yearly": 781.46
        },
        "20034": {
            "year_quarter": 20034,
            "year": 2003,
            "quarter": 4,
            "eps": 0.71,
            "eps_growth_year": -62.23,
            "eps_4q": 3.6,
            "eps_4q_growth_year": -19.39,
            "roe": 2.25,
            "roe_4q": 11.59,
            "gross_profit": 1168950,
            "gross_margin": 3.77,
            "gross_margin_4q_avg": 5.72,
            "net_income": 1440747,
            "revenue": 31004313,
            "common_shares": 20650877,
            "book_valuer_per_share": 30.51,
            "book_valuer_per_share_4q_avg": 31.64,
            "equity": 64487211,
            "current_ratio": 156.62,
            "debt_ratio": 45,
            "inventory_turnover_ratio": 5.64,
            "account_receivable_turnover_ratio": null,
            "reinvestment_rate": 78.17,
            "research_to_sale_ratio": null,
            "price_fair": 144.2,
            "eps_avg_yearly": 4.12,
            "eps_latest_yearly": 2.84,
            "eps_growth_yearly": 652.56
        },
        "20041": {
            "year_quarter": 20041,
            "year": 2004,
            "quarter": 1,
            "eps": 0.71,
            "eps_growth_year": 102.86,
            "eps_4q": 4.12,
            "eps_4q_growth_year": 50.56,
            "roe": 2.17,
            "roe_4q": 12.780000000000001,
            "gross_profit": 1267570,
            "gross_margin": 4.7,
            "gross_margin_4q_avg": 5.04,
            "net_income": 1387268,
            "revenue": 26979067,
            "common_shares": 20543268,
            "book_valuer_per_share": 30.93,
            "book_valuer_per_share_4q_avg": 30.87,
            "equity": 63543570,
            "current_ratio": 121.54,
            "debt_ratio": 30.26,
            "inventory_turnover_ratio": 4.86,
            "account_receivable_turnover_ratio": null,
            "reinvestment_rate": 22.41,
            "research_to_sale_ratio": null,
            "price_fair": 139.22,
            "eps_avg_yearly": 3.98,
            "eps_latest_yearly": 2.84,
            "eps_growth_yearly": 580.05
        },
        "20042": {
            "year_quarter": 20042,
            "year": 2004,
            "quarter": 2,
            "eps": 0.48,
            "eps_growth_year": -35.14,
            "eps_4q": 3.65,
            "eps_4q_growth_year": 8.34,
            "roe": 1.68,
            "roe_4q": 12.32,
            "gross_profit": 1245351,
            "gross_margin": 4.7,
            "gross_margin_4q_avg": 4.56,
            "net_income": 1013046,
            "revenue": 26476201,
            "common_shares": 20012934,
            "book_valuer_per_share": 28.64,
            "book_valuer_per_share_4q_avg": 30.09,
            "equity": 57314047,
            "current_ratio": 106.28,
            "debt_ratio": 36.83,
            "inventory_turnover_ratio": 11.09,
            "account_receivable_turnover_ratio": null,
            "reinvestment_rate": 21.31,
            "research_to_sale_ratio": null,
            "price_fair": 132.02,
            "eps_avg_yearly": 3.77,
            "eps_latest_yearly": 1.92,
            "eps_growth_yearly": 509.09
        },
        "20043": {
            "year_quarter": 20043,
            "year": 2004,
            "quarter": 3,
            "eps": 0.69,
            "eps_growth_year": -63.49,
            "eps_4q": 2.54,
            "eps_4q_growth_year": -45.48,
            "roe": 2.47,
            "roe_4q": 8.57,
            "gross_profit": 1439614,
            "gross_margin": 4.59,
            "gross_margin_4q_avg": 4.44,
            "net_income": 1431484,
            "revenue": 31333592,
            "common_shares": 20933677,
            "book_valuer_per_share": 28.1,
            "book_valuer_per_share_4q_avg": 29.55,
            "equity": 58826267,
            "current_ratio": 110.94,
            "debt_ratio": 38.44,
            "inventory_turnover_ratio": 12.18,
            "account_receivable_turnover_ratio": null,
            "reinvestment_rate": 19.41,
            "research_to_sale_ratio": null,
            "price_fair": 128.8,
            "eps_avg_yearly": 3.68,
            "eps_latest_yearly": 2.76,
            "eps_growth_yearly": 478.72
        },
        "20044": {
            "year_quarter": 20044,
            "year": 2004,
            "quarter": 4,
            "eps": 1.53,
            "eps_growth_year": 115.49,
            "eps_4q": 3.37,
            "eps_4q_growth_year": -6.4,
            "roe": 5.25,
            "roe_4q": 11.57,
            "gross_profit": 1727769,
            "gross_margin": 3.9,
            "gross_margin_4q_avg": 4.47,
            "net_income": 3179863,
            "revenue": 44319837,
            "common_shares": 20933677,
            "book_valuer_per_share": 28.99,
            "book_valuer_per_share_4q_avg": 29.17,
            "equity": 62217719,
            "current_ratio": 141.96,
            "debt_ratio": 50.01,
            "inventory_turnover_ratio": 5.64,
            "account_receivable_turnover_ratio": null,
            "reinvestment_rate": 54.03,
            "research_to_sale_ratio": null,
            "price_fair": 135.92,
            "eps_avg_yearly": 3.88,
            "eps_latest_yearly": 6.12,
            "eps_growth_yearly": 479.4
        },
        "20051": {
            "year_quarter": 20051,
            "year": 2005,
            "quarter": 1,
            "eps": 1.04,
            "eps_growth_year": 46.48,
            "eps_4q": 3.77,
            "eps_4q_growth_year": -8.48,
            "roe": 3.42,
            "roe_4q": 12.82,
            "gross_profit": 1766493,
            "gross_margin": 4.29,
            "gross_margin_4q_avg": 4.37,
            "net_income": 2145121,
            "revenue": 41131937,
            "common_shares": 20933677,
            "book_valuer_per_share": 30.12,
            "book_valuer_per_share_4q_avg": 28.96,
            "equity": 63056088,
            "current_ratio": 130.96,
            "debt_ratio": 34.27,
            "inventory_turnover_ratio": 5.22,
            "account_receivable_turnover_ratio": null,
            "reinvestment_rate": 13.38,
            "research_to_sale_ratio": null,
            "price_fair": 136.66,
            "eps_avg_yearly": 3.9,
            "eps_latest_yearly": 4.16,
            "eps_growth_yearly": 432.67
        },
        "20052": {
            "year_quarter": 20052,
            "year": 2005,
            "quarter": 2,
            "eps": 1.02,
            "eps_growth_year": 112.5,
            "eps_4q": 4.06,
            "eps_4q_growth_year": 11.42,
            "roe": 3.68,
            "roe_4q": 14.82,
            "gross_profit": 1808733,
            "gross_margin": 4.24,
            "gross_margin_4q_avg": 4.26,
            "net_income": 2264593,
            "revenue": 42652296,
            "common_shares": 20933677,
            "book_valuer_per_share": 28.61,
            "book_valuer_per_share_4q_avg": 28.96,
            "equity": 59887261,
            "current_ratio": 115.21,
            "debt_ratio": 45.09,
            "inventory_turnover_ratio": 14.39,
            "account_receivable_turnover_ratio": null,
            "reinvestment_rate": 12.29,
            "research_to_sale_ratio": null,
            "price_fair": 137.1,
            "eps_avg_yearly": 3.92,
            "eps_latest_yearly": 4.08,
            "eps_growth_yearly": 401.22
        },
        "20053": {
            "year_quarter": 20053,
            "year": 2005,
            "quarter": 3,
            "eps": 0.89,
            "eps_growth_year": 28.99,
            "eps_4q": 4.33,
            "eps_4q_growth_year": 70.23,
            "roe": 3.18,
            "roe_4q": 15.530000000000001,
            "gross_profit": 2295794,
            "gross_margin": 4.19,
            "gross_margin_4q_avg": 4.16,
            "net_income": 1965673,
            "revenue": 54789514,
            "common_shares": 22545186,
            "book_valuer_per_share": 28.23,
            "book_valuer_per_share_4q_avg": 28.99,
            "equity": 63654746,
            "current_ratio": 119.51,
            "debt_ratio": 49.26,
            "inventory_turnover_ratio": 13.21,
            "account_receivable_turnover_ratio": null,
            "reinvestment_rate": 11.6,
            "research_to_sale_ratio": null,
            "price_fair": 136.27,
            "eps_avg_yearly": 3.89,
            "eps_latest_yearly": 3.56,
            "eps_growth_yearly": 371.07
        },
        "20054": {
            "year_quarter": 20054,
            "year": 2005,
            "quarter": 4,
            "eps": 0.95,
            "eps_growth_year": -37.91,
            "eps_4q": 3.83,
            "eps_4q_growth_year": 13.56,
            "roe": 3.21,
            "roe_4q": 13.49,
            "gross_profit": 2443793,
            "gross_margin": 3.68,
            "gross_margin_4q_avg": 4.1,
            "net_income": 2102115,
            "revenue": 66384352,
            "common_shares": 22545187,
            "book_valuer_per_share": 29.18,
            "book_valuer_per_share_4q_avg": 29.04,
            "equity": 67249451,
            "current_ratio": 136.31,
            "debt_ratio": 60.8,
            "inventory_turnover_ratio": 3.87,
            "account_receivable_turnover_ratio": null,
            "reinvestment_rate": -24.06,
            "research_to_sale_ratio": null,
            "price_fair": 136.06,
            "eps_avg_yearly": 3.89,
            "eps_latest_yearly": 3.8,
            "eps_growth_yearly": 349.56
        },
        "20061": {
            "year_quarter": 20061,
            "year": 2006,
            "quarter": 1,
            "eps": 1.82,
            "eps_growth_year": 75,
            "eps_4q": 4.69,
            "eps_4q_growth_year": 24.4,
            "roe": 5.76,
            "roe_4q": 15.829999999999998,
            "gross_profit": 2284471,
            "gross_margin": 4.17,
            "gross_margin_4q_avg": 4.07,
            "net_income": 4021150,
            "revenue": 54802455,
            "common_shares": 22545187,
            "book_valuer_per_share": 32.15,
            "book_valuer_per_share_4q_avg": 29.54,
            "equity": 72484616,
            "current_ratio": 132.56,
            "debt_ratio": 47.89,
            "inventory_turnover_ratio": 3.05,
            "account_receivable_turnover_ratio": null,
            "reinvestment_rate": -6.32,
            "research_to_sale_ratio": null,
            "price_fair": 132.48,
            "eps_avg_yearly": 3.79,
            "eps_latest_yearly": 7.28,
            "eps_growth_yearly": 217.62
        },
        "20062": {
            "year_quarter": 20062,
            "year": 2006,
            "quarter": 2,
            "eps": 1.34,
            "eps_growth_year": 31.37,
            "eps_4q": 4.86,
            "eps_4q_growth_year": 19.55,
            "roe": 4.35,
            "roe_4q": 16.5,
            "gross_profit": 1638261,
            "gross_margin": 3.74,
            "gross_margin_4q_avg": 3.95,
            "net_income": 3081379,
            "revenue": 43832189,
            "common_shares": 22545187,
            "book_valuer_per_share": 30.65,
            "book_valuer_per_share_4q_avg": 30.05,
            "equity": 69111573,
            "current_ratio": 136.09,
            "debt_ratio": 42.51,
            "inventory_turnover_ratio": 7.68,
            "account_receivable_turnover_ratio": null,
            "reinvestment_rate": -13.83,
            "research_to_sale_ratio": null,
            "price_fair": 142.71,
            "eps_avg_yearly": 4.08,
            "eps_latest_yearly": 5.36,
            "eps_growth_yearly": 234.12
        },
        "20063": {
            "year_quarter": 20063,
            "year": 2006,
            "quarter": 3,
            "eps": 0.81,
            "eps_growth_year": -8.99,
            "eps_4q": 4.84,
            "eps_4q_growth_year": 11.85,
            "roe": 2.62,
            "roe_4q": 15.940000000000001,
            "gross_profit": 2469233,
            "gross_margin": 4.17,
            "gross_margin_4q_avg": 3.94,
            "net_income": 1850561,
            "revenue": 59181999,
            "common_shares": 23370637,
            "book_valuer_per_share": 30.83,
            "book_valuer_per_share_4q_avg": 30.7,
            "equity": 72041883,
            "current_ratio": 134.58,
            "debt_ratio": 43.55,
            "inventory_turnover_ratio": 11,
            "account_receivable_turnover_ratio": null,
            "reinvestment_rate": -14.92,
            "research_to_sale_ratio": null,
            "price_fair": 147.44,
            "eps_avg_yearly": 4.21,
            "eps_latest_yearly": 3.24,
            "eps_growth_yearly": 209.53
        },
        "20064": {
            "year_quarter": 20064,
            "year": 2006,
            "quarter": 4,
            "eps": 0.55,
            "eps_growth_year": -42.11,
            "eps_4q": 4.44,
            "eps_4q_growth_year": 15.95,
            "roe": 1.71,
            "roe_4q": 14.44,
            "gross_profit": 3049846,
            "gross_margin": 3.79,
            "gross_margin_4q_avg": 3.97,
            "net_income": 1265152,
            "revenue": 80382004,
            "common_shares": 23370637,
            "book_valuer_per_share": 31.68,
            "book_valuer_per_share_4q_avg": 31.33,
            "equity": 75555783,
            "current_ratio": 146.65,
            "debt_ratio": 59.92,
            "inventory_turnover_ratio": 5.05,
            "account_receivable_turnover_ratio": null,
            "reinvestment_rate": -25.47,
            "research_to_sale_ratio": null,
            "price_fair": 135.8,
            "eps_avg_yearly": 3.88,
            "eps_latest_yearly": 2.2,
            "eps_growth_yearly": 52.43
        },
        "20071": {
            "year_quarter": 20071,
            "year": 2007,
            "quarter": 1,
            "eps": 2.47,
            "eps_growth_year": 35.71,
            "eps_4q": 5.17,
            "eps_4q_growth_year": 10.39,
            "roe": 7.39,
            "roe_4q": 16.07,
            "gross_profit": 2506320,
            "gross_margin": 3.89,
            "gross_margin_4q_avg": 3.9,
            "net_income": 5662565,
            "revenue": 64446254,
            "common_shares": 23370637,
            "book_valuer_per_share": 33.23,
            "book_valuer_per_share_4q_avg": 31.6,
            "equity": 77661537,
            "current_ratio": 147.93,
            "debt_ratio": 43.27,
            "inventory_turnover_ratio": 3.57,
            "account_receivable_turnover_ratio": null,
            "reinvestment_rate": -13.2,
            "research_to_sale_ratio": null,
            "price_fair": 154.35,
            "eps_avg_yearly": 4.41,
            "eps_latest_yearly": 9.88,
            "eps_growth_yearly": 160.05
        },
        "20072": {
            "year_quarter": 20072,
            "year": 2007,
            "quarter": 2,
            "eps": 0.84,
            "eps_growth_year": -37.31,
            "eps_4q": 4.56,
            "eps_4q_growth_year": -6.14,
            "roe": 2.67,
            "roe_4q": 14.39,
            "gross_profit": 2409061,
            "gross_margin": 3.59,
            "gross_margin_4q_avg": 3.86,
            "net_income": 1982588,
            "revenue": 67196859,
            "common_shares": 23370637,
            "book_valuer_per_share": 30.21,
            "book_valuer_per_share_4q_avg": 31.49,
            "equity": 70601157,
            "current_ratio": 125.1,
            "debt_ratio": 52.18,
            "inventory_turnover_ratio": 5.05,
            "account_receivable_turnover_ratio": null,
            "reinvestment_rate": -11.41,
            "research_to_sale_ratio": null,
            "price_fair": 155.23,
            "eps_avg_yearly": 4.44,
            "eps_latest_yearly": 3.36,
            "eps_growth_yearly": 115.69
        },
        "20073": {
            "year_quarter": 20073,
            "year": 2007,
            "quarter": 3,
            "eps": 1.23,
            "eps_growth_year": 51.85,
            "eps_4q": 4.99,
            "eps_4q_growth_year": 3.07,
            "roe": 4.06,
            "roe_4q": 15.829999999999998,
            "gross_profit": 3307431,
            "gross_margin": 3.76,
            "gross_margin_4q_avg": 3.76,
            "net_income": 2916662,
            "revenue": 87931250,
            "common_shares": 24054904,
            "book_valuer_per_share": 30.42,
            "book_valuer_per_share_4q_avg": 31.39,
            "equity": 73167279,
            "current_ratio": 124.94,
            "debt_ratio": 52.86,
            "inventory_turnover_ratio": 5.09,
            "account_receivable_turnover_ratio": null,
            "reinvestment_rate": -11.46,
            "research_to_sale_ratio": null,
            "price_fair": 149.45,
            "eps_avg_yearly": 4.27,
            "eps_latest_yearly": 4.92,
            "eps_growth_yearly": 88.45
        },
        "20074": {
            "year_quarter": 20074,
            "year": 2007,
            "quarter": 4,
            "eps": 1.01,
            "eps_growth_year": 83.64,
            "eps_4q": 5.46,
            "eps_4q_growth_year": 22.92,
            "roe": 3.18,
            "roe_4q": 17.3,
            "gross_profit": 3827275,
            "gross_margin": 3.84,
            "gross_margin_4q_avg": 3.77,
            "net_income": 2397118,
            "revenue": 99595829,
            "common_shares": 24054904,
            "book_valuer_per_share": 31.93,
            "book_valuer_per_share_4q_avg": 31.45,
            "equity": 77408994,
            "current_ratio": 134.15,
            "debt_ratio": 68.18,
            "inventory_turnover_ratio": 3.82,
            "account_receivable_turnover_ratio": null,
            "reinvestment_rate": -14.5,
            "research_to_sale_ratio": null,
            "price_fair": 152.08,
            "eps_avg_yearly": 4.35,
            "eps_latest_yearly": 4.04,
            "eps_growth_yearly": 99.58
        },
        "20081": {
            "year_quarter": 20081,
            "year": 2008,
            "quarter": 1,
            "eps": 1.25,
            "eps_growth_year": -49.39,
            "eps_4q": 4.34,
            "eps_4q_growth_year": -16.12,
            "roe": 3.84,
            "roe_4q": 13.749999999999998,
            "gross_profit": 13464815,
            "gross_margin": 10.57,
            "gross_margin_4q_avg": 5.44,
            "net_income": 2952279,
            "revenue": 127376081,
            "common_shares": 24054904,
            "book_valuer_per_share": 31.35,
            "book_valuer_per_share_4q_avg": 30.98,
            "equity": 76390575,
            "current_ratio": 132,
            "debt_ratio": 67.85,
            "inventory_turnover_ratio": 3.2,
            "account_receivable_turnover_ratio": null,
            "reinvestment_rate": 7.33,
            "research_to_sale_ratio": null,
            "price_fair": 156.8,
            "eps_avg_yearly": 4.48,
            "eps_latest_yearly": 5,
            "eps_growth_yearly": 105.53
        },
        "20082": {
            "year_quarter": 20082,
            "year": 2008,
            "quarter": 2,
            "eps": 1.21,
            "eps_growth_year": 44.05,
            "eps_4q": 4.66,
            "eps_4q_growth_year": 2.23,
            "roe": 3.99,
            "roe_4q": 15.07,
            "gross_profit": 13445082,
            "gross_margin": 10.77,
            "gross_margin_4q_avg": 7.24,
            "net_income": 2907627,
            "revenue": 124790529,
            "common_shares": 24054904,
            "book_valuer_per_share": 28.61,
            "book_valuer_per_share_4q_avg": 30.58,
            "equity": 69361715,
            "current_ratio": 122.29,
            "debt_ratio": 71.27,
            "inventory_turnover_ratio": 2.57,
            "account_receivable_turnover_ratio": null,
            "reinvestment_rate": 6.32,
            "research_to_sale_ratio": null,
            "price_fair": 163.19,
            "eps_avg_yearly": 4.66,
            "eps_latest_yearly": 4.84,
            "eps_growth_yearly": 112.82
        },
        "20083": {
            "year_quarter": 20083,
            "year": 2008,
            "quarter": 3,
            "eps": 1.24,
            "eps_growth_year": 0.81,
            "eps_4q": 4.58,
            "eps_4q_growth_year": -8.26,
            "roe": 4.09,
            "roe_4q": 15.1,
            "gross_profit": 16064650,
            "gross_margin": 10.09,
            "gross_margin_4q_avg": 8.82,
            "net_income": 3069452,
            "revenue": 159163207,
            "common_shares": 26427316,
            "book_valuer_per_share": 30.38,
            "book_valuer_per_share_4q_avg": 30.57,
            "equity": 80867629,
            "current_ratio": 122.17,
            "debt_ratio": 71,
            "inventory_turnover_ratio": 3.05,
            "account_receivable_turnover_ratio": null,
            "reinvestment_rate": 10.39,
            "research_to_sale_ratio": null,
            "price_fair": 168,
            "eps_avg_yearly": 4.8,
            "eps_latest_yearly": 4.96,
            "eps_growth_yearly": 102.51
        },
        "20084": {
            "year_quarter": 20084,
            "year": 2008,
            "quarter": 4,
            "eps": 1.13,
            "eps_growth_year": 11.88,
            "eps_4q": 4.73,
            "eps_4q_growth_year": -13.45,
            "roe": 3.43,
            "roe_4q": 15.35,
            "gross_profit": 14311113,
            "gross_margin": 10.61,
            "gross_margin_4q_avg": 10.51,
            "net_income": 2807766,
            "revenue": 134944298,
            "common_shares": 26428560,
            "book_valuer_per_share": 31.15,
            "book_valuer_per_share_4q_avg": 30.37,
            "equity": 82877615,
            "current_ratio": 124.83,
            "debt_ratio": 65.96,
            "inventory_turnover_ratio": 2.85,
            "account_receivable_turnover_ratio": 2.48,
            "reinvestment_rate": -9.47,
            "research_to_sale_ratio": null,
            "price_fair": 164.5,
            "eps_avg_yearly": 4.7,
            "eps_latest_yearly": 4.52,
            "eps_growth_yearly": 69.85
        },
        "20091": {
            "year_quarter": 20091,
            "year": 2009,
            "quarter": 1,
            "eps": 0.78,
            "eps_growth_year": -37.6,
            "eps_4q": 4.16,
            "eps_4q_growth_year": -4.02,
            "roe": 2.4,
            "roe_4q": 13.91,
            "gross_profit": 11918367,
            "gross_margin": 10.01,
            "gross_margin_4q_avg": 10.37,
            "net_income": 2025671,
            "revenue": 119086448,
            "common_shares": 26428560,
            "book_valuer_per_share": 32.41,
            "book_valuer_per_share_4q_avg": 30.64,
            "equity": 86242082,
            "current_ratio": 122.75,
            "debt_ratio": 66.91,
            "inventory_turnover_ratio": 2.91,
            "account_receivable_turnover_ratio": 1.15,
            "reinvestment_rate": 11.77,
            "research_to_sale_ratio": null,
            "price_fair": 162.23,
            "eps_avg_yearly": 4.64,
            "eps_latest_yearly": 3.12,
            "eps_growth_yearly": 70.12
        },
        "20092": {
            "year_quarter": 20092,
            "year": 2009,
            "quarter": 2,
            "eps": 0.89,
            "eps_growth_year": -26.45,
            "eps_4q": 3.89,
            "eps_4q_growth_year": -16.6,
            "roe": 2.74,
            "roe_4q": 12.66,
            "gross_profit": 12565378,
            "gross_margin": 10.55,
            "gross_margin_4q_avg": 10.32,
            "net_income": 2340349,
            "revenue": 119082535,
            "common_shares": 26429830,
            "book_valuer_per_share": 31.89,
            "book_valuer_per_share_4q_avg": 31.46,
            "equity": 84839580,
            "current_ratio": 127.55,
            "debt_ratio": 67.97,
            "inventory_turnover_ratio": 2.64,
            "account_receivable_turnover_ratio": 1.21,
            "reinvestment_rate": 11.64,
            "research_to_sale_ratio": null,
            "price_fair": 161.09,
            "eps_avg_yearly": 4.6,
            "eps_latest_yearly": 3.56,
            "eps_growth_yearly": 74.12
        },
        "20093": {
            "year_quarter": 20093,
            "year": 2009,
            "quarter": 3,
            "eps": 1.32,
            "eps_growth_year": 6.45,
            "eps_4q": 4.05,
            "eps_4q_growth_year": -11.46,
            "roe": 3.97,
            "roe_4q": 12.540000000000001,
            "gross_profit": 16721858,
            "gross_margin": 9.98,
            "gross_margin_4q_avg": 10.29,
            "net_income": 3469821,
            "revenue": 167616964,
            "common_shares": 26856466,
            "book_valuer_per_share": 33.37,
            "book_valuer_per_share_4q_avg": 32.21,
            "equity": 90168755,
            "current_ratio": 126.18,
            "debt_ratio": 69.85,
            "inventory_turnover_ratio": 3.03,
            "account_receivable_turnover_ratio": 1.48,
            "reinvestment_rate": 11.35,
            "research_to_sale_ratio": null,
            "price_fair": 164.85,
            "eps_avg_yearly": 4.71,
            "eps_latest_yearly": 5.28,
            "eps_growth_yearly": 89.39
        },
        "20094": {
            "year_quarter": 20094,
            "year": 2009,
            "quarter": 4,
            "eps": 1.34,
            "eps_growth_year": 18.58,
            "eps_4q": 4.3,
            "eps_4q_growth_year": -9.05,
            "roe": 3.84,
            "roe_4q": 12.950000000000001,
            "gross_profit": 17122257,
            "gross_margin": 10.18,
            "gross_margin_4q_avg": 10.18,
            "net_income": 3517019,
            "revenue": 168196597,
            "common_shares": 26882283,
            "book_valuer_per_share": 34.98,
            "book_valuer_per_share_4q_avg": 33.16,
            "equity": 92877662,
            "current_ratio": 129.06,
            "debt_ratio": 68.09,
            "inventory_turnover_ratio": 2.91,
            "account_receivable_turnover_ratio": 2.99,
            "reinvestment_rate": 17.47,
            "research_to_sale_ratio": null,
            "price_fair": 168.26,
            "eps_avg_yearly": 4.81,
            "eps_latest_yearly": 5.36,
            "eps_growth_yearly": 88.08
        },
        "20101": {
            "year_quarter": 20101,
            "year": 2010,
            "quarter": 1,
            "eps": 1.25,
            "eps_growth_year": 60.26,
            "eps_4q": 4.78,
            "eps_4q_growth_year": 14.73,
            "roe": 3.51,
            "roe_4q": 14.06,
            "gross_profit": 15713786,
            "gross_margin": 9.69,
            "gross_margin_4q_avg": 10.1,
            "net_income": 3294554,
            "revenue": 162129895,
            "common_shares": 26882283,
            "book_valuer_per_share": 35.74,
            "book_valuer_per_share_4q_avg": 34,
            "equity": 94867032,
            "current_ratio": 132.63,
            "debt_ratio": 66.21,
            "inventory_turnover_ratio": 2.85,
            "account_receivable_turnover_ratio": 1.41,
            "reinvestment_rate": 28.42,
            "research_to_sale_ratio": 0.17,
            "price_fair": 163.28,
            "eps_avg_yearly": 4.67,
            "eps_latest_yearly": 5,
            "eps_growth_yearly": 63.51
        },
        "20102": {
            "year_quarter": 20102,
            "year": 2010,
            "quarter": 2,
            "eps": 1.37,
            "eps_growth_year": 53.88,
            "eps_4q": 5.25,
            "eps_4q_growth_year": 35.12,
            "roe": 3.95,
            "roe_4q": 15.270000000000001,
            "gross_profit": 15048315,
            "gross_margin": 10.01,
            "gross_margin_4q_avg": 9.97,
            "net_income": 3626216,
            "revenue": 150262487,
            "common_shares": 26891821,
            "book_valuer_per_share": 33.44,
            "book_valuer_per_share_4q_avg": 34.38,
            "equity": 88816290,
            "current_ratio": 126.79,
            "debt_ratio": 68.27,
            "inventory_turnover_ratio": 2.41,
            "account_receivable_turnover_ratio": 1.25,
            "reinvestment_rate": 32.28,
            "research_to_sale_ratio": 0.2,
            "price_fair": 163.54,
            "eps_avg_yearly": 4.67,
            "eps_latest_yearly": 5.48,
            "eps_growth_yearly": 72.5
        },
        "20103": {
            "year_quarter": 20103,
            "year": 2010,
            "quarter": 3,
            "eps": 1.62,
            "eps_growth_year": 22.98,
            "eps_4q": 5.57,
            "eps_4q_growth_year": 37.38,
            "roe": 4.7,
            "roe_4q": 16,
            "gross_profit": 16742120,
            "gross_margin": 9.99,
            "gross_margin_4q_avg": 9.97,
            "net_income": 4297242,
            "revenue": 167552470,
            "common_shares": 26947413,
            "book_valuer_per_share": 35.31,
            "book_valuer_per_share_4q_avg": 34.87,
            "equity": 93910187,
            "current_ratio": 135.59,
            "debt_ratio": 70,
            "inventory_turnover_ratio": 2.57,
            "account_receivable_turnover_ratio": 1.24,
            "reinvestment_rate": 31.5,
            "research_to_sale_ratio": 0.19,
            "price_fair": 170.63,
            "eps_avg_yearly": 4.88,
            "eps_latest_yearly": 6.48,
            "eps_growth_yearly": 86.95
        },
        "20104": {
            "year_quarter": 20104,
            "year": 2010,
            "quarter": 4,
            "eps": 1.47,
            "eps_growth_year": 9.56,
            "eps_4q": 5.69,
            "eps_4q_growth_year": 32.45,
            "roe": 4.15,
            "roe_4q": 16.310000000000002,
            "gross_profit": 16977047,
            "gross_margin": 11.39,
            "gross_margin_4q_avg": 10.27,
            "net_income": 3900128,
            "revenue": 149114121,
            "common_shares": 27001793,
            "book_valuer_per_share": 35.32,
            "book_valuer_per_share_4q_avg": 34.95,
            "equity": 94108374,
            "current_ratio": 138.88,
            "debt_ratio": 66.45,
            "inventory_turnover_ratio": 2.69,
            "account_receivable_turnover_ratio": 1.19,
            "reinvestment_rate": 13.65,
            "research_to_sale_ratio": 0.21,
            "price_fair": 178.68,
            "eps_avg_yearly": 5.11,
            "eps_latest_yearly": 5.88,
            "eps_growth_yearly": 92.66
        },
        "20111": {
            "year_quarter": 20111,
            "year": 2011,
            "quarter": 1,
            "eps": 0.45,
            "eps_growth_year": -64,
            "eps_4q": 4.89,
            "eps_4q_growth_year": 2.27,
            "roe": 1.24,
            "roe_4q": 14.04,
            "gross_profit": 13212704,
            "gross_margin": 10.34,
            "gross_margin_4q_avg": 10.43,
            "net_income": 1184994,
            "revenue": 127798935,
            "common_shares": 27001793,
            "book_valuer_per_share": 36.3,
            "book_valuer_per_share_4q_avg": 35.09,
            "equity": 96809713,
            "current_ratio": 145.26,
            "debt_ratio": 63.92,
            "inventory_turnover_ratio": 2.89,
            "account_receivable_turnover_ratio": 1.21,
            "reinvestment_rate": 25.75,
            "research_to_sale_ratio": 0.31,
            "price_fair": 13.8,
            "eps_avg_yearly": 4.6,
            "eps_latest_yearly": 1.8,
            "eps_growth_yearly": -11.96
        },
        "20112": {
            "year_quarter": 20112,
            "year": 2011,
            "quarter": 2,
            "eps": -2.61,
            "eps_growth_year": -290.57,
            "eps_4q": 1,
            "eps_4q_growth_year": -81.02,
            "roe": -7.82,
            "roe_4q": 2.2700000000000005,
            "gross_profit": 3161310,
            "gross_margin": 3.1,
            "gross_margin_4q_avg": 8.71,
            "net_income": -6788597,
            "revenue": 102090558,
            "common_shares": 27036055,
            "book_valuer_per_share": 29.41,
            "book_valuer_per_share_4q_avg": 34.09,
            "equity": 76850286,
            "current_ratio": 125.26,
            "debt_ratio": 69.63,
            "inventory_turnover_ratio": 2.43,
            "account_receivable_turnover_ratio": 1.03,
            "reinvestment_rate": 29.03,
            "research_to_sale_ratio": 0.36,
            "price_fair": 69.5,
            "eps_avg_yearly": 4.68,
            "eps_latest_yearly": 1.8,
            "eps_growth_yearly": 4.84
        },
        "20113": {
            "year_quarter": 20113,
            "year": 2011,
            "quarter": 3,
            "eps": -0.42,
            "eps_growth_year": -125.77,
            "eps_4q": -1.07,
            "eps_4q_growth_year": -119.26,
            "roe": -1.42,
            "roe_4q": -3.8499999999999996,
            "gross_profit": 10562368,
            "gross_margin": 8.96,
            "gross_margin_4q_avg": 8.45,
            "net_income": -1092525,
            "revenue": 117890897,
            "common_shares": 27036055,
            "book_valuer_per_share": 29.56,
            "book_valuer_per_share_4q_avg": 32.65,
            "equity": 77406849,
            "current_ratio": 128.85,
            "debt_ratio": 67.54,
            "inventory_turnover_ratio": 2.58,
            "account_receivable_turnover_ratio": 1.35,
            "reinvestment_rate": 30.41,
            "research_to_sale_ratio": 0.3,
            "price_fair": 14,
            "eps_avg_yearly": 4.67,
            "eps_latest_yearly": 1.8,
            "eps_growth_yearly": -8.08
        },
        "20114": {
            "year_quarter": 20114,
            "year": 2011,
            "quarter": 4,
            "eps": 0.04,
            "eps_growth_year": -97.53,
            "eps_4q": -2.53,
            "eps_4q_growth_year": -144.47,
            "roe": 0.12,
            "roe_4q": -7.880000000000001,
            "gross_profit": 11670216,
            "gross_margin": 9.15,
            "gross_margin_4q_avg": 7.89,
            "net_income": 94221,
            "revenue": 127561601,
            "common_shares": 27098915,
            "book_valuer_per_share": 29.05,
            "book_valuer_per_share_4q_avg": 31.08,
            "equity": 75751615,
            "current_ratio": 134.03,
            "debt_ratio": 69.49,
            "inventory_turnover_ratio": 2.89,
            "account_receivable_turnover_ratio": 1.49,
            "reinvestment_rate": 6.08,
            "research_to_sale_ratio": 0.04,
            "price_fair": 14.14,
            "eps_avg_yearly": 4.71,
            "eps_latest_yearly": 1.8,
            "eps_growth_yearly": -3.2
        },
        "20121": {
            "year_quarter": 20121,
            "year": 2012,
            "quarter": 1,
            "eps": 0.12,
            "eps_growth_year": -73.33,
            "eps_4q": -2.72,
            "eps_4q_growth_year": -155.74,
            "roe": 0.43,
            "roe_4q": -8.69,
            "gross_profit": 10606628,
            "gross_margin": 9.38,
            "gross_margin_4q_avg": 7.65,
            "net_income": 331010,
            "revenue": 113038630,
            "common_shares": 28320697,
            "book_valuer_per_share": 29.23,
            "book_valuer_per_share_4q_avg": 29.31,
            "equity": 79853346,
            "current_ratio": 131.06,
            "debt_ratio": 68.31,
            "inventory_turnover_ratio": 2.46,
            "account_receivable_turnover_ratio": 1.41,
            "reinvestment_rate": 10.91,
            "research_to_sale_ratio": 0.56,
            "price_fair": 152.82,
            "eps_avg_yearly": 4.37,
            "eps_latest_yearly": 0.48,
            "eps_growth_yearly": 51.03
        },
        "20122": {
            "year_quarter": 20122,
            "year": 2012,
            "quarter": 2,
            "eps": 0.02,
            "eps_growth_year": null,
            "eps_4q": -0.22,
            "eps_4q_growth_year": -122.43,
            "roe": 0.07,
            "roe_4q": -0.7999999999999999,
            "gross_profit": 11229548,
            "gross_margin": 10.16,
            "gross_margin_4q_avg": 9.41,
            "net_income": 54734,
            "revenue": 110545490,
            "common_shares": 28347268,
            "book_valuer_per_share": 29.38,
            "book_valuer_per_share_4q_avg": 29.31,
            "equity": 80278370,
            "current_ratio": 129.59,
            "debt_ratio": 68.67,
            "inventory_turnover_ratio": 2.14,
            "account_receivable_turnover_ratio": 1.33,
            "reinvestment_rate": 13.54,
            "research_to_sale_ratio": 0.75,
            "price_fair": 140,
            "eps_avg_yearly": 4,
            "eps_latest_yearly": 0.08,
            "eps_growth_yearly": 26.37
        },
        "20123": {
            "year_quarter": 20123,
            "year": 2012,
            "quarter": 3,
            "eps": 0.03,
            "eps_growth_year": null,
            "eps_4q": 0.2,
            "eps_4q_growth_year": null,
            "roe": 0.08,
            "roe_4q": 0.7000000000000001,
            "gross_profit": 10750766,
            "gross_margin": 10.3,
            "gross_margin_4q_avg": 9.75,
            "net_income": 66908,
            "revenue": 104408254,
            "common_shares": 28347268,
            "book_valuer_per_share": 28.83,
            "book_valuer_per_share_4q_avg": 29.12,
            "equity": 78491906,
            "current_ratio": 126.1,
            "debt_ratio": 66.34,
            "inventory_turnover_ratio": 1.92,
            "account_receivable_turnover_ratio": 1.23,
            "reinvestment_rate": 6.06,
            "research_to_sale_ratio": 0.67,
            "price_fair": 126.97,
            "eps_avg_yearly": 3.63,
            "eps_latest_yearly": 0.12,
            "eps_growth_yearly": 41
        },
        "20124": {
            "year_quarter": 20124,
            "year": 2012,
            "quarter": 4,
            "eps": -1.24,
            "eps_growth_year": -3511.5,
            "eps_4q": -1.07,
            "eps_4q_growth_year": null,
            "roe": -4.38,
            "roe_4q": -3.7999999999999994,
            "gross_profit": 10608802,
            "gross_margin": 10.45,
            "gross_margin_4q_avg": 10.07,
            "net_income": -3362841,
            "revenue": 101518539,
            "common_shares": 28347268,
            "book_valuer_per_share": 27.56,
            "book_valuer_per_share_4q_avg": 28.75,
            "equity": 75032151,
            "current_ratio": 119.45,
            "debt_ratio": 66.9,
            "inventory_turnover_ratio": 1.99,
            "account_receivable_turnover_ratio": 1.35,
            "reinvestment_rate": 4.04,
            "research_to_sale_ratio": 0.69,
            "price_fair": 124.37,
            "eps_avg_yearly": 3.55,
            "eps_latest_yearly": 0.12,
            "eps_growth_yearly": 47.37
        },
        "20131": {
            "year_quarter": 20131,
            "year": 2013,
            "quarter": 1,
            "eps": 0.19,
            "eps_growth_year": 58.33,
            "eps_4q": -1,
            "eps_4q_growth_year": null,
            "roe": 0.68,
            "roe_4q": -3.55,
            "gross_profit": 7832337,
            "gross_margin": 8.52,
            "gross_margin_4q_avg": 9.86,
            "net_income": 514570,
            "revenue": 91972997,
            "common_shares": 28347268,
            "book_valuer_per_share": 28.17,
            "book_valuer_per_share_4q_avg": 28.49,
            "equity": 76695609,
            "current_ratio": 130.87,
            "debt_ratio": 65.05,
            "inventory_turnover_ratio": 2.02,
            "account_receivable_turnover_ratio": 1.36,
            "reinvestment_rate": 5.58,
            "research_to_sale_ratio": 0.81,
            "price_fair": 125.75,
            "eps_avg_yearly": 3.59,
            "eps_latest_yearly": 0.12,
            "eps_growth_yearly": 62.94
        },
        "20132": {
            "year_quarter": 20132,
            "year": 2013,
            "quarter": 2,
            "eps": -0.13,
            "eps_growth_year": -734.95,
            "eps_4q": -1.15,
            "eps_4q_growth_year": null,
            "roe": -0.45,
            "roe_4q": -4.069999999999999,
            "gross_profit": 7478178,
            "gross_margin": 8.37,
            "gross_margin_4q_avg": 9.41,
            "net_income": -343454,
            "revenue": 89377739,
            "common_shares": 28347268,
            "book_valuer_per_share": 28.18,
            "book_valuer_per_share_4q_avg": 28.19,
            "equity": 76731232,
            "current_ratio": 133.88,
            "debt_ratio": 67.08,
            "inventory_turnover_ratio": 1.82,
            "account_receivable_turnover_ratio": 1.34,
            "reinvestment_rate": 4.29,
            "research_to_sale_ratio": 0.82,
            "price_fair": 125.86,
            "eps_avg_yearly": 3.6,
            "eps_latest_yearly": 0.12,
            "eps_growth_yearly": 63.59
        },
        "20133": {
            "year_quarter": 20133,
            "year": 2013,
            "quarter": 3,
            "eps": -4.82,
            "eps_growth_year": -19351.51,
            "eps_4q": -5.99,
            "eps_4q_growth_year": -3068.26,
            "roe": -18.8,
            "roe_4q": -22.95,
            "gross_profit": 6273314,
            "gross_margin": 6.81,
            "gross_margin_4q_avg": 8.54,
            "net_income": -13119642,
            "revenue": 92145560,
            "common_shares": 28347268,
            "book_valuer_per_share": 23.09,
            "book_valuer_per_share_4q_avg": 26.75,
            "equity": 62870357,
            "current_ratio": 137.47,
            "debt_ratio": 67.57,
            "inventory_turnover_ratio": 1.86,
            "account_receivable_turnover_ratio": 1.4,
            "reinvestment_rate": null,
            "research_to_sale_ratio": 0.82,
            "price_fair": 119.31,
            "eps_avg_yearly": 3.41,
            "eps_latest_yearly": 0.12,
            "eps_growth_yearly": 49.19
        },
        "20134": {
            "year_quarter": 20134,
            "year": 2013,
            "quarter": 4,
            "eps": -2.78,
            "eps_growth_year": null,
            "eps_4q": -7.54,
            "eps_4q_growth_year": null,
            "roe": -12.71,
            "roe_4q": -31.28,
            "gross_profit": 966437,
            "gross_margin": 1.12,
            "gross_margin_4q_avg": 6.21,
            "net_income": -7570823,
            "revenue": 86635746,
            "common_shares": 28347268,
            "book_valuer_per_share": 20.66,
            "book_valuer_per_share_4q_avg": 25.03,
            "equity": 56251370,
            "current_ratio": 129.38,
            "debt_ratio": 70.47,
            "inventory_turnover_ratio": 2.21,
            "account_receivable_turnover_ratio": 1.37,
            "reinvestment_rate": null,
            "research_to_sale_ratio": 0.99,
            "price_fair": 110.78,
            "eps_avg_yearly": 3.17,
            "eps_latest_yearly": 0.12,
            "eps_growth_yearly": 54.58
        },
        "20141": {
            "year_quarter": 20141,
            "year": 2014,
            "quarter": 1,
            "eps": 0,
            "eps_growth_year": -100,
            "eps_4q": -7.73,
            "eps_4q_growth_year": null,
            "roe": 0,
            "roe_4q": -31.96,
            "gross_profit": 6374423,
            "gross_margin": 8.31,
            "gross_margin_4q_avg": 6.15,
            "net_income": 1127,
            "revenue": 76724224,
            "common_shares": 28347268,
            "book_valuer_per_share": 21.18,
            "book_valuer_per_share_4q_avg": 23.28,
            "equity": 57650516,
            "current_ratio": 133.15,
            "debt_ratio": 68.24,
            "inventory_turnover_ratio": 2.21,
            "account_receivable_turnover_ratio": 1.25,
            "reinvestment_rate": null,
            "research_to_sale_ratio": 0.88,
            "price_fair": 101.6,
            "eps_avg_yearly": 2.9,
            "eps_latest_yearly": 0.12,
            "eps_growth_yearly": 66.21
        },
        "20142": {
            "year_quarter": 20142,
            "year": 2014,
            "quarter": 2,
            "eps": 0.18,
            "eps_growth_year": null,
            "eps_4q": -7.42,
            "eps_4q_growth_year": null,
            "roe": 0.84,
            "roe_4q": -30.67,
            "gross_profit": 7527558,
            "gross_margin": 9.25,
            "gross_margin_4q_avg": 6.37,
            "net_income": 484699,
            "revenue": 81336578,
            "common_shares": 27791078,
            "book_valuer_per_share": 20.96,
            "book_valuer_per_share_4q_avg": 21.47,
            "equity": 57069830,
            "current_ratio": 131.14,
            "debt_ratio": 69.61,
            "inventory_turnover_ratio": 2.4,
            "account_receivable_turnover_ratio": 1.28,
            "reinvestment_rate": null,
            "research_to_sale_ratio": 0.76,
            "price_fair": 86.57,
            "eps_avg_yearly": 2.47,
            "eps_latest_yearly": 0.12,
            "eps_growth_yearly": 70.85
        },
        "20143": {
            "year_quarter": 20143,
            "year": 2014,
            "quarter": 3,
            "eps": 0.24,
            "eps_growth_year": null,
            "eps_4q": -2.35,
            "eps_4q_growth_year": null,
            "roe": 1.13,
            "roe_4q": -10.740000000000002,
            "gross_profit": 7678719,
            "gross_margin": 8.96,
            "gross_margin_4q_avg": 6.91,
            "net_income": 650660,
            "revenue": 85686365,
            "common_shares": 27965678,
            "book_valuer_per_share": 21.15,
            "book_valuer_per_share_4q_avg": 20.99,
            "equity": 57951791,
            "current_ratio": 126.66,
            "debt_ratio": 70.18,
            "inventory_turnover_ratio": 2.13,
            "account_receivable_turnover_ratio": 1.28,
            "reinvestment_rate": null,
            "research_to_sale_ratio": 0.67,
            "price_fair": 54.37,
            "eps_avg_yearly": 1.55,
            "eps_latest_yearly": 0.96,
            "eps_growth_yearly": 80.9
        },
        "20144": {
            "year_quarter": 20144,
            "year": 2014,
            "quarter": 4,
            "eps": 0.24,
            "eps_growth_year": null,
            "eps_4q": 0.65,
            "eps_4q_growth_year": null,
            "roe": 1.1,
            "roe_4q": 3.07,
            "gross_profit": 7361484,
            "gross_margin": 8.57,
            "gross_margin_4q_avg": 8.77,
            "net_income": 654098,
            "revenue": 85937104,
            "common_shares": 27965678,
            "book_valuer_per_share": 22.13,
            "book_valuer_per_share_4q_avg": 21.36,
            "equity": 60629850,
            "current_ratio": 128.13,
            "debt_ratio": 68.27,
            "inventory_turnover_ratio": 2.06,
            "account_receivable_turnover_ratio": 1.36,
            "reinvestment_rate": null,
            "research_to_sale_ratio": 0.77,
            "price_fair": 25.67,
            "eps_avg_yearly": 0.73,
            "eps_latest_yearly": 0.96,
            "eps_growth_yearly": 87.07
        },
        "20151": {
            "year_quarter": 20151,
            "year": 2015,
            "quarter": 1,
            "eps": 0.06,
            "eps_growth_year": null,
            "eps_4q": 0.65,
            "eps_4q_growth_year": null,
            "roe": 0.28,
            "roe_4q": 3.3499999999999996,
            "gross_profit": 6663268,
            "gross_margin": 9.81,
            "gross_margin_4q_avg": 9.15,
            "net_income": 173134,
            "revenue": 67947548,
            "common_shares": 30965678,
            "book_valuer_per_share": 20.97,
            "book_valuer_per_share_4q_avg": 21.3,
            "equity": 63748935,
            "current_ratio": 136.25,
            "debt_ratio": 64.38,
            "inventory_turnover_ratio": 1.64,
            "account_receivable_turnover_ratio": 1.25,
            "reinvestment_rate": null,
            "research_to_sale_ratio": 0.86,
            "price_fair": 16.57,
            "eps_avg_yearly": 0.47,
            "eps_latest_yearly": 0.24,
            "eps_growth_yearly": 83.33
        },
        "20152": {
            "year_quarter": 20152,
            "year": 2015,
            "quarter": 2,
            "eps": 0,
            "eps_growth_year": -100,
            "eps_4q": 0.49,
            "eps_4q_growth_year": null,
            "roe": 0,
            "roe_4q": 2.51,
            "gross_profit": 6318171,
            "gross_margin": 10.49,
            "gross_margin_4q_avg": 9.46,
            "net_income": 2450,
            "revenue": 60205753,
            "common_shares": 30965678,
            "book_valuer_per_share": 20.79,
            "book_valuer_per_share_4q_avg": 21.26,
            "equity": 63185483,
            "current_ratio": 129.95,
            "debt_ratio": 62.29,
            "inventory_turnover_ratio": 1.4,
            "account_receivable_turnover_ratio": 1.23,
            "reinvestment_rate": null,
            "research_to_sale_ratio": 0.86,
            "price_fair": 16.57,
            "eps_avg_yearly": 0.47,
            "eps_latest_yearly": 0.24,
            "eps_growth_yearly": 83.33
        },
        "20153": {
            "year_quarter": 20153,
            "year": 2015,
            "quarter": 3,
            "eps": 0.06,
            "eps_growth_year": -75,
            "eps_4q": 0.34,
            "eps_4q_growth_year": null,
            "roe": 0.3,
            "roe_4q": 1.6800000000000002,
            "gross_profit": 5470367,
            "gross_margin": 8.14,
            "gross_margin_4q_avg": 9.25,
            "net_income": 190894,
            "revenue": 67239030,
            "common_shares": 30854428,
            "book_valuer_per_share": 21.77,
            "book_valuer_per_share_4q_avg": 21.42,
            "equity": 66146898,
            "current_ratio": 130.38,
            "debt_ratio": 62.51,
            "inventory_turnover_ratio": 1.62,
            "account_receivable_turnover_ratio": 1.27,
            "reinvestment_rate": null,
            "research_to_sale_ratio": 0.84,
            "price_fair": 16.57,
            "eps_avg_yearly": 0.47,
            "eps_latest_yearly": 0.24,
            "eps_growth_yearly": 83.33
        },
        "20154": {
            "year_quarter": 20154,
            "year": 2015,
            "quarter": 4,
            "eps": 0.08,
            "eps_growth_year": -67.33,
            "eps_4q": 0.2,
            "eps_4q_growth_year": -69.6,
            "roe": 0.36,
            "roe_4q": 0.94,
            "gross_profit": 6432316,
            "gross_margin": 9.41,
            "gross_margin_4q_avg": 9.46,
            "net_income": 237317,
            "revenue": 68382871,
            "common_shares": 30854428,
            "book_valuer_per_share": 21.67,
            "book_valuer_per_share_4q_avg": 21.3,
            "equity": 65855101,
            "current_ratio": 129.61,
            "debt_ratio": 61.65,
            "inventory_turnover_ratio": 1.74,
            "account_receivable_turnover_ratio": 1.29,
            "reinvestment_rate": null,
            "research_to_sale_ratio": 0.61,
            "price_fair": 15.8,
            "eps_avg_yearly": 0.45,
            "eps_latest_yearly": 0.32,
            "eps_growth_yearly": 90.48
        },
        "20161": {
            "year_quarter": 20161,
            "year": 2016,
            "quarter": 1,
            "eps": 0.02,
            "eps_growth_year": -66.67,
            "eps_4q": 0.16,
            "eps_4q_growth_year": -75.72,
            "roe": 0.07,
            "roe_4q": 0.73,
            "gross_profit": 6671121,
            "gross_margin": 11.85,
            "gross_margin_4q_avg": 9.97,
            "net_income": 46123,
            "revenue": 56315625,
            "common_shares": 30854428,
            "book_valuer_per_share": 21.48,
            "book_valuer_per_share_4q_avg": 21.43,
            "equity": 65276648,
            "current_ratio": 134.45,
            "debt_ratio": 58.11,
            "inventory_turnover_ratio": 1.55,
            "account_receivable_turnover_ratio": 1.23,
            "reinvestment_rate": null,
            "research_to_sale_ratio": 0.94,
            "price_fair": 1.18,
            "eps_avg_yearly": 0.39,
            "eps_latest_yearly": 0.08,
            "eps_growth_yearly": -66.67
        },
        "20162": {
            "year_quarter": 20162,
            "year": 2016,
            "quarter": 2,
            "eps": 0.18,
            "eps_growth_year": null,
            "eps_4q": 0.33,
            "eps_4q_growth_year": -31.49,
            "roe": 0.83,
            "roe_4q": 1.5599999999999998,
            "gross_profit": 5400440,
            "gross_margin": 9.62,
            "gross_margin_4q_avg": 9.76,
            "net_income": 538520,
            "revenue": 56162218,
            "common_shares": 30810028,
            "book_valuer_per_share": 21.06,
            "book_valuer_per_share_4q_avg": 21.5,
            "equity": 63900583,
            "current_ratio": 140.89,
            "debt_ratio": 59.5,
            "inventory_turnover_ratio": 1.7,
            "account_receivable_turnover_ratio": 1.32,
            "reinvestment_rate": null,
            "research_to_sale_ratio": 0.98,
            "price_fair": 17,
            "eps_avg_yearly": 0.49,
            "eps_latest_yearly": 0.72,
            "eps_growth_yearly": 438.1
        },
        "20163": {
            "year_quarter": 20163,
            "year": 2016,
            "quarter": 3,
            "eps": 0.08,
            "eps_growth_year": 33.33,
            "eps_4q": 0.35,
            "eps_4q_growth_year": 5.02,
            "roe": 0.39,
            "roe_4q": 1.65,
            "gross_profit": 5577161,
            "gross_margin": 9.52,
            "gross_margin_4q_avg": 10.1,
            "net_income": 248587,
            "revenue": 58592567,
            "common_shares": 30807328,
            "book_valuer_per_share": 20.63,
            "book_valuer_per_share_4q_avg": 21.21,
            "equity": 62592405,
            "current_ratio": 139.9,
            "debt_ratio": 59.98,
            "inventory_turnover_ratio": 1.72,
            "account_receivable_turnover_ratio": 1.35,
            "reinvestment_rate": null,
            "research_to_sale_ratio": 0.75,
            "price_fair": 18,
            "eps_avg_yearly": 0.51,
            "eps_latest_yearly": 0.32,
            "eps_growth_yearly": 377.78
        },
        "20164": {
            "year_quarter": 20164,
            "year": 2016,
            "quarter": 4,
            "eps": -1.89,
            "eps_growth_year": -2522.41,
            "eps_4q": -1.62,
            "eps_4q_growth_year": -913,
            "roe": -9.54,
            "roe_4q": -8.249999999999998,
            "gross_profit": 5563736,
            "gross_margin": 9.02,
            "gross_margin_4q_avg": 10,
            "net_income": -5733970,
            "revenue": 61653751,
            "common_shares": 30807328,
            "book_valuer_per_share": 19.01,
            "book_valuer_per_share_4q_avg": 20.55,
            "equity": 57678478,
            "current_ratio": 126.98,
            "debt_ratio": 65.19,
            "inventory_turnover_ratio": 1.57,
            "account_receivable_turnover_ratio": 1.39,
            "reinvestment_rate": null,
            "research_to_sale_ratio": 0.85,
            "price_fair": 18,
            "eps_avg_yearly": 0.51,
            "eps_latest_yearly": 0.32,
            "eps_growth_yearly": 377.78
        },
        "20171": {
            "year_quarter": 20171,
            "year": 2017,
            "quarter": 1,
            "eps": 0.02,
            "eps_growth_year": 0,
            "eps_4q": -1.61,
            "eps_4q_growth_year": -1126.58,
            "roe": 0.11,
            "roe_4q": -8.209999999999999,
            "gross_profit": 5424602,
            "gross_margin": 9.68,
            "gross_margin_4q_avg": 9.46,
            "net_income": 62605,
            "revenue": 56052389,
            "common_shares": 30807328,
            "book_valuer_per_share": 18.13,
            "book_valuer_per_share_4q_avg": 19.71,
            "equity": 55003008,
            "current_ratio": 137.97,
            "debt_ratio": 62.33,
            "inventory_turnover_ratio": 1.25,
            "account_receivable_turnover_ratio": 1.35,
            "reinvestment_rate": null,
            "research_to_sale_ratio": 0.96,
            "price_fair": 18,
            "eps_avg_yearly": 0.51,
            "eps_latest_yearly": 0.32,
            "eps_growth_yearly": 377.78
        },
        "20172": {
            "year_quarter": 20172,
            "year": 2017,
            "quarter": 2,
            "eps": 0.08,
            "eps_growth_year": -55.56,
            "eps_4q": -1.71,
            "eps_4q_growth_year": -612.16,
            "roe": 0.44,
            "roe_4q": -8.599999999999998,
            "gross_profit": 6086617,
            "gross_margin": 11.35,
            "gross_margin_4q_avg": 9.89,
            "net_income": 243908,
            "revenue": 53604474,
            "common_shares": 30767578,
            "book_valuer_per_share": 18.31,
            "book_valuer_per_share_4q_avg": 19.02,
            "equity": 55484517,
            "current_ratio": 135.29,
            "debt_ratio": 62.65,
            "inventory_turnover_ratio": 1.06,
            "account_receivable_turnover_ratio": 1.32,
            "reinvestment_rate": null,
            "research_to_sale_ratio": 1.07,
            "price_fair": 17.15,
            "eps_avg_yearly": 0.49,
            "eps_latest_yearly": 0.32,
            "eps_growth_yearly": 480.56
        },
        "20173": {
            "year_quarter": 20173,
            "year": 2017,
            "quarter": 3,
            "eps": 0.48,
            "eps_growth_year": 500,
            "eps_4q": -1.31,
            "eps_4q_growth_year": -472.2,
            "roe": 2.58,
            "roe_4q": -6.409999999999999,
            "gross_profit": 6702474,
            "gross_margin": 11.06,
            "gross_margin_4q_avg": 10.28,
            "net_income": 1448807,
            "revenue": 60578749,
            "common_shares": 30765028,
            "book_valuer_per_share": 18.74,
            "book_valuer_per_share_4q_avg": 18.55,
            "equity": 56787881,
            "current_ratio": 135.78,
            "debt_ratio": 62.52,
            "inventory_turnover_ratio": 1.18,
            "account_receivable_turnover_ratio": 1.4,
            "reinvestment_rate": null,
            "research_to_sale_ratio": 0.99,
            "price_fair": 22.71,
            "eps_avg_yearly": 0.65,
            "eps_latest_yearly": 1.92,
            "eps_growth_yearly": 649.38
        },
        "20174": {
            "year_quarter": 20174,
            "year": 2017,
            "quarter": 4,
            "eps": 0.35,
            "eps_growth_year": null,
            "eps_4q": 0.93,
            "eps_4q_growth_year": null,
            "roe": 1.81,
            "roe_4q": 4.940000000000001,
            "gross_profit": 7147541,
            "gross_margin": 10.66,
            "gross_margin_4q_avg": 10.69,
            "net_income": 1041413,
            "revenue": 67039271,
            "common_shares": 30765028,
            "book_valuer_per_share": 18.92,
            "book_valuer_per_share_4q_avg": 18.53,
            "equity": 57975406,
            "current_ratio": 135.45,
            "debt_ratio": 63.22,
            "inventory_turnover_ratio": 1.43,
            "account_receivable_turnover_ratio": 1.48,
            "reinvestment_rate": 331.44,
            "research_to_sale_ratio": 1.17,
            "price_fair": 25.34,
            "eps_avg_yearly": 0.72,
            "eps_latest_yearly": 1.4,
            "eps_growth_yearly": 573.61
        },
        "20181": {
            "year_quarter": 20181,
            "year": 2018,
            "quarter": 1,
            "eps": 0.23,
            "eps_growth_year": 1050,
            "eps_4q": 1.14,
            "eps_4q_growth_year": null,
            "roe": 1.16,
            "roe_4q": 5.99,
            "gross_profit": 5758013,
            "gross_margin": 10.51,
            "gross_margin_4q_avg": 10.9,
            "net_income": 671650,
            "revenue": 54803528,
            "common_shares": 30765028,
            "book_valuer_per_share": 18.95,
            "book_valuer_per_share_4q_avg": 18.73,
            "equity": 58130614,
            "current_ratio": 141.27,
            "debt_ratio": 60.4,
            "inventory_turnover_ratio": 1.23,
            "account_receivable_turnover_ratio": 1.25,
            "reinvestment_rate": -456.05,
            "research_to_sale_ratio": 1.09,
            "price_fair": 25.96,
            "eps_avg_yearly": 0.74,
            "eps_latest_yearly": 0.92,
            "eps_growth_yearly": 509
        },
        "20182": {
            "year_quarter": 20182,
            "year": 2018,
            "quarter": 2,
            "eps": 0.29,
            "eps_growth_year": 262.5,
            "eps_4q": 1.35,
            "eps_4q_growth_year": null,
            "roe": 1.48,
            "roe_4q": 7.029999999999999,
            "gross_profit": 6432350,
            "gross_margin": 11,
            "gross_margin_4q_avg": 10.81,
            "net_income": 858886,
            "revenue": 58475540,
            "common_shares": 30765028,
            "book_valuer_per_share": 18.94,
            "book_valuer_per_share_4q_avg": 18.89,
            "equity": 58165789,
            "current_ratio": 136.86,
            "debt_ratio": 62.7,
            "inventory_turnover_ratio": 1.27,
            "account_receivable_turnover_ratio": 1.37,
            "reinvestment_rate": -335.63,
            "research_to_sale_ratio": 0.97,
            "price_fair": 27.18,
            "eps_avg_yearly": 0.78,
            "eps_latest_yearly": 1.16,
            "eps_growth_yearly": 475.28
        },
        "20183": {
            "year_quarter": 20183,
            "year": 2018,
            "quarter": 3,
            "eps": 0.3,
            "eps_growth_year": -37.5,
            "eps_4q": 1.18,
            "eps_4q_growth_year": null,
            "roe": 1.51,
            "roe_4q": 5.960000000000001,
            "gross_profit": 6893058,
            "gross_margin": 10.55,
            "gross_margin_4q_avg": 10.68,
            "net_income": 881516,
            "revenue": 65326327,
            "common_shares": 30765028,
            "book_valuer_per_share": 19.05,
            "book_valuer_per_share_4q_avg": 18.97,
            "equity": 58623118,
            "current_ratio": 132.57,
            "debt_ratio": 62.86,
            "inventory_turnover_ratio": 1.37,
            "account_receivable_turnover_ratio": 1.42,
            "reinvestment_rate": -299.96,
            "research_to_sale_ratio": 0.94,
            "price_fair": 27.88,
            "eps_avg_yearly": 0.8,
            "eps_latest_yearly": 1.2,
            "eps_growth_yearly": 465.31
        },
        "20184": {
            "year_quarter": 20184,
            "year": 2018,
            "quarter": 4,
            "eps": 0.18,
            "eps_growth_year": -47.17,
            "eps_4q": 1.01,
            "eps_4q_growth_year": 8.75,
            "roe": 0.83,
            "roe_4q": 4.9799999999999995,
            "gross_profit": 6744778,
            "gross_margin": 10.59,
            "gross_margin_4q_avg": 10.66,
            "net_income": 489908,
            "revenue": 63665011,
            "common_shares": 30749338,
            "book_valuer_per_share": 19.24,
            "book_valuer_per_share_4q_avg": 19.05,
            "equity": 58986286,
            "current_ratio": 141.82,
            "debt_ratio": 61.69,
            "inventory_turnover_ratio": 1.34,
            "account_receivable_turnover_ratio": 1.34,
            "reinvestment_rate": -298.77,
            "research_to_sale_ratio": 1.23,
            "price_fair": 27.18,
            "eps_avg_yearly": 0.78,
            "eps_latest_yearly": 0.72,
            "eps_growth_yearly": 451.98
        },
        "20191": {
            "year_quarter": 20191,
            "year": 2019,
            "quarter": 1,
            "eps": 0.23,
            "eps_growth_year": 0,
            "eps_4q": 1.01,
            "eps_4q_growth_year": -11.58,
            "roe": 1.18,
            "roe_4q": 5,
            "gross_profit": 5772367,
            "gross_margin": 10.55,
            "gross_margin_4q_avg": 10.67,
            "net_income": 702071,
            "revenue": 54703389,
            "common_shares": 30749338,
            "book_valuer_per_share": 19.6,
            "book_valuer_per_share_4q_avg": 19.21,
            "equity": 60092400,
            "current_ratio": 144.03,
            "debt_ratio": 60.57,
            "inventory_turnover_ratio": 1.18,
            "account_receivable_turnover_ratio": 1.19,
            "reinvestment_rate": -206.12,
            "research_to_sale_ratio": 1.22,
            "price_fair": 29.17,
            "eps_avg_yearly": 0.83,
            "eps_latest_yearly": 0.92,
            "eps_growth_yearly": 486.24
        },
        "20192": {
            "year_quarter": 20192,
            "year": 2019,
            "quarter": 2,
            "eps": 0.13,
            "eps_growth_year": -55.17,
            "eps_4q": 0.85,
            "eps_4q_growth_year": -36.85,
            "roe": 0.72,
            "roe_4q": 4.24,
            "gross_profit": 5933882,
            "gross_margin": 10.76,
            "gross_margin_4q_avg": 10.61,
            "net_income": 427474,
            "revenue": 55127388,
            "common_shares": 30749338,
            "book_valuer_per_share": 19.14,
            "book_valuer_per_share_4q_avg": 19.26,
            "equity": 58770804,
            "current_ratio": 140.64,
            "debt_ratio": 63.62,
            "inventory_turnover_ratio": 1.14,
            "account_receivable_turnover_ratio": 1.2,
            "reinvestment_rate": -157.54,
            "research_to_sale_ratio": 1.19,
            "price_fair": 28.32,
            "eps_avg_yearly": 0.81,
            "eps_latest_yearly": 0.52,
            "eps_growth_yearly": 435.46
        },
        "20193": {
            "year_quarter": 20193,
            "year": 2019,
            "quarter": 3,
            "eps": 0.39,
            "eps_growth_year": 30,
            "eps_4q": 0.94,
            "eps_4q_growth_year": -19.89,
            "roe": 2.01,
            "roe_4q": 4.739999999999999,
            "gross_profit": 6663290,
            "gross_margin": 10.6,
            "gross_margin_4q_avg": 10.63,
            "net_income": 1187098,
            "revenue": 62870297,
            "common_shares": 30749338,
            "book_valuer_per_share": 19.29,
            "book_valuer_per_share_4q_avg": 19.32,
            "equity": 59291096,
            "current_ratio": 141.16,
            "debt_ratio": 63.72,
            "inventory_turnover_ratio": 1.25,
            "account_receivable_turnover_ratio": 1.3,
            "reinvestment_rate": -96.56,
            "research_to_sale_ratio": 1.1,
            "price_fair": 30.2,
            "eps_avg_yearly": 0.86,
            "eps_latest_yearly": 1.56,
            "eps_growth_yearly": 461.5
        },
        "20194": {
            "year_quarter": 20194,
            "year": 2019,
            "quarter": 4,
            "eps": 0.11,
            "eps_growth_year": -39.08,
            "eps_4q": 0.87,
            "eps_4q_growth_year": -13.98,
            "roe": 0.42,
            "roe_4q": 4.329999999999999,
            "gross_profit": 6347247,
            "gross_margin": 10.31,
            "gross_margin_4q_avg": 10.56,
            "net_income": 251731,
            "revenue": 61584280,
            "common_shares": 30749338,
            "book_valuer_per_share": 19.1,
            "book_valuer_per_share_4q_avg": 19.28,
            "equity": 59195239,
            "current_ratio": 144.1,
            "debt_ratio": 62.08,
            "inventory_turnover_ratio": 1.3,
            "account_receivable_turnover_ratio": 1.24,
            "reinvestment_rate": -100.78,
            "research_to_sale_ratio": 0.91,
            "price_fair": 30.5,
            "eps_avg_yearly": 0.87,
            "eps_latest_yearly": 0.44,
            "eps_growth_yearly": 431.46
        },
        "20201": {
            "year_quarter": 20201,
            "year": 2020,
            "quarter": 1,
            "eps": 0.18,
            "eps_growth_year": -21.74,
            "eps_4q": 0.83,
            "eps_4q_growth_year": -18.05,
            "roe": 0.95,
            "roe_4q": 4.1,
            "gross_profit": 4951363,
            "gross_margin": 10.13,
            "gross_margin_4q_avg": 10.45,
            "net_income": 551783,
            "revenue": 48854503,
            "common_shares": 30749338,
            "book_valuer_per_share": 18.36,
            "book_valuer_per_share_4q_avg": 18.97,
            "equity": 56427537,
            "current_ratio": 143.4,
            "debt_ratio": 60.45,
            "inventory_turnover_ratio": 1.17,
            "account_receivable_turnover_ratio": 1.1,
            "reinvestment_rate": -100.64,
            "research_to_sale_ratio": 1.21,
            "price_fair": 32.1,
            "eps_avg_yearly": 0.92,
            "eps_latest_yearly": 0.72,
            "eps_growth_yearly": 471.07
        },
        "20202": {
            "year_quarter": 20202,
            "year": 2020,
            "quarter": 2,
            "eps": 0.4,
            "eps_growth_year": 207.69,
            "eps_4q": 1.09,
            "eps_4q_growth_year": 27.57,
            "roe": 2.16,
            "roe_4q": 5.54,
            "gross_profit": 7137778,
            "gross_margin": 10.88,
            "gross_margin_4q_avg": 10.48,
            "net_income": 1226560,
            "revenue": 65575647,
            "common_shares": 30749338,
            "book_valuer_per_share": 18.55,
            "book_valuer_per_share_4q_avg": 18.83,
            "equity": 57005677,
            "current_ratio": 135.09,
            "debt_ratio": 64.56,
            "inventory_turnover_ratio": 1.67,
            "account_receivable_turnover_ratio": 1.46,
            "reinvestment_rate": -87.98,
            "research_to_sale_ratio": 0.92,
            "price_fair": 34.3,
            "eps_avg_yearly": 0.98,
            "eps_latest_yearly": 1.6,
            "eps_growth_yearly": 277.42
        },
        "20203": {
            "year_quarter": 20203,
            "year": 2020,
            "quarter": 3,
            "eps": 0.76,
            "eps_growth_year": 94.87,
            "eps_4q": 1.46,
            "eps_4q_growth_year": 54.94,
            "roe": 4,
            "roe_4q": 7.53,
            "gross_profit": 8399823,
            "gross_margin": 10.49,
            "gross_margin_4q_avg": 10.45,
            "net_income": 2317899,
            "revenue": 80063769,
            "common_shares": 30478538,
            "book_valuer_per_share": 19.16,
            "book_valuer_per_share_4q_avg": 18.79,
            "equity": 58960294,
            "current_ratio": 134.7,
            "debt_ratio": 65.52,
            "inventory_turnover_ratio": 1.94,
            "account_receivable_turnover_ratio": 1.47,
            "reinvestment_rate": -67.88,
            "research_to_sale_ratio": 0.77,
            "price_fair": 41.1,
            "eps_avg_yearly": 1.17,
            "eps_latest_yearly": 3.04,
            "eps_growth_yearly": 319.01
        },
        "20204": {
            "year_quarter": 20204,
            "year": 2020,
            "quarter": 4,
            "eps": 0.66,
            "eps_growth_year": 489.36,
            "eps_4q": 2.01,
            "eps_4q_growth_year": 131.09,
            "roe": 3.39,
            "roe_4q": 10.5,
            "gross_profit": 9630651,
            "gross_margin": 11.66,
            "gross_margin_4q_avg": 10.79,
            "net_income": 2049368,
            "revenue": 82618558,
            "common_shares": 30478538,
            "book_valuer_per_share": 20.09,
            "book_valuer_per_share_4q_avg": 19.04,
            "equity": 61941964,
            "current_ratio": 134.34,
            "debt_ratio": 66.32,
            "inventory_turnover_ratio": 1.81,
            "account_receivable_turnover_ratio": 1.46,
            "reinvestment_rate": -30.16,
            "research_to_sale_ratio": 0.69,
            "price_fair": 44.52,
            "eps_avg_yearly": 1.27,
            "eps_latest_yearly": 2.64,
            "eps_growth_yearly": 294.23
        },
        "20211": {
            "year_quarter": 20211,
            "year": 2021,
            "quarter": 1,
            "eps": 0.91,
            "eps_growth_year": 405.56,
            "eps_4q": 2.74,
            "eps_4q_growth_year": 230.66,
            "roe": 4.57,
            "roe_4q": 14.120000000000001,
            "gross_profit": 8311858,
            "gross_margin": 11.62,
            "gross_margin_4q_avg": 11.16,
            "net_income": 2797558,
            "revenue": 71555463,
            "common_shares": 30478538,
            "book_valuer_per_share": 19.51,
            "book_valuer_per_share_4q_avg": 19.33,
            "equity": 60494969,
            "current_ratio": 132.12,
            "debt_ratio": 67.04,
            "inventory_turnover_ratio": 1.35,
            "account_receivable_turnover_ratio": 1.35,
            "reinvestment_rate": -27.29,
            "research_to_sale_ratio": 0.91,
            "price_fair": 49.7,
            "eps_avg_yearly": 1.42,
            "eps_latest_yearly": 3.64,
            "eps_growth_yearly": 285.31
        },
        "20212": {
            "year_quarter": 20212,
            "year": 2021,
            "quarter": 2,
            "eps": 0.97,
            "eps_growth_year": 142.5,
            "eps_4q": 3.3,
            "eps_4q_growth_year": 203.25,
            "roe": 4.87,
            "roe_4q": 16.830000000000002,
            "gross_profit": 9588316,
            "gross_margin": 12.02,
            "gross_margin_4q_avg": 11.45,
            "net_income": 2979973,
            "revenue": 79778071,
            "common_shares": 30478538,
            "book_valuer_per_share": 19.97,
            "book_valuer_per_share_4q_avg": 19.68,
            "equity": 62005709,
            "current_ratio": 131.52,
            "debt_ratio": 68.37,
            "inventory_turnover_ratio": 1.29,
            "account_receivable_turnover_ratio": 1.46,
            "reinvestment_rate": -27.08,
            "research_to_sale_ratio": 0.82,
            "price_fair": 57.49,
            "eps_avg_yearly": 1.64,
            "eps_latest_yearly": 3.88,
            "eps_growth_yearly": 211.96
        },
        "20213": {
            "year_quarter": 20213,
            "year": 2021,
            "quarter": 3,
            "eps": 1.01,
            "eps_growth_year": 32.89,
            "eps_4q": 3.55,
            "eps_4q_growth_year": 143.23,
            "roe": 4.99,
            "roe_4q": 17.82,
            "gross_profit": 9368059,
            "gross_margin": 11.55,
            "gross_margin_4q_avg": 11.71,
            "net_income": 3137718,
            "revenue": 81141711,
            "common_shares": 30478538,
            "book_valuer_per_share": 20.49,
            "book_valuer_per_share_4q_avg": 20.02,
            "equity": 63653734,
            "current_ratio": 139.23,
            "debt_ratio": 67.74,
            "inventory_turnover_ratio": 1.23,
            "account_receivable_turnover_ratio": 1.39,
            "reinvestment_rate": -21.44,
            "research_to_sale_ratio": 0.9,
            "price_fair": 62.13,
            "eps_avg_yearly": 1.78,
            "eps_latest_yearly": 4.04,
            "eps_growth_yearly": 87.99
        },
        "20214": {
            "year_quarter": 20214,
            "year": 2021,
            "quarter": 4,
            "eps": 0.75,
            "eps_growth_year": 12.46,
            "eps_4q": 3.63,
            "eps_4q_growth_year": 80.74,
            "roe": 3.66,
            "roe_4q": 18.09,
            "gross_profit": 9922823,
            "gross_margin": 11.47,
            "gross_margin_4q_avg": 11.67,
            "net_income": 2372064,
            "revenue": 86530211,
            "common_shares": 30478538,
            "book_valuer_per_share": 21.22,
            "book_valuer_per_share_4q_avg": 20.3,
            "equity": 66022943,
            "current_ratio": 135.29,
            "debt_ratio": 69.26,
            "inventory_turnover_ratio": 1.31,
            "account_receivable_turnover_ratio": 1.42,
            "reinvestment_rate": -23.18,
            "research_to_sale_ratio": 0.71,
            "price_fair": 65.63,
            "eps_avg_yearly": 1.88,
            "eps_latest_yearly": 3,
            "eps_growth_yearly": 88.33
        },
        "20221": {
            "year_quarter": 20221,
            "year": 2022,
            "quarter": 1,
            "eps": 0.74,
            "eps_growth_year": -18.68,
            "eps_4q": 3.46,
            "eps_4q_growth_year": 26.47,
            "roe": 3.62,
            "roe_4q": 17.14,
            "gross_profit": 8853437,
            "gross_margin": 11.3,
            "gross_margin_4q_avg": 11.59,
            "net_income": 2344406,
            "revenue": 78378269,
            "common_shares": 30478538,
            "book_valuer_per_share": 20.28,
            "book_valuer_per_share_4q_avg": 20.49,
            "equity": 63421420,
            "current_ratio": 132.17,
            "debt_ratio": 69.92,
            "inventory_turnover_ratio": 1.13,
            "account_receivable_turnover_ratio": 1.17,
            "reinvestment_rate": 0.93,
            "research_to_sale_ratio": 0.81,
            "price_fair": 70.09,
            "eps_avg_yearly": 2,
            "eps_latest_yearly": 2.96,
            "eps_growth_yearly": 96.57
        },
        "20222": {
            "year_quarter": 20222,
            "year": 2022,
            "quarter": 2,
            "eps": 0.57,
            "eps_growth_year": -41.24,
            "eps_4q": 3.07,
            "eps_4q_growth_year": -7.05,
            "roe": 2.92,
            "roe_4q": 15.19,
            "gross_profit": 8002062,
            "gross_margin": 11.06,
            "gross_margin_4q_avg": 11.35,
            "net_income": 1877247,
            "revenue": 72321799,
            "common_shares": 30478538,
            "book_valuer_per_share": 20.77,
            "book_valuer_per_share_4q_avg": 20.69,
            "equity": 65216686,
            "current_ratio": 133.32,
            "debt_ratio": 69.81,
            "inventory_turnover_ratio": 1.01,
            "account_receivable_turnover_ratio": 1,
            "reinvestment_rate": 2.05,
            "research_to_sale_ratio": 0.76,
            "price_fair": 72.54,
            "eps_avg_yearly": 2.07,
            "eps_latest_yearly": 2.28,
            "eps_growth_yearly": 84.3
        },
        "20223": {
            "year_quarter": 20223,
            "year": 2022,
            "quarter": 3,
            "eps": 0.63,
            "eps_growth_year": -37.62,
            "eps_4q": 2.69,
            "eps_4q_growth_year": -24.17,
            "roe": 3,
            "roe_4q": 13.2,
            "gross_profit": 6560996,
            "gross_margin": 10.11,
            "gross_margin_4q_avg": 10.99,
            "net_income": 2031870,
            "revenue": 64886593,
            "common_shares": 30478538,
            "book_valuer_per_share": 22.18,
            "book_valuer_per_share_4q_avg": 21.11,
            "equity": 70305977,
            "current_ratio": 141.89,
            "debt_ratio": 65.64,
            "inventory_turnover_ratio": 0.96,
            "account_receivable_turnover_ratio": 0.92,
            "reinvestment_rate": 3.34,
            "research_to_sale_ratio": 0.91,
            "price_fair": 75.43,
            "eps_avg_yearly": 2.16,
            "eps_latest_yearly": 2.52,
            "eps_growth_yearly": 86.07
        },
        "20224": {
            "year_quarter": 20224,
            "year": 2022,
            "quarter": 4,
            "eps": -0.28,
            "eps_growth_year": -137.12,
            "eps_4q": 1.67,
            "eps_4q_growth_year": -54.08,
            "roe": -0.92,
            "roe_4q": 8.620000000000001,
            "gross_profit": 6327992,
            "gross_margin": 10.58,
            "gross_margin_4q_avg": 10.76,
            "net_income": -650231,
            "revenue": 59837083,
            "common_shares": 30478538,
            "book_valuer_per_share": 21.97,
            "book_valuer_per_share_4q_avg": 21.3,
            "equity": 70434195,
            "current_ratio": 147.36,
            "debt_ratio": 62.74,
            "inventory_turnover_ratio": 1.07,
            "account_receivable_turnover_ratio": 1.03,
            "reinvestment_rate": 2.87,
            "research_to_sale_ratio": 1.13,
            "price_fair": 78.77,
            "eps_avg_yearly": 2.25,
            "eps_latest_yearly": 2.52,
            "eps_growth_yearly": 102.47
        },
        "20231": {
            "year_quarter": 20231,
            "year": 2023,
            "quarter": 1,
            "eps": 0.17,
            "eps_growth_year": -77.03,
            "eps_4q": 1.09,
            "eps_4q_growth_year": -68.39,
            "roe": 0.96,
            "roe_4q": 5.96,
            "gross_profit": 5362891,
            "gross_margin": 10.22,
            "gross_margin_4q_avg": 10.49,
            "net_income": 660905,
            "revenue": 52457032,
            "common_shares": 30478538,
            "book_valuer_per_share": 21.05,
            "book_valuer_per_share_4q_avg": 21.49,
            "equity": 67900811,
            "current_ratio": 141.98,
            "debt_ratio": 63.78,
            "inventory_turnover_ratio": 1.15,
            "account_receivable_turnover_ratio": 1.03,
            "reinvestment_rate": 2.8,
            "research_to_sale_ratio": 0.94,
            "price_fair": 82.1,
            "eps_avg_yearly": 2.35,
            "eps_latest_yearly": 2.52,
            "eps_growth_yearly": 101.86
        }
    },
    "months": {
        "2001-06": {
            "month": "2001-06",
            "price": "51.26",
            "revenue": 1427733
        },
        "2001-07": {
            "month": "2001-07",
            "price": "40.12",
            "revenue": 1569098
        },
        "2001-08": {
            "month": "2001-08",
            "price": "40.19",
            "revenue": 1797550
        },
        "2001-09": {
            "month": "2001-09",
            "price": "28.51",
            "revenue": 1634672
        },
        "2001-10": {
            "month": "2001-10",
            "price": "24.96",
            "revenue": 1588812
        },
        "2001-11": {
            "month": "2001-11",
            "price": "31.30",
            "revenue": 1586727
        },
        "2001-12": {
            "month": "2001-12",
            "price": "41.64",
            "revenue": 1808289
        },
        "2002-01": {
            "month": "2002-01",
            "price": "56.18",
            "revenue": 1703767
        },
        "2002-02": {
            "month": "2002-02",
            "price": "53.44",
            "revenue": 1250501
        },
        "2002-03": {
            "month": "2002-03",
            "price": "55.64",
            "revenue": 3049639
        },
        "2002-04": {
            "month": "2002-04",
            "price": "50.70",
            "revenue": 3713693
        },
        "2002-05": {
            "month": "2002-05",
            "price": "41.53",
            "revenue": 3731224
        },
        "2002-06": {
            "month": "2002-06",
            "price": "38.89",
            "revenue": 3499087
        },
        "2002-07": {
            "month": "2002-07",
            "price": "35.29",
            "revenue": 3241690
        },
        "2002-08": {
            "month": "2002-08",
            "price": "33.00",
            "revenue": 3442785
        },
        "2002-09": {
            "month": "2002-09",
            "price": "31.26",
            "revenue": 4746298
        },
        "2002-10": {
            "month": "2002-10",
            "price": "29.58",
            "revenue": 6123251
        },
        "2002-11": {
            "month": "2002-11",
            "price": "32.17",
            "revenue": 6585761
        },
        "2002-12": {
            "month": "2002-12",
            "price": "34.07",
            "revenue": 4389809
        },
        "2003-01": {
            "month": "2003-01",
            "price": "34.89",
            "revenue": 4354038
        },
        "2003-02": {
            "month": "2003-02",
            "price": "32.45",
            "revenue": 3591746
        },
        "2003-03": {
            "month": "2003-03",
            "price": "31.40",
            "revenue": 5714683
        },
        "2003-04": {
            "month": "2003-04",
            "price": "33.01",
            "revenue": 4134185
        },
        "2003-05": {
            "month": "2003-05",
            "price": "32.82",
            "revenue": 4328015
        },
        "2003-06": {
            "month": "2003-06",
            "price": "40.23",
            "revenue": 6276478
        },
        "2003-07": {
            "month": "2003-07",
            "price": "49.92",
            "revenue": 6717088
        },
        "2003-08": {
            "month": "2003-08",
            "price": "50.62",
            "revenue": 7528651
        },
        "2003-09": {
            "month": "2003-09",
            "price": "49.24",
            "revenue": 7636717
        },
        "2003-10": {
            "month": "2003-10",
            "price": "49.00",
            "revenue": 10867025
        },
        "2003-11": {
            "month": "2003-11",
            "price": "49.25",
            "revenue": 12035150
        },
        "2003-12": {
            "month": "2003-12",
            "price": "50.33",
            "revenue": 8473470
        },
        "2004-01": {
            "month": "2004-01",
            "price": "52.77",
            "revenue": 7194119
        },
        "2004-02": {
            "month": "2004-02",
            "price": "52.52",
            "revenue": 8865385
        },
        "2004-03": {
            "month": "2004-03",
            "price": "51.87",
            "revenue": 11097327
        },
        "2004-04": {
            "month": "2004-04",
            "price": "50.85",
            "revenue": 8014695
        },
        "2004-05": {
            "month": "2004-05",
            "price": "46.51",
            "revenue": 8444229
        },
        "2004-06": {
            "month": "2004-06",
            "price": "46.60",
            "revenue": 9852143
        },
        "2004-07": {
            "month": "2004-07",
            "price": "45.04",
            "revenue": 8191847
        },
        "2004-08": {
            "month": "2004-08",
            "price": "45.64",
            "revenue": 10855632
        },
        "2004-09": {
            "month": "2004-09",
            "price": "45.61",
            "revenue": 12279701
        },
        "2004-10": {
            "month": "2004-10",
            "price": "48.48",
            "revenue": 16230456
        },
        "2004-11": {
            "month": "2004-11",
            "price": "50.90",
            "revenue": 17670832
        },
        "2004-12": {
            "month": "2004-12",
            "price": "51.78",
            "revenue": 11126698
        },
        "2005-01": {
            "month": "2005-01",
            "price": "50.28",
            "revenue": 12341137
        },
        "2005-02": {
            "month": "2005-02",
            "price": "50.44",
            "revenue": 12980710
        },
        "2005-03": {
            "month": "2005-03",
            "price": "49.97",
            "revenue": 15834580
        },
        "2005-04": {
            "month": "2005-04",
            "price": "51.26",
            "revenue": 13146773
        },
        "2005-05": {
            "month": "2005-05",
            "price": "58.14",
            "revenue": 14551078
        },
        "2005-06": {
            "month": "2005-06",
            "price": "61.22",
            "revenue": 14937830
        },
        "2005-07": {
            "month": "2005-07",
            "price": "61.40",
            "revenue": 14388165
        },
        "2005-08": {
            "month": "2005-08",
            "price": "61.10",
            "revenue": 27040000
        },
        "2005-09": {
            "month": "2005-09",
            "price": "63.34",
            "revenue": 33081000
        },
        "2005-10": {
            "month": "2005-10",
            "price": "71.10",
            "revenue": 37676000
        },
        "2005-11": {
            "month": "2005-11",
            "price": "74.56",
            "revenue": 41430000
        },
        "2005-12": {
            "month": "2005-12",
            "price": "79.84",
            "revenue": 23669000
        },
        "2006-01": {
            "month": "2006-01",
            "price": "77.87",
            "revenue": 24401000
        },
        "2006-02": {
            "month": "2006-02",
            "price": "72.30",
            "revenue": 27053000
        },
        "2006-03": {
            "month": "2006-03",
            "price": "69.27",
            "revenue": 31600000
        },
        "2006-04": {
            "month": "2006-04",
            "price": "61.13",
            "revenue": 21298000
        },
        "2006-05": {
            "month": "2006-05",
            "price": "56.20",
            "revenue": 24323000
        },
        "2006-06": {
            "month": "2006-06",
            "price": "53.52",
            "revenue": 27344000
        },
        "2006-07": {
            "month": "2006-07",
            "price": "49.99",
            "revenue": 24787000
        },
        "2006-08": {
            "month": "2006-08",
            "price": "44.66",
            "revenue": 29987000
        },
        "2006-09": {
            "month": "2006-09",
            "price": "54.95",
            "revenue": 40199000
        },
        "2006-10": {
            "month": "2006-10",
            "price": "58.16",
            "revenue": 42593000
        },
        "2006-11": {
            "month": "2006-11",
            "price": "62.44",
            "revenue": 43503000
        },
        "2006-12": {
            "month": "2006-12",
            "price": "67.20",
            "revenue": 31537000
        },
        "2007-01": {
            "month": "2007-01",
            "price": "64.26",
            "revenue": 19883635
        },
        "2007-02": {
            "month": "2007-02",
            "price": "61.35",
            "revenue": 19206975
        },
        "2007-03": {
            "month": "2007-03",
            "price": "62.86",
            "revenue": 25307116
        },
        "2007-04": {
            "month": "2007-04",
            "price": "64.26",
            "revenue": 16205224
        },
        "2007-05": {
            "month": "2007-05",
            "price": "63.61",
            "revenue": 22358113
        },
        "2007-06": {
            "month": "2007-06",
            "price": "63.90",
            "revenue": 28684721
        },
        "2007-07": {
            "month": "2007-07",
            "price": "69.83",
            "revenue": 22077868
        },
        "2007-08": {
            "month": "2007-08",
            "price": "62.61",
            "revenue": 29429325
        },
        "2007-09": {
            "month": "2007-09",
            "price": "57.79",
            "revenue": 36423491
        },
        "2007-10": {
            "month": "2007-10",
            "price": "66.07",
            "revenue": 40968103
        },
        "2007-11": {
            "month": "2007-11",
            "price": "67.32",
            "revenue": 30991010
        },
        "2007-12": {
            "month": "2007-12",
            "price": "62.77",
            "revenue": 27636217
        },
        "2008-01": {
            "month": "2008-01",
            "price": "52.92",
            "revenue": 25544884
        },
        "2008-02": {
            "month": "2008-02",
            "price": "53.68",
            "revenue": 27082498
        },
        "2008-03": {
            "month": "2008-03",
            "price": "54.68",
            "revenue": 34261764
        },
        "2008-04": {
            "month": "2008-04",
            "price": "62.30",
            "revenue": 28309976
        },
        "2008-05": {
            "month": "2008-05",
            "price": "66.95",
            "revenue": 34035221
        },
        "2008-06": {
            "month": "2008-06",
            "price": "62.65",
            "revenue": 36104778
        },
        "2008-07": {
            "month": "2008-07",
            "price": "59.06",
            "revenue": 31706340
        },
        "2008-08": {
            "month": "2008-08",
            "price": "63.57",
            "revenue": 37145988
        },
        "2008-09": {
            "month": "2008-09",
            "price": "56.34",
            "revenue": 54257847
        },
        "2008-10": {
            "month": "2008-10",
            "price": "46.89",
            "revenue": 49517448
        },
        "2008-11": {
            "month": "2008-11",
            "price": "44.66",
            "revenue": 35516497
        },
        "2008-12": {
            "month": "2008-12",
            "price": "42.89",
            "revenue": 25210518
        },
        "2009-01": {
            "month": "2009-01",
            "price": "41.63",
            "revenue": 21800469
        },
        "2009-02": {
            "month": "2009-02",
            "price": "45.17",
            "revenue": 30830644
        },
        "2009-03": {
            "month": "2009-03",
            "price": "48.38",
            "revenue": 42449572
        },
        "2009-04": {
            "month": "2009-04",
            "price": "58.65",
            "revenue": 29503867
        },
        "2009-05": {
            "month": "2009-05",
            "price": "60.42",
            "revenue": 34745420
        },
        "2009-06": {
            "month": "2009-06",
            "price": "58.61",
            "revenue": 44186536
        },
        "2009-07": {
            "month": "2009-07",
            "price": "65.33",
            "revenue": 42134850
        },
        "2009-08": {
            "month": "2009-08",
            "price": "69.56",
            "revenue": 37716521
        },
        "2009-09": {
            "month": "2009-09",
            "price": "79.38",
            "revenue": 55823497
        },
        "2009-10": {
            "month": "2009-10",
            "price": "81.43",
            "revenue": 50918216
        },
        "2009-11": {
            "month": "2009-11",
            "price": "80.10",
            "revenue": 46250213
        },
        "2009-12": {
            "month": "2009-12",
            "price": "88.22",
            "revenue": 49540299
        },
        "2010-01": {
            "month": "2010-01",
            "price": "97.10",
            "revenue": 51100247
        },
        "2010-02": {
            "month": "2010-02",
            "price": "89.45",
            "revenue": 44319994
        },
        "2010-03": {
            "month": "2010-03",
            "price": "95.24",
            "revenue": 44426874
        },
        "2010-04": {
            "month": "2010-04",
            "price": "89.70",
            "revenue": 37019370
        },
        "2010-05": {
            "month": "2010-05",
            "price": "79.22",
            "revenue": 50487841
        },
        "2010-06": {
            "month": "2010-06",
            "price": "78.80",
            "revenue": 44418986
        },
        "2010-07": {
            "month": "2010-07",
            "price": "80.89",
            "revenue": 26261347
        },
        "2010-08": {
            "month": "2010-08",
            "price": "82.68",
            "revenue": 52758192
        },
        "2010-09": {
            "month": "2010-09",
            "price": "79.55",
            "revenue": 58365613
        },
        "2010-10": {
            "month": "2010-10",
            "price": "81.38",
            "revenue": 37406163
        },
        "2010-11": {
            "month": "2010-11",
            "price": "90.47",
            "revenue": 40713593
        },
        "2010-12": {
            "month": "2010-12",
            "price": "93.42",
            "revenue": 34784676
        },
        "2011-01": {
            "month": "2011-01",
            "price": "83.12",
            "revenue": 33362239
        },
        "2011-02": {
            "month": "2011-02",
            "price": "74.26",
            "revenue": 28054539
        },
        "2011-03": {
            "month": "2011-03",
            "price": "69.94",
            "revenue": 40752933
        },
        "2011-04": {
            "month": "2011-04",
            "price": "53.62",
            "revenue": 28392131
        },
        "2011-05": {
            "month": "2011-05",
            "price": "54.06",
            "revenue": 35738911
        },
        "2011-06": {
            "month": "2011-06",
            "price": "49.75",
            "revenue": 31939965
        },
        "2011-07": {
            "month": "2011-07",
            "price": "42.69",
            "revenue": 30679762
        },
        "2011-08": {
            "month": "2011-08",
            "price": "33.41",
            "revenue": 31617182
        },
        "2011-09": {
            "month": "2011-09",
            "price": "34.85",
            "revenue": 39966094
        },
        "2011-10": {
            "month": "2011-10",
            "price": "35.08",
            "revenue": 36420526
        },
        "2011-11": {
            "month": "2011-11",
            "price": "33.92",
            "revenue": 35755333
        },
        "2011-12": {
            "month": "2011-12",
            "price": "34.19",
            "revenue": 33034253
        },
        "2012-01": {
            "month": "2012-01",
            "price": "37.73",
            "revenue": 27201119
        },
        "2012-02": {
            "month": "2012-02",
            "price": "43.23",
            "revenue": 37537311
        },
        "2012-03": {
            "month": "2012-03",
            "price": "42.20",
            "revenue": 31753963
        },
        "2012-04": {
            "month": "2012-04",
            "price": "36.63",
            "revenue": 25269525
        },
        "2012-05": {
            "month": "2012-05",
            "price": "31.85",
            "revenue": 32106640
        },
        "2012-06": {
            "month": "2012-06",
            "price": "31.02",
            "revenue": 39751010
        },
        "2012-07": {
            "month": "2012-07",
            "price": "28.42",
            "revenue": 22656919
        },
        "2012-08": {
            "month": "2012-08",
            "price": "26.54",
            "revenue": 26706843
        },
        "2012-09": {
            "month": "2012-09",
            "price": "28.09",
            "revenue": 37604632
        },
        "2012-10": {
            "month": "2012-10",
            "price": "26.50",
            "revenue": 25525747
        },
        "2012-11": {
            "month": "2012-11",
            "price": "23.94",
            "revenue": 24356635
        },
        "2012-12": {
            "month": "2012-12",
            "price": "25.17",
            "revenue": 29417818
        },
        "2013-01": {
            "month": "2013-01",
            "price": "24.81",
            "revenue": 26341491
        },
        "2013-02": {
            "month": "2013-02",
            "price": "25.59",
            "revenue": 28103205
        },
        "2013-03": {
            "month": "2013-03",
            "price": "26.60",
            "revenue": 37359857
        },
        "2013-04": {
            "month": "2013-04",
            "price": "24.27",
            "revenue": 25772196
        },
        "2013-05": {
            "month": "2013-05",
            "price": "24.32",
            "revenue": 26312938
        },
        "2013-06": {
            "month": "2013-06",
            "price": "22.53",
            "revenue": 37423514
        },
        "2013-07": {
            "month": "2013-07",
            "price": "22.58",
            "revenue": 28552366
        },
        "2013-08": {
            "month": "2013-08",
            "price": "20.24",
            "revenue": 30659985
        },
        "2013-09": {
            "month": "2013-09",
            "price": "20.35",
            "revenue": 32966091
        },
        "2013-10": {
            "month": "2013-10",
            "price": "19.53",
            "revenue": 27571827
        },
        "2013-11": {
            "month": "2013-11",
            "price": "16.33",
            "revenue": 30742719
        },
        "2013-12": {
            "month": "2013-12",
            "price": "17.10",
            "revenue": 28384988
        },
        "2014-01": {
            "month": "2014-01",
            "price": "18.39",
            "revenue": 21468702
        },
        "2014-02": {
            "month": "2014-02",
            "price": "18.05",
            "revenue": 24470359
        },
        "2014-03": {
            "month": "2014-03",
            "price": "17.94",
            "revenue": 30791535
        },
        "2014-04": {
            "month": "2014-04",
            "price": "18.87",
            "revenue": 19253431
        },
        "2014-05": {
            "month": "2014-05",
            "price": "19.35",
            "revenue": 25547288
        },
        "2014-06": {
            "month": "2014-06",
            "price": "21.55",
            "revenue": 36549061
        },
        "2014-07": {
            "month": "2014-07",
            "price": "22.72",
            "revenue": 25112128
        },
        "2014-08": {
            "month": "2014-08",
            "price": "24.64",
            "revenue": 29851878
        },
        "2014-09": {
            "month": "2014-09",
            "price": "23.42",
            "revenue": 31100417
        },
        "2014-10": {
            "month": "2014-10",
            "price": "20.94",
            "revenue": 28222787
        },
        "2014-11": {
            "month": "2014-11",
            "price": "19.98",
            "revenue": 28488703
        },
        "2014-12": {
            "month": "2014-12",
            "price": "21.00",
            "revenue": 28979021
        },
        "2015-01": {
            "month": "2015-01",
            "price": "20.58",
            "revenue": 22709004
        },
        "2015-02": {
            "month": "2015-02",
            "price": "20.28",
            "revenue": 20643792
        },
        "2015-03": {
            "month": "2015-03",
            "price": "21.10",
            "revenue": 24744139
        },
        "2015-04": {
            "month": "2015-04",
            "price": "20.16",
            "revenue": 15823872
        },
        "2015-05": {
            "month": "2015-05",
            "price": "18.62",
            "revenue": 17663801
        },
        "2015-06": {
            "month": "2015-06",
            "price": "15.99",
            "revenue": 26568693
        },
        "2015-07": {
            "month": "2015-07",
            "price": "13.99",
            "revenue": 16880833
        },
        "2015-08": {
            "month": "2015-08",
            "price": "11.97",
            "revenue": 20997881
        },
        "2015-09": {
            "month": "2015-09",
            "price": "13.34",
            "revenue": 29445011
        },
        "2015-10": {
            "month": "2015-10",
            "price": "13.93",
            "revenue": 22042650
        },
        "2015-11": {
            "month": "2015-11",
            "price": "12.54",
            "revenue": 23380263
        },
        "2015-12": {
            "month": "2015-12",
            "price": "11.75",
            "revenue": 22590011
        },
        "2016-01": {
            "month": "2016-01",
            "price": "10.91",
            "revenue": 15876437
        },
        "2016-02": {
            "month": "2016-02",
            "price": "11.63",
            "revenue": 16174892
        },
        "2016-03": {
            "month": "2016-03",
            "price": "12.20",
            "revenue": 24264296
        },
        "2016-04": {
            "month": "2016-04",
            "price": "12.05",
            "revenue": 14053953
        },
        "2016-05": {
            "month": "2016-05",
            "price": "11.35",
            "revenue": 17329253
        },
        "2016-06": {
            "month": "2016-06",
            "price": "14.73",
            "revenue": 24767038
        },
        "2016-07": {
            "month": "2016-07",
            "price": "15.26",
            "revenue": 17099243
        },
        "2016-08": {
            "month": "2016-08",
            "price": "14.66",
            "revenue": 18973994
        },
        "2016-09": {
            "month": "2016-09",
            "price": "14.82",
            "revenue": 22531304
        },
        "2016-10": {
            "month": "2016-10",
            "price": "14.44",
            "revenue": 20097476
        },
        "2016-11": {
            "month": "2016-11",
            "price": "13.53",
            "revenue": 22725179
        },
        "2016-12": {
            "month": "2016-12",
            "price": "13.29",
            "revenue": 18839120
        },
        "2017-01": {
            "month": "2017-01",
            "price": "13.70",
            "revenue": 16962395
        },
        "2017-02": {
            "month": "2017-02",
            "price": "14.73",
            "revenue": 16739921
        },
        "2017-03": {
            "month": "2017-03",
            "price": "14.48",
            "revenue": 22328091
        },
        "2017-04": {
            "month": "2017-04",
            "price": "14.20",
            "revenue": 14432263
        },
        "2017-05": {
            "month": "2017-05",
            "price": "15.28",
            "revenue": 17964415
        },
        "2017-06": {
            "month": "2017-06",
            "price": "16.08",
            "revenue": 21229778
        },
        "2017-07": {
            "month": "2017-07",
            "price": "15.36",
            "revenue": 18165567
        },
        "2017-08": {
            "month": "2017-08",
            "price": "14.85",
            "revenue": 20056477
        },
        "2017-09": {
            "month": "2017-09",
            "price": "15.75",
            "revenue": 22356706
        },
        "2017-10": {
            "month": "2017-10",
            "price": "15.68",
            "revenue": 22456148
        },
        "2017-11": {
            "month": "2017-11",
            "price": "18.95",
            "revenue": 23609269
        },
        "2017-12": {
            "month": "2017-12",
            "price": "21.39",
            "revenue": 21030735
        },
        "2018-01": {
            "month": "2018-01",
            "price": "26.84",
            "revenue": 16873293
        },
        "2018-02": {
            "month": "2018-02",
            "price": "25.05",
            "revenue": 15254671
        },
        "2018-03": {
            "month": "2018-03",
            "price": "25.55",
            "revenue": 22644125
        },
        "2018-04": {
            "month": "2018-04",
            "price": "22.96",
            "revenue": 16278799
        },
        "2018-05": {
            "month": "2018-05",
            "price": "23.75",
            "revenue": 18739077
        },
        "2018-06": {
            "month": "2018-06",
            "price": "25.90",
            "revenue": 23478664
        },
        "2018-07": {
            "month": "2018-07",
            "price": "24.59",
            "revenue": 20068854
        },
        "2018-08": {
            "month": "2018-08",
            "price": "24.61",
            "revenue": 22357209
        },
        "2018-09": {
            "month": "2018-09",
            "price": "24.86",
            "revenue": 22915511
        },
        "2018-10": {
            "month": "2018-10",
            "price": "22.59",
            "revenue": 19958114
        },
        "2018-11": {
            "month": "2018-11",
            "price": "20.34",
            "revenue": 22167132
        },
        "2018-12": {
            "month": "2018-12",
            "price": "19.50",
            "revenue": 21834625
        },
        "2019-01": {
            "month": "2019-01",
            "price": "19.03",
            "revenue": 16658134
        },
        "2019-02": {
            "month": "2019-02",
            "price": "19.95",
            "revenue": 14468978
        },
        "2019-03": {
            "month": "2019-03",
            "price": "20.12",
            "revenue": 23553435
        },
        "2019-04": {
            "month": "2019-04",
            "price": "20.86",
            "revenue": 13999083
        },
        "2019-05": {
            "month": "2019-05",
            "price": "19.21",
            "revenue": 16670816
        },
        "2019-06": {
            "month": "2019-06",
            "price": "19.24",
            "revenue": 24480331
        },
        "2019-07": {
            "month": "2019-07",
            "price": "19.19",
            "revenue": 18316757
        },
        "2019-08": {
            "month": "2019-08",
            "price": "17.21",
            "revenue": 20211350
        },
        "2019-09": {
            "month": "2019-09",
            "price": "17.67",
            "revenue": 24342374
        },
        "2019-10": {
            "month": "2019-10",
            "price": "17.74",
            "revenue": 17819295
        },
        "2019-11": {
            "month": "2019-11",
            "price": "18.08",
            "revenue": 20427418
        },
        "2019-12": {
            "month": "2019-12",
            "price": "18.02",
            "revenue": 23269997
        },
        "2020-01": {
            "month": "2020-01",
            "price": "17.68",
            "revenue": 13553085
        },
        "2020-02": {
            "month": "2020-02",
            "price": "16.82",
            "revenue": 11230756
        },
        "2020-03": {
            "month": "2020-03",
            "price": "14.82",
            "revenue": 24070662
        },
        "2020-04": {
            "month": "2020-04",
            "price": "15.86",
            "revenue": 19747695
        },
        "2020-05": {
            "month": "2020-05",
            "price": "16.26",
            "revenue": 20181059
        },
        "2020-06": {
            "month": "2020-06",
            "price": "17.52",
            "revenue": 25673362
        },
        "2020-07": {
            "month": "2020-07",
            "price": "18.82",
            "revenue": 23240567
        },
        "2020-08": {
            "month": "2020-08",
            "price": "22.73",
            "revenue": 27273473
        },
        "2020-09": {
            "month": "2020-09",
            "price": "24.74",
            "revenue": 29514820
        },
        "2020-10": {
            "month": "2020-10",
            "price": "24.54",
            "revenue": 25517060
        },
        "2020-11": {
            "month": "2020-11",
            "price": "23.01",
            "revenue": 28718879
        },
        "2020-12": {
            "month": "2020-12",
            "price": "23.80",
            "revenue": 28363840
        },
        "2021-01": {
            "month": "2021-01",
            "price": "24.82",
            "revenue": 23495092
        },
        "2021-02": {
            "month": "2021-02",
            "price": "26.52",
            "revenue": 20318181
        },
        "2021-03": {
            "month": "2021-03",
            "price": "28.79",
            "revenue": 27744277
        },
        "2021-04": {
            "month": "2021-04",
            "price": "33.44",
            "revenue": 24949924
        },
        "2021-05": {
            "month": "2021-05",
            "price": "31.62",
            "revenue": 24806745
        },
        "2021-06": {
            "month": "2021-06",
            "price": "31.31",
            "revenue": 30019319
        },
        "2021-07": {
            "month": "2021-07",
            "price": "27.93",
            "revenue": 26101937
        },
        "2021-08": {
            "month": "2021-08",
            "price": "25.77",
            "revenue": 27103972
        },
        "2021-09": {
            "month": "2021-09",
            "price": "24.91",
            "revenue": 27928061
        },
        "2021-10": {
            "month": "2021-10",
            "price": "25.32",
            "revenue": 28009307
        },
        "2021-11": {
            "month": "2021-11",
            "price": "26.98",
            "revenue": 28854944
        },
        "2021-12": {
            "month": "2021-12",
            "price": "29.70",
            "revenue": 29515884
        },
        "2022-01": {
            "month": "2022-01",
            "price": "30.09",
            "revenue": 25157785
        },
        "2022-02": {
            "month": "2022-02",
            "price": "29.20",
            "revenue": 22905548
        },
        "2022-03": {
            "month": "2022-03",
            "price": "29.38",
            "revenue": 30309589
        },
        "2022-04": {
            "month": "2022-04",
            "price": "28.19",
            "revenue": 19225271
        },
        "2022-05": {
            "month": "2022-05",
            "price": "28.21",
            "revenue": 22177464
        },
        "2022-06": {
            "month": "2022-06",
            "price": "27.01",
            "revenue": 30944911
        },
        "2022-07": {
            "month": "2022-07",
            "price": "21.93",
            "revenue": 17458555
        },
        "2022-08": {
            "month": "2022-08",
            "price": "22.16",
            "revenue": 20241042
        },
        "2022-09": {
            "month": "2022-09",
            "price": "21.73",
            "revenue": 27161582
        },
        "2022-10": {
            "month": "2022-10",
            "price": "21.96",
            "revenue": 18050379
        },
        "2022-11": {
            "month": "2022-11",
            "price": "24.16",
            "revenue": 18906052
        },
        "2022-12": {
            "month": "2022-12",
            "price": "23.43",
            "revenue": 22892167
        },
        "2023-01": {
            "month": "2023-01",
            "price": "24.19",
            "revenue": 13632970
        },
        "2023-02": {
            "month": "2023-02",
            "price": "25.38",
            "revenue": 14678091
        },
        "2023-03": {
            "month": "2023-03",
            "price": "26.71",
            "revenue": 24147491
        },
        "2023-04": {
            "month": "2023-04",
            "price": "29.23",
            "revenue": 13830446
        },
        "2023-05": {
            "month": "2023-05",
            "price": "30.22",
            "revenue": 18083861
        }
    }
}
