{
    "summary": {
        "stock_name": "鴻準",
        "stock_id": "2354",
        "category": "其他電子",
        "main_business": "電腦終端機顯示器及有關零組件之加工製造銷售業務<br>前項產品之進出口貿易(限工廠產品)<br>代理國內外廠商產品之經銷報價及投標業務",
        "website_url": "http://www.foxconntech.com.tw",
        "ceo": "陳務光",
        "pe_ratio": 17,
        "report_year_from": 2001,
        "report_year_to": 2023,
        "age": 23,
        "eps_negative_percentage": 0,
        "eps_growth_avg": {
            "last_all": 6.81,
            "last_2y": -11.46,
            "last_4y": -18.05,
            "last_8y": -10.13,
            "last_12y": -4.7,
            "last_16y": -6.26,
            "last_20y": 7.86,
            "at_2006_last_3y": 67.88,
            "at_2007_last_3y": 50.98,
            "at_2008_last_3y": 23.66,
            "at_2009_last_3y": 6.61,
            "at_2010_last_3y": -11.31,
            "at_2011_last_3y": -10.55,
            "at_2012_last_3y": -0.6,
            "at_2013_last_3y": -2.86,
            "at_2014_last_3y": 7.5,
            "at_2015_last_3y": 8.22,
            "at_2016_last_3y": 4.67,
            "at_2017_last_3y": 8.09,
            "at_2018_last_3y": -0.22,
            "at_2019_last_3y": -12.72,
            "at_2020_last_3y": -17.9,
            "at_2021_last_3y": -17.23,
            "at_2022_last_3y": -16.36,
            "at_2023_last_3y": -17.11,
            "at_2024_last_3y": -17.11,
            "at_2006_last_all": 51.26,
            "at_2007_last_all": 46.42,
            "at_2008_last_all": 34.23,
            "at_2009_last_all": 28.43,
            "at_2010_last_all": 23.45,
            "at_2011_last_all": 23.63,
            "at_2012_last_all": 21.56,
            "at_2013_last_all": 18,
            "at_2014_last_all": 18.54,
            "at_2015_last_all": 19.23,
            "at_2016_last_all": 17.06,
            "at_2017_last_all": 15.52,
            "at_2018_last_all": 14.13,
            "at_2019_last_all": 12.13,
            "at_2020_last_all": 9.7,
            "at_2021_last_all": 8.97,
            "at_2022_last_all": 8.32,
            "at_2023_last_all": 6.81,
            "at_2024_last_all": 6.81
        },
        "latest_eps": 2.85,
        "latest_price": 49.8,
        "latest_roe": 3.96,
        "latest_gross_margin": 6.92,
        "latest_equity": 104246520,
        "latest_revenue": 22339180,
        "latest_gross_profit": 1544786,
        "latest_net_income": 1058098,
        "latest_debt_ratio": 25.95,
        "latest_current_ratio": 225.3,
        "latest_account_receivable_turnover_ratio": 1.56,
        "latest_inventory_turnover_ratio": 5.44,
        "latest_reinvestment_rate": -32.47,
        "latest_research_to_sale_ratio": 1.99
    },
    "eps_dividends": {
        "2001": {
            "cash": 0,
            "stock": 0,
            "eps": 1.51
        },
        "2002": {
            "cash": 0,
            "stock": 0.5,
            "eps": 1.28
        },
        "2003": {
            "cash": 0,
            "stock": 1,
            "eps": 2.43
        },
        "2004": {
            "cash": 0,
            "stock": 1,
            "eps": 4.14
        },
        "2005": {
            "cash": 0.5,
            "stock": 1,
            "eps": 6.46
        },
        "2006": {
            "cash": 1.5,
            "stock": 1.5,
            "eps": 10.03
        },
        "2007": {
            "cash": 3.5,
            "stock": 1.5,
            "eps": 12.26
        },
        "2008": {
            "cash": 4,
            "stock": 1,
            "eps": 7.49
        },
        "2009": {
            "cash": 0.8,
            "stock": 1.4,
            "eps": 6.58
        },
        "2010": {
            "cash": 0.8,
            "stock": 1.4,
            "eps": 5.5
        },
        "2011": {
            "cash": 2,
            "stock": 1,
            "eps": 6.89
        },
        "2012": {
            "cash": 0,
            "stock": 0,
            "eps": 6.95
        },
        "2013": {
            "cash": 1,
            "stock": 0.5,
            "eps": 5.48
        },
        "2014": {
            "cash": 1,
            "stock": 0.5,
            "eps": 6.85
        },
        "2015": {
            "cash": 2.5,
            "stock": 0.1,
            "eps": 8.78
        },
        "2016": {
            "cash": 3,
            "stock": 0.1,
            "eps": 7.61
        },
        "2017": {
            "cash": 3.8,
            "stock": 0,
            "eps": 7.04
        },
        "2018": {
            "cash": 3.6,
            "stock": 0,
            "eps": 6.46
        },
        "2019": {
            "cash": 3.2,
            "stock": 0,
            "eps": 5.05
        },
        "2020": {
            "cash": 2.5,
            "stock": 0,
            "eps": 3.33
        },
        "2021": {
            "cash": 1.8,
            "stock": 0,
            "eps": 3.17
        },
        "2022": {
            "cash": 1.7,
            "stock": 0,
            "eps": 3.02
        },
        "2023": {
            "cash": 1.6,
            "stock": 0,
            "eps": 2.27
        }
    },
    "dividends": {
        "2002-06-10": {
            "cash": 0,
            "stock": 0.5
        },
        "2003-06-27": {
            "cash": 0,
            "stock": 1
        },
        "2004-04-29": {
            "cash": 0,
            "stock": 1
        },
        "2005-04-29": {
            "cash": 0.5,
            "stock": 1
        },
        "2006-04-28": {
            "cash": 1.5,
            "stock": 1.5
        },
        "2007-04-28": {
            "cash": 3.5,
            "stock": 1.5
        },
        "2008-04-22": {
            "cash": 4,
            "stock": 1
        },
        "2009-03-19": {
            "cash": 0.8,
            "stock": 1.4
        },
        "2010-04-26": {
            "cash": 0.8,
            "stock": 1.4
        },
        "2011-01-01": {
            "cash": 1,
            "stock": 0.5
        },
        "2011-04-28": {
            "cash": 1,
            "stock": 0.5
        },
        "2013-05-14": {
            "cash": 1,
            "stock": 0.5
        },
        "2014-09-30": {
            "cash": 1,
            "stock": 0.5
        },
        "2015-09-30": {
            "cash": 2.5,
            "stock": 0.1
        },
        "2016-10-07": {
            "cash": 3,
            "stock": 0.1
        },
        "2017-08-10": {
            "cash": 3.8,
            "stock": 0
        },
        "2018-08-24": {
            "cash": 3.6,
            "stock": 0
        },
        "2019-08-23": {
            "cash": 3.2,
            "stock": 0
        },
        "2020-08-21": {
            "cash": 2.5,
            "stock": 0
        },
        "2021-08-20": {
            "cash": 1.8,
            "stock": 0
        },
        "2022-07-28": {
            "cash": 1.7,
            "stock": 0
        },
        "2023-07-28": {
            "cash": 1.6,
            "stock": 0
        }
    },
    "prices": {
        "200101": "28.33",
        "200102": "40.10",
        "200103": "48.94",
        "200104": "49.04",
        "200105": "44.50",
        "200106": "45.20",
        "200107": "29.63",
        "200108": "33.98",
        "200109": "28.69",
        "200110": "25.09",
        "200111": "31.12",
        "200112": "35.75",
        "200201": "38.65",
        "200202": "41.55",
        "200203": "46.41",
        "200204": "43.66",
        "200205": "39.76",
        "200206": "37.68",
        "200207": "32.11",
        "200208": "29.83",
        "200209": "32.28",
        "200210": "35.20",
        "200211": "34.23",
        "200212": "32.63",
        "200301": "31.18",
        "200302": "28.64",
        "200303": "25.78",
        "200304": "26.94",
        "200305": "25.60",
        "200306": "32.12",
        "200307": "47.13",
        "200308": "54.55",
        "200309": "50.60",
        "200310": "52.73",
        "200311": "52.00",
        "200312": "54.70",
        "200401": "65.10",
        "200402": "73.70",
        "200403": "66.65",
        "200404": "64.45",
        "200405": "57.26",
        "200406": "58.12",
        "200407": "54.24",
        "200408": "45.96",
        "200409": "50.36",
        "200410": "55.98",
        "200411": "61.80",
        "200412": "66.63",
        "200501": "66.36",
        "200502": "80.42",
        "200503": "86.29",
        "200504": "88.01",
        "200505": "100.90",
        "200506": "121.00",
        "200507": "133.02",
        "200508": "133.07",
        "200509": "134.45",
        "200510": "134.70",
        "200511": "145.32",
        "200512": "159.41",
        "200601": "164.14",
        "200602": "157.00",
        "200603": "186.09",
        "200604": "232.13",
        "200605": "246.10",
        "200606": "241.02",
        "200607": "241.17",
        "200608": "259.04",
        "200609": "290.31",
        "200610": "322.32",
        "200611": "316.91",
        "200612": "358.79",
        "200701": "410.98",
        "200702": "377.42",
        "200703": "338.54",
        "200704": "348.18",
        "200705": "335.93",
        "200706": "390.00",
        "200707": "396.66",
        "200708": "314.20",
        "200709": "345.19",
        "200710": "373.02",
        "200711": "322.02",
        "200712": "267.52",
        "200801": "205.50",
        "200802": "186.21",
        "200803": "189.62",
        "200804": "207.26",
        "200805": "178.90",
        "200806": "164.17",
        "200807": "143.36",
        "200808": "158.86",
        "200809": "126.39",
        "200810": "83.85",
        "200811": "72.21",
        "200812": "71.57",
        "200901": "76.74",
        "200902": "77.10",
        "200903": "85.62",
        "200904": "92.29",
        "200905": "99.16",
        "200906": "94.67",
        "200907": "94.04",
        "200908": "82.28",
        "200909": "89.50",
        "200910": "101.25",
        "200911": "114.33",
        "200912": "116.67",
        "201001": "127.00",
        "201002": "122.29",
        "201003": "116.35",
        "201004": "130.71",
        "201005": "122.98",
        "201006": "111.40",
        "201007": "109.36",
        "201008": "110.75",
        "201009": "97.42",
        "201010": "96.05",
        "201011": "99.24",
        "201012": "111.63",
        "201101": "115.52",
        "201102": "109.50",
        "201103": "110.83",
        "201104": "125.53",
        "201105": "136.81",
        "201106": "126.10",
        "201107": "128.62",
        "201108": "109.61",
        "201109": "100.21",
        "201110": "103.20",
        "201111": "99.55",
        "201112": "92.61",
        "201201": "100.33",
        "201202": "129.48",
        "201203": "127.98",
        "201204": "105.62",
        "201205": "101.38",
        "201206": "104.88",
        "201207": "108.80",
        "201208": "112.70",
        "201209": "117.50",
        "201210": "108.00",
        "201211": "98.79",
        "201212": "94.28",
        "201301": "87.01",
        "201302": "84.38",
        "201303": "81.45",
        "201304": "79.16",
        "201305": "80.73",
        "201306": "75.24",
        "201307": "74.39",
        "201308": "77.42",
        "201309": "76.76",
        "201310": "74.97",
        "201311": "68.94",
        "201312": "69.59",
        "201401": "69.46",
        "201402": "67.63",
        "201403": "70.70",
        "201404": "74.65",
        "201405": "71.79",
        "201406": "70.36",
        "201407": "75.15",
        "201408": "74.91",
        "201409": "74.42",
        "201410": "75.90",
        "201411": "83.99",
        "201412": "87.12",
        "201501": "85.14",
        "201502": "81.96",
        "201503": "81.19",
        "201504": "87.53",
        "201505": "96.55",
        "201506": "107.52",
        "201507": "105.95",
        "201508": "94.63",
        "201509": "93.43",
        "201510": "90.98",
        "201511": "79.11",
        "201512": "70.58",
        "201601": "62.05",
        "201602": "64.61",
        "201603": "71.30",
        "201604": "70.67",
        "201605": "68.86",
        "201606": "74.35",
        "201607": "76.59",
        "201608": "82.95",
        "201609": "86.95",
        "201610": "93.12",
        "201611": "85.56",
        "201612": "84.31",
        "201701": "85.61",
        "201702": "93.36",
        "201703": "93.17",
        "201704": "90.34",
        "201705": "89.34",
        "201706": "88.18",
        "201707": "91.83",
        "201708": "94.96",
        "201709": "92.23",
        "201710": "92.84",
        "201711": "89.87",
        "201712": "84.64",
        "201801": "85.58",
        "201802": "80.38",
        "201803": "79.29",
        "201804": "76.58",
        "201805": "74.98",
        "201806": "75.02",
        "201807": "75.38",
        "201808": "76.85",
        "201809": "74.76",
        "201810": "67.75",
        "201811": "63.68",
        "201812": "60.98",
        "201901": "58.69",
        "201902": "61.49",
        "201903": "62.09",
        "201904": "68.60",
        "201905": "63.51",
        "201906": "62.42",
        "201907": "65.35",
        "201908": "62.18",
        "201909": "64.35",
        "201910": "64.87",
        "201911": "67.13",
        "201912": "67.73",
        "202001": "64.71",
        "202002": "60.60",
        "202003": "53.22",
        "202004": "53.62",
        "202005": "55.08",
        "202006": "54.86",
        "202007": "56.56",
        "202008": "53.43",
        "202009": "52.26",
        "202010": "51.41",
        "202011": "51.65",
        "202012": "53.03",
        "202101": "69.35",
        "202102": "70.97",
        "202103": "72.46",
        "202104": "71.05",
        "202105": "63.24",
        "202106": "64.89",
        "202107": "64.55",
        "202108": "64.46",
        "202109": "65.74",
        "202110": "68.70",
        "202111": "67.90",
        "202112": "64.54",
        "202201": "63.01",
        "202202": "62.86",
        "202203": "62.84",
        "202204": "60.36",
        "202205": "57.12",
        "202206": "54.62",
        "202207": "47.33",
        "202208": "49.92",
        "202209": "47.86",
        "202210": "46.01",
        "202211": "48.64",
        "202212": "52.45",
        "202301": "52.77",
        "202302": "55.53",
        "202303": "54.23",
        "202304": "54.52",
        "202305": "53.57",
        "202306": "55.86",
        "202307": "55.35",
        "202308": "55.32",
        "202309": "57.30",
        "202310": "55.35",
        "202311": "52.83",
        "202312": "52.13"
    },
    "quarters": {
        "20011": {
            "year_quarter": 20011,
            "year": 2001,
            "quarter": 1,
            "eps": 0.56,
            "eps_growth_year": -31.71,
            "eps_4q": 3.17,
            "eps_4q_growth_year": 84.99,
            "roe": 4.35,
            "roe_4q": 4.35,
            "gross_profit": 215512,
            "gross_margin": 3.28,
            "gross_margin_4q_avg": 3.28,
            "net_income": 81559,
            "net_income_4q": null,
            "revenue": 6564825,
            "revenue_4q": null,
            "common_shares": 1457000,
            "book_valuer_per_share": 13.16,
            "book_valuer_per_share_4q_avg": 13.16,
            "equity": 1917260,
            "current_ratio": 115.84,
            "debt_ratio": 78.17,
            "inventory_turnover_ratio": 4.68,
            "account_receivable_turnover_ratio": null,
            "reinvestment_rate": null,
            "research_to_sale_ratio": null,
            "price_fair": 0,
            "eps_avg_yearly": 0,
            "eps_latest_yearly": 0,
            "eps_growth_yearly": 0
        },
        "20012": {
            "year_quarter": 20012,
            "year": 2001,
            "quarter": 2,
            "eps": 0.19,
            "eps_growth_year": -42.42,
            "eps_4q": 3.08,
            "eps_4q_growth_year": 24.39,
            "roe": 1.41,
            "roe_4q": 5.76,
            "gross_profit": -11039,
            "gross_margin": -0.31,
            "gross_margin_4q_avg": 1.49,
            "net_income": 27223,
            "net_income_4q": null,
            "revenue": 3595528,
            "revenue_4q": null,
            "common_shares": 1457000,
            "book_valuer_per_share": 13.4,
            "book_valuer_per_share_4q_avg": 13.28,
            "equity": 1953031,
            "current_ratio": 135.58,
            "debt_ratio": 61.89,
            "inventory_turnover_ratio": 5.17,
            "account_receivable_turnover_ratio": null,
            "reinvestment_rate": null,
            "research_to_sale_ratio": null,
            "price_fair": 0,
            "eps_avg_yearly": 0,
            "eps_latest_yearly": 0,
            "eps_growth_yearly": 0
        },
        "20013": {
            "year_quarter": 20013,
            "year": 2001,
            "quarter": 3,
            "eps": 0.23,
            "eps_growth_year": -77.23,
            "eps_4q": 2.26,
            "eps_4q_growth_year": -28.82,
            "roe": 1.69,
            "roe_4q": 7.449999999999999,
            "gross_profit": 134162,
            "gross_margin": 3.43,
            "gross_margin_4q_avg": 2.13,
            "net_income": 33247,
            "net_income_4q": null,
            "revenue": 3906331,
            "revenue_4q": null,
            "common_shares": 1457000,
            "book_valuer_per_share": 13.63,
            "book_valuer_per_share_4q_avg": 13.4,
            "equity": 1986594,
            "current_ratio": 144.64,
            "debt_ratio": 58.12,
            "inventory_turnover_ratio": 13.42,
            "account_receivable_turnover_ratio": null,
            "reinvestment_rate": null,
            "research_to_sale_ratio": null,
            "price_fair": 0,
            "eps_avg_yearly": 0,
            "eps_latest_yearly": 0,
            "eps_growth_yearly": 0
        },
        "20014": {
            "year_quarter": 20014,
            "year": 2001,
            "quarter": 4,
            "eps": 0.53,
            "eps_growth_year": -58.27,
            "eps_4q": 1.51,
            "eps_4q_growth_year": -55.98,
            "roe": 3.78,
            "roe_4q": 11.23,
            "gross_profit": 242455,
            "gross_margin": 4.45,
            "gross_margin_4q_avg": 2.71,
            "net_income": 76740,
            "net_income_4q": null,
            "revenue": 5447144,
            "revenue_4q": null,
            "common_shares": 1457000,
            "book_valuer_per_share": 14.26,
            "book_valuer_per_share_4q_avg": 13.61,
            "equity": 2077020,
            "current_ratio": 138.51,
            "debt_ratio": 63.24,
            "inventory_turnover_ratio": 35.75,
            "account_receivable_turnover_ratio": null,
            "reinvestment_rate": null,
            "research_to_sale_ratio": null,
            "price_fair": 0,
            "eps_avg_yearly": 0,
            "eps_latest_yearly": 0,
            "eps_growth_yearly": 0
        },
        "20021": {
            "year_quarter": 20021,
            "year": 2002,
            "quarter": 1,
            "eps": 0.38,
            "eps_growth_year": -32.14,
            "eps_4q": 1.09,
            "eps_4q_growth_year": -65.69,
            "roe": 2.65,
            "roe_4q": 9.53,
            "gross_profit": 111454,
            "gross_margin": 2.71,
            "gross_margin_4q_avg": 2.57,
            "net_income": 73554,
            "net_income_4q": null,
            "revenue": 4106770,
            "revenue_4q": null,
            "common_shares": 2125000,
            "book_valuer_per_share": 16.36,
            "book_valuer_per_share_4q_avg": 14.41,
            "equity": 3475531,
            "current_ratio": 169.87,
            "debt_ratio": 45.55,
            "inventory_turnover_ratio": 15.08,
            "account_receivable_turnover_ratio": null,
            "reinvestment_rate": null,
            "research_to_sale_ratio": null,
            "price_fair": 4.56,
            "eps_avg_yearly": 1.52,
            "eps_latest_yearly": 1.52,
            "eps_growth_yearly": -113.21
        },
        "20022": {
            "year_quarter": 20022,
            "year": 2002,
            "quarter": 2,
            "eps": -0.02,
            "eps_growth_year": -110.53,
            "eps_4q": 0.84,
            "eps_4q_growth_year": -72.73,
            "roe": -0.14,
            "roe_4q": 7.979999999999999,
            "gross_profit": 97727,
            "gross_margin": 4.19,
            "gross_margin_4q_avg": 3.7,
            "net_income": -4884,
            "net_income_4q": null,
            "revenue": 2329930,
            "revenue_4q": null,
            "common_shares": 2125000,
            "book_valuer_per_share": 16.29,
            "book_valuer_per_share_4q_avg": 15.14,
            "equity": 3461739,
            "current_ratio": 212.7,
            "debt_ratio": 41.6,
            "inventory_turnover_ratio": 6.21,
            "account_receivable_turnover_ratio": null,
            "reinvestment_rate": null,
            "research_to_sale_ratio": null,
            "price_fair": 4.56,
            "eps_avg_yearly": 1.52,
            "eps_latest_yearly": 1.52,
            "eps_growth_yearly": -113.21
        },
        "20023": {
            "year_quarter": 20023,
            "year": 2002,
            "quarter": 3,
            "eps": 0.1,
            "eps_growth_year": -56.52,
            "eps_4q": 0.76,
            "eps_4q_growth_year": -66.43,
            "roe": 0.63,
            "roe_4q": 6.92,
            "gross_profit": 32884,
            "gross_margin": 2.26,
            "gross_margin_4q_avg": 3.4,
            "net_income": 22047,
            "net_income_4q": null,
            "revenue": 1456011,
            "revenue_4q": null,
            "common_shares": 2240499,
            "book_valuer_per_share": 15.59,
            "book_valuer_per_share_4q_avg": 15.63,
            "equity": 3492428,
            "current_ratio": 252.13,
            "debt_ratio": 34.36,
            "inventory_turnover_ratio": 4.07,
            "account_receivable_turnover_ratio": null,
            "reinvestment_rate": null,
            "research_to_sale_ratio": null,
            "price_fair": 4.56,
            "eps_avg_yearly": 1.52,
            "eps_latest_yearly": 1.52,
            "eps_growth_yearly": -113.21
        },
        "20024": {
            "year_quarter": 20024,
            "year": 2002,
            "quarter": 4,
            "eps": 0.82,
            "eps_growth_year": 54.72,
            "eps_4q": 1.23,
            "eps_4q_growth_year": -18.32,
            "roe": 5.01,
            "roe_4q": 8.15,
            "gross_profit": 77912,
            "gross_margin": 3.29,
            "gross_margin_4q_avg": 3.11,
            "net_income": 179614,
            "net_income_4q": null,
            "revenue": 2369346,
            "revenue_4q": null,
            "common_shares": 2240499,
            "book_valuer_per_share": 16.4,
            "book_valuer_per_share_4q_avg": 16.16,
            "equity": 3673314,
            "current_ratio": 288.76,
            "debt_ratio": 29.48,
            "inventory_turnover_ratio": 7.16,
            "account_receivable_turnover_ratio": null,
            "reinvestment_rate": -14.71,
            "research_to_sale_ratio": null,
            "price_fair": 84,
            "eps_avg_yearly": 2.4,
            "eps_latest_yearly": 3.28,
            "eps_growth_yearly": 1383.4
        },
        "20031": {
            "year_quarter": 20031,
            "year": 2003,
            "quarter": 1,
            "eps": 0.36,
            "eps_growth_year": -5.26,
            "eps_4q": 1.23,
            "eps_4q_growth_year": 13.02,
            "roe": 2.19,
            "roe_4q": 7.6899999999999995,
            "gross_profit": 89847,
            "gross_margin": 3.7,
            "gross_margin_4q_avg": 3.36,
            "net_income": 81368,
            "net_income_4q": null,
            "revenue": 2427026,
            "revenue_4q": null,
            "common_shares": 2240499,
            "book_valuer_per_share": 16.74,
            "book_valuer_per_share_4q_avg": 16.26,
            "equity": 3750251,
            "current_ratio": 254.08,
            "debt_ratio": 33.11,
            "inventory_turnover_ratio": 6.33,
            "account_receivable_turnover_ratio": null,
            "reinvestment_rate": -11.99,
            "research_to_sale_ratio": null,
            "price_fair": 72.8,
            "eps_avg_yearly": 2.08,
            "eps_latest_yearly": 1.44,
            "eps_growth_yearly": 847.47
        },
        "20032": {
            "year_quarter": 20032,
            "year": 2003,
            "quarter": 2,
            "eps": 0.52,
            "eps_growth_year": null,
            "eps_4q": 1.65,
            "eps_4q_growth_year": 96.22,
            "roe": 3.41,
            "roe_4q": 11.24,
            "gross_profit": 141238,
            "gross_margin": 5.11,
            "gross_margin_4q_avg": 3.59,
            "net_income": 130279,
            "net_income_4q": null,
            "revenue": 2761846,
            "revenue_4q": null,
            "common_shares": 2240499,
            "book_valuer_per_share": 17.33,
            "book_valuer_per_share_4q_avg": 16.52,
            "equity": 3883681,
            "current_ratio": 283.2,
            "debt_ratio": 28.51,
            "inventory_turnover_ratio": 8.82,
            "account_receivable_turnover_ratio": null,
            "reinvestment_rate": -7.39,
            "research_to_sale_ratio": null,
            "price_fair": 72.8,
            "eps_avg_yearly": 2.08,
            "eps_latest_yearly": 2.08,
            "eps_growth_yearly": 680.04
        },
        "20033": {
            "year_quarter": 20033,
            "year": 2003,
            "quarter": 3,
            "eps": 0.8,
            "eps_growth_year": 700,
            "eps_4q": 2.37,
            "eps_4q_growth_year": 212.54,
            "roe": 5,
            "roe_4q": 15.61,
            "gross_profit": 142712,
            "gross_margin": 3.34,
            "gross_margin_4q_avg": 3.86,
            "net_income": 198874,
            "net_income_4q": null,
            "revenue": 4272133,
            "revenue_4q": null,
            "common_shares": 2484000,
            "book_valuer_per_share": 16.41,
            "book_valuer_per_share_4q_avg": 16.72,
            "equity": 4076029,
            "current_ratio": 155.96,
            "debt_ratio": 45.23,
            "inventory_turnover_ratio": 9,
            "account_receivable_turnover_ratio": null,
            "reinvestment_rate": 52.79,
            "research_to_sale_ratio": null,
            "price_fair": 80.64,
            "eps_avg_yearly": 2.3,
            "eps_latest_yearly": 3.2,
            "eps_growth_yearly": 587.11
        },
        "20034": {
            "year_quarter": 20034,
            "year": 2003,
            "quarter": 4,
            "eps": 0.75,
            "eps_growth_year": -8.54,
            "eps_4q": 2.4,
            "eps_4q_growth_year": 94.22,
            "roe": 3.08,
            "roe_4q": 13.68,
            "gross_profit": 6198,
            "gross_margin": 0.16,
            "gross_margin_4q_avg": 3.08,
            "net_income": 186944,
            "net_income_4q": null,
            "revenue": 3891126,
            "revenue_4q": null,
            "common_shares": 4568760,
            "book_valuer_per_share": 17.67,
            "book_valuer_per_share_4q_avg": 17.04,
            "equity": 8071973,
            "current_ratio": 208.48,
            "debt_ratio": 39.25,
            "inventory_turnover_ratio": 3.98,
            "account_receivable_turnover_ratio": null,
            "reinvestment_rate": 66.31,
            "research_to_sale_ratio": null,
            "price_fair": 84.7,
            "eps_avg_yearly": 2.42,
            "eps_latest_yearly": 3,
            "eps_growth_yearly": 485.09
        },
        "20041": {
            "year_quarter": 20041,
            "year": 2004,
            "quarter": 1,
            "eps": 0.61,
            "eps_growth_year": 69.44,
            "eps_4q": 1.74,
            "eps_4q_growth_year": 40.99,
            "roe": 3.42,
            "roe_4q": 14.91,
            "gross_profit": 333890,
            "gross_margin": 7.14,
            "gross_margin_4q_avg": 3.94,
            "net_income": 279838,
            "net_income_4q": null,
            "revenue": 4678099,
            "revenue_4q": null,
            "common_shares": 4568760,
            "book_valuer_per_share": 18.18,
            "book_valuer_per_share_4q_avg": 17.4,
            "equity": 8303746,
            "current_ratio": 182.21,
            "debt_ratio": 36.23,
            "inventory_turnover_ratio": 3.37,
            "account_receivable_turnover_ratio": null,
            "reinvestment_rate": 56.2,
            "research_to_sale_ratio": null,
            "price_fair": 84.8,
            "eps_avg_yearly": 2.42,
            "eps_latest_yearly": 2.44,
            "eps_growth_yearly": 405.13
        },
        "20042": {
            "year_quarter": 20042,
            "year": 2004,
            "quarter": 2,
            "eps": 0.82,
            "eps_growth_year": 57.69,
            "eps_4q": 2.14,
            "eps_4q_growth_year": 29.61,
            "roe": 4.85,
            "roe_4q": 16.35,
            "gross_profit": 687346,
            "gross_margin": 10.78,
            "gross_margin_4q_avg": 5.36,
            "net_income": 414112,
            "net_income_4q": null,
            "revenue": 6377903,
            "revenue_4q": null,
            "common_shares": 4568760,
            "book_valuer_per_share": 19.18,
            "book_valuer_per_share_4q_avg": 17.86,
            "equity": 8760775,
            "current_ratio": 177.07,
            "debt_ratio": 37.05,
            "inventory_turnover_ratio": 3.51,
            "account_receivable_turnover_ratio": null,
            "reinvestment_rate": 48.58,
            "research_to_sale_ratio": null,
            "price_fair": 88.55,
            "eps_avg_yearly": 2.53,
            "eps_latest_yearly": 3.28,
            "eps_growth_yearly": 371.7
        },
        "20043": {
            "year_quarter": 20043,
            "year": 2004,
            "quarter": 3,
            "eps": 1.25,
            "eps_growth_year": 56.25,
            "eps_4q": 3,
            "eps_4q_growth_year": 26.18,
            "roe": 6.94,
            "roe_4q": 18.29,
            "gross_profit": 1008268,
            "gross_margin": 9.26,
            "gross_margin_4q_avg": 6.84,
            "net_income": 630850,
            "net_income_4q": null,
            "revenue": 10882652,
            "revenue_4q": null,
            "common_shares": 5065000,
            "book_valuer_per_share": 18.57,
            "book_valuer_per_share_4q_avg": 18.4,
            "equity": 9406737,
            "current_ratio": 125.07,
            "debt_ratio": 59.14,
            "inventory_turnover_ratio": 2.18,
            "account_receivable_turnover_ratio": null,
            "reinvestment_rate": 37.24,
            "research_to_sale_ratio": null,
            "price_fair": 98.16,
            "eps_avg_yearly": 2.8,
            "eps_latest_yearly": 5,
            "eps_growth_yearly": 353.71
        },
        "20044": {
            "year_quarter": 20044,
            "year": 2004,
            "quarter": 4,
            "eps": 1.46,
            "eps_growth_year": 94.67,
            "eps_4q": 4.08,
            "eps_4q_growth_year": 70.26,
            "roe": 7.62,
            "roe_4q": 22.83,
            "gross_profit": 887927,
            "gross_margin": 4.55,
            "gross_margin_4q_avg": 7.93,
            "net_income": 737958,
            "net_income_4q": null,
            "revenue": 19514790,
            "revenue_4q": null,
            "common_shares": 5065000,
            "book_valuer_per_share": 19.67,
            "book_valuer_per_share_4q_avg": 18.9,
            "equity": 9964159,
            "current_ratio": 133.53,
            "debt_ratio": 61.48,
            "inventory_turnover_ratio": 2.89,
            "account_receivable_turnover_ratio": null,
            "reinvestment_rate": 71.38,
            "research_to_sale_ratio": null,
            "price_fair": 108.78,
            "eps_avg_yearly": 3.11,
            "eps_latest_yearly": 5.84,
            "eps_growth_yearly": 325.06
        },
        "20051": {
            "year_quarter": 20051,
            "year": 2005,
            "quarter": 1,
            "eps": 1.2,
            "eps_growth_year": 96.72,
            "eps_4q": 4.73,
            "eps_4q_growth_year": 172.39,
            "roe": 5.91,
            "roe_4q": 25.32,
            "gross_profit": 817215,
            "gross_margin": 5.65,
            "gross_margin_4q_avg": 7.56,
            "net_income": 606772,
            "net_income_4q": null,
            "revenue": 14453183,
            "revenue_4q": null,
            "common_shares": 5065000,
            "book_valuer_per_share": 20.84,
            "book_valuer_per_share_4q_avg": 19.57,
            "equity": 10556052,
            "current_ratio": 152.22,
            "debt_ratio": 41.91,
            "inventory_turnover_ratio": 3.25,
            "account_receivable_turnover_ratio": null,
            "reinvestment_rate": 24.59,
            "research_to_sale_ratio": null,
            "price_fair": 114.16,
            "eps_avg_yearly": 3.26,
            "eps_latest_yearly": 4.8,
            "eps_growth_yearly": 289.03
        },
        "20052": {
            "year_quarter": 20052,
            "year": 2005,
            "quarter": 2,
            "eps": 1.31,
            "eps_growth_year": 59.76,
            "eps_4q": 4.84,
            "eps_4q_growth_year": 126.16,
            "roe": 6.81,
            "roe_4q": 27.28,
            "gross_profit": 726706,
            "gross_margin": 8.88,
            "gross_margin_4q_avg": 7.09,
            "net_income": 734063,
            "net_income_4q": null,
            "revenue": 8181817,
            "revenue_4q": null,
            "common_shares": 5065000,
            "book_valuer_per_share": 21.72,
            "book_valuer_per_share_4q_avg": 20.2,
            "equity": 11003667,
            "current_ratio": 152.91,
            "debt_ratio": 37.19,
            "inventory_turnover_ratio": 3.94,
            "account_receivable_turnover_ratio": null,
            "reinvestment_rate": 15.05,
            "research_to_sale_ratio": null,
            "price_fair": 119.93,
            "eps_avg_yearly": 3.43,
            "eps_latest_yearly": 5.24,
            "eps_growth_yearly": 268
        },
        "20053": {
            "year_quarter": 20053,
            "year": 2005,
            "quarter": 3,
            "eps": 1.72,
            "eps_growth_year": 37.6,
            "eps_4q": 5.42,
            "eps_4q_growth_year": 80.79,
            "roe": 8.32,
            "roe_4q": 28.66,
            "gross_profit": 427120,
            "gross_margin": 5.45,
            "gross_margin_4q_avg": 6.13,
            "net_income": 967556,
            "net_income_4q": null,
            "revenue": 7841757,
            "revenue_4q": null,
            "common_shares": 5621350,
            "book_valuer_per_share": 21.82,
            "book_valuer_per_share_4q_avg": 21.01,
            "equity": 12266602,
            "current_ratio": 156.91,
            "debt_ratio": 37.46,
            "inventory_turnover_ratio": 5.06,
            "account_receivable_turnover_ratio": null,
            "reinvestment_rate": 3.03,
            "research_to_sale_ratio": null,
            "price_fair": 129.23,
            "eps_avg_yearly": 3.69,
            "eps_latest_yearly": 6.88,
            "eps_growth_yearly": 257.01
        },
        "20054": {
            "year_quarter": 20054,
            "year": 2005,
            "quarter": 4,
            "eps": 2.23,
            "eps_growth_year": 52.74,
            "eps_4q": 6.33,
            "eps_4q_growth_year": 55.12,
            "roe": 9.75,
            "roe_4q": 30.79,
            "gross_profit": 354399,
            "gross_margin": 4.27,
            "gross_margin_4q_avg": 6.06,
            "net_income": 1255359,
            "net_income_4q": null,
            "revenue": 8305409,
            "revenue_4q": null,
            "common_shares": 5621350,
            "book_valuer_per_share": 23.97,
            "book_valuer_per_share_4q_avg": 22.09,
            "equity": 13472333,
            "current_ratio": 115.88,
            "debt_ratio": 52.97,
            "inventory_turnover_ratio": 3.3,
            "account_receivable_turnover_ratio": null,
            "reinvestment_rate": 126.91,
            "research_to_sale_ratio": null,
            "price_fair": 142.3,
            "eps_avg_yearly": 4.07,
            "eps_latest_yearly": 8.92,
            "eps_growth_yearly": 247.13
        },
        "20061": {
            "year_quarter": 20061,
            "year": 2006,
            "quarter": 1,
            "eps": 2.2,
            "eps_growth_year": 83.33,
            "eps_4q": 7.47,
            "eps_4q_growth_year": 57.98,
            "roe": 8.65,
            "roe_4q": 33.53,
            "gross_profit": 283239,
            "gross_margin": 5.49,
            "gross_margin_4q_avg": 6.02,
            "net_income": 1235287,
            "net_income_4q": null,
            "revenue": 5163034,
            "revenue_4q": null,
            "common_shares": 5621350,
            "book_valuer_per_share": 26.86,
            "book_valuer_per_share_4q_avg": 23.59,
            "equity": 15098696,
            "current_ratio": 142.62,
            "debt_ratio": 25.89,
            "inventory_turnover_ratio": 2.36,
            "account_receivable_turnover_ratio": null,
            "reinvestment_rate": -0.93,
            "research_to_sale_ratio": null,
            "price_fair": 160.5,
            "eps_avg_yearly": 4.59,
            "eps_latest_yearly": 8.8,
            "eps_growth_yearly": 254.83
        },
        "20062": {
            "year_quarter": 20062,
            "year": 2006,
            "quarter": 2,
            "eps": 2.16,
            "eps_growth_year": 64.89,
            "eps_4q": 7.44,
            "eps_4q_growth_year": 53.94,
            "roe": 9.24,
            "roe_4q": 35.96,
            "gross_profit": 285509,
            "gross_margin": 2.46,
            "gross_margin_4q_avg": 4.42,
            "net_income": 1413672,
            "net_income_4q": null,
            "revenue": 11597967,
            "revenue_4q": null,
            "common_shares": 5621350,
            "book_valuer_per_share": 27.57,
            "book_valuer_per_share_4q_avg": 25.06,
            "equity": 15495855,
            "current_ratio": 115.62,
            "debt_ratio": 34.47,
            "inventory_turnover_ratio": 7.6,
            "account_receivable_turnover_ratio": null,
            "reinvestment_rate": 1.71,
            "research_to_sale_ratio": null,
            "price_fair": 169.96,
            "eps_avg_yearly": 4.86,
            "eps_latest_yearly": 8.64,
            "eps_growth_yearly": 237.36
        },
        "20063": {
            "year_quarter": 20063,
            "year": 2006,
            "quarter": 3,
            "eps": 2.64,
            "eps_growth_year": 53.49,
            "eps_4q": 8.62,
            "eps_4q_growth_year": 59.18,
            "roe": 10.42,
            "roe_4q": 38.06,
            "gross_profit": 463021,
            "gross_margin": 3.44,
            "gross_margin_4q_avg": 3.92,
            "net_income": 1723543,
            "net_income_4q": null,
            "revenue": 13453230,
            "revenue_4q": null,
            "common_shares": 6537873,
            "book_valuer_per_share": 26.92,
            "book_valuer_per_share_4q_avg": 26.33,
            "equity": 17597231,
            "current_ratio": 105.86,
            "debt_ratio": 35.82,
            "inventory_turnover_ratio": 5.87,
            "account_receivable_turnover_ratio": null,
            "reinvestment_rate": 1.53,
            "research_to_sale_ratio": null,
            "price_fair": 182.44,
            "eps_avg_yearly": 5.21,
            "eps_latest_yearly": 10.56,
            "eps_growth_yearly": 228.08
        },
        "20064": {
            "year_quarter": 20064,
            "year": 2006,
            "quarter": 4,
            "eps": 3.03,
            "eps_growth_year": 35.87,
            "eps_4q": 9.73,
            "eps_4q_growth_year": 53.66,
            "roe": 8.58,
            "roe_4q": 36.89,
            "gross_profit": 587310,
            "gross_margin": 2.41,
            "gross_margin_4q_avg": 3.45,
            "net_income": 1978088,
            "net_income_4q": null,
            "revenue": 24372329,
            "revenue_4q": null,
            "common_shares": 6537873,
            "book_valuer_per_share": 43.6,
            "book_valuer_per_share_4q_avg": 31.24,
            "equity": 28507154,
            "current_ratio": 106.63,
            "debt_ratio": 52.15,
            "inventory_turnover_ratio": 6.03,
            "account_receivable_turnover_ratio": null,
            "reinvestment_rate": 120.89,
            "research_to_sale_ratio": null,
            "price_fair": 201.78,
            "eps_avg_yearly": 5.77,
            "eps_latest_yearly": 12.12,
            "eps_growth_yearly": 51.77
        },
        "20071": {
            "year_quarter": 20071,
            "year": 2007,
            "quarter": 1,
            "eps": 2.46,
            "eps_growth_year": 11.82,
            "eps_4q": 10.28,
            "eps_4q_growth_year": 37.73,
            "roe": 5.15,
            "roe_4q": 33.39,
            "gross_profit": 855135,
            "gross_margin": 4.2,
            "gross_margin_4q_avg": 3.13,
            "net_income": 1608461,
            "net_income_4q": null,
            "revenue": 20350130,
            "revenue_4q": null,
            "common_shares": 6537873,
            "book_valuer_per_share": 52.01,
            "book_valuer_per_share_4q_avg": 37.53,
            "equity": 34000744,
            "current_ratio": 107.49,
            "debt_ratio": 38.11,
            "inventory_turnover_ratio": 4.54,
            "account_receivable_turnover_ratio": null,
            "reinvestment_rate": 0.65,
            "research_to_sale_ratio": null,
            "price_fair": 220.15,
            "eps_avg_yearly": 6.29,
            "eps_latest_yearly": 9.84,
            "eps_growth_yearly": 61.09
        },
        "20072": {
            "year_quarter": 20072,
            "year": 2007,
            "quarter": 2,
            "eps": 2.38,
            "eps_growth_year": 10.19,
            "eps_4q": 9.38,
            "eps_4q_growth_year": 25.99,
            "roe": 4.62,
            "roe_4q": 28.770000000000003,
            "gross_profit": 1091424,
            "gross_margin": 4.57,
            "gross_margin_4q_avg": 3.66,
            "net_income": 1805841,
            "net_income_4q": null,
            "revenue": 23893198,
            "revenue_4q": null,
            "common_shares": 6537873,
            "book_valuer_per_share": 67.49,
            "book_valuer_per_share_4q_avg": 47.51,
            "equity": 44123686,
            "current_ratio": 96.78,
            "debt_ratio": 26.29,
            "inventory_turnover_ratio": 7.95,
            "account_receivable_turnover_ratio": null,
            "reinvestment_rate": 0.32,
            "research_to_sale_ratio": null,
            "price_fair": 236.43,
            "eps_avg_yearly": 6.76,
            "eps_latest_yearly": 9.52,
            "eps_growth_yearly": 49.17
        },
        "20073": {
            "year_quarter": 20073,
            "year": 2007,
            "quarter": 3,
            "eps": 3.98,
            "eps_growth_year": 50.76,
            "eps_4q": 11.08,
            "eps_4q_growth_year": 28.54,
            "roe": 6.44,
            "roe_4q": 24.79,
            "gross_profit": 1216392,
            "gross_margin": 4.97,
            "gross_margin_4q_avg": 4.04,
            "net_income": 3022617,
            "net_income_4q": null,
            "revenue": 24497947,
            "revenue_4q": null,
            "common_shares": 7589554,
            "book_valuer_per_share": 65.46,
            "book_valuer_per_share_4q_avg": 57.14,
            "equity": 49684348,
            "current_ratio": 100.74,
            "debt_ratio": 29.65,
            "inventory_turnover_ratio": 8.95,
            "account_receivable_turnover_ratio": null,
            "reinvestment_rate": -4.35,
            "research_to_sale_ratio": null,
            "price_fair": 264.25,
            "eps_avg_yearly": 7.55,
            "eps_latest_yearly": 15.92,
            "eps_growth_yearly": 52.51
        },
        "20074": {
            "year_quarter": 20074,
            "year": 2007,
            "quarter": 4,
            "eps": 3.44,
            "eps_growth_year": 13.53,
            "eps_4q": 11.93,
            "eps_4q_growth_year": 22.64,
            "roe": 5.27,
            "roe_4q": 21.480000000000004,
            "gross_profit": 1205041,
            "gross_margin": 4.74,
            "gross_margin_4q_avg": 4.62,
            "net_income": 2608104,
            "net_income_4q": null,
            "revenue": 25418908,
            "revenue_4q": null,
            "common_shares": 7589554,
            "book_valuer_per_share": 64.98,
            "book_valuer_per_share_4q_avg": 62.49,
            "equity": 49315770,
            "current_ratio": 145.24,
            "debt_ratio": 50.75,
            "inventory_turnover_ratio": 5.12,
            "account_receivable_turnover_ratio": null,
            "reinvestment_rate": 106.12,
            "research_to_sale_ratio": null,
            "price_fair": 287.79,
            "eps_avg_yearly": 8.22,
            "eps_latest_yearly": 13.76,
            "eps_growth_yearly": 50.68
        },
        "20081": {
            "year_quarter": 20081,
            "year": 2008,
            "quarter": 1,
            "eps": 1.64,
            "eps_growth_year": -33.33,
            "eps_4q": 11.44,
            "eps_4q_growth_year": 11.22,
            "roe": 2.68,
            "roe_4q": 19.01,
            "gross_profit": 2619631,
            "gross_margin": 7.44,
            "gross_margin_4q_avg": 5.43,
            "net_income": 1244778,
            "net_income_4q": null,
            "revenue": 35205576,
            "revenue_4q": null,
            "common_shares": 7589554,
            "book_valuer_per_share": 57.49,
            "book_valuer_per_share_4q_avg": 63.86,
            "equity": 43635240,
            "current_ratio": 157.97,
            "debt_ratio": 50.1,
            "inventory_turnover_ratio": 4.94,
            "account_receivable_turnover_ratio": null,
            "reinvestment_rate": 99.34,
            "research_to_sale_ratio": null,
            "price_fair": 296.8,
            "eps_avg_yearly": 8.48,
            "eps_latest_yearly": 6.56,
            "eps_growth_yearly": 42.27
        },
        "20082": {
            "year_quarter": 20082,
            "year": 2008,
            "quarter": 2,
            "eps": 1.19,
            "eps_growth_year": -50,
            "eps_4q": 9.28,
            "eps_4q_growth_year": -1.01,
            "roe": 2.53,
            "roe_4q": 16.92,
            "gross_profit": 3004690,
            "gross_margin": 8.72,
            "gross_margin_4q_avg": 6.47,
            "net_income": 1010913,
            "net_income_4q": null,
            "revenue": 34464335,
            "revenue_4q": null,
            "common_shares": 7589554,
            "book_valuer_per_share": 47.89,
            "book_valuer_per_share_4q_avg": 58.96,
            "equity": 36343813,
            "current_ratio": 145.25,
            "debt_ratio": 55.9,
            "inventory_turnover_ratio": 4.98,
            "account_receivable_turnover_ratio": null,
            "reinvestment_rate": 99.05,
            "research_to_sale_ratio": null,
            "price_fair": 300.04,
            "eps_avg_yearly": 8.57,
            "eps_latest_yearly": 4.76,
            "eps_growth_yearly": 26.8
        },
        "20083": {
            "year_quarter": 20083,
            "year": 2008,
            "quarter": 3,
            "eps": 2.85,
            "eps_growth_year": -28.39,
            "eps_4q": 8.59,
            "eps_4q_growth_year": -22.47,
            "roe": 6.43,
            "roe_4q": 16.909999999999997,
            "gross_profit": 4151623,
            "gross_margin": 10.34,
            "gross_margin_4q_avg": 7.81,
            "net_income": 2414471,
            "net_income_4q": null,
            "revenue": 40135254,
            "revenue_4q": null,
            "common_shares": 8479009,
            "book_valuer_per_share": 45.67,
            "book_valuer_per_share_4q_avg": 54.01,
            "equity": 38724663,
            "current_ratio": 144.3,
            "debt_ratio": 57.59,
            "inventory_turnover_ratio": 4.6,
            "account_receivable_turnover_ratio": null,
            "reinvestment_rate": 100.15,
            "research_to_sale_ratio": null,
            "price_fair": 314.04,
            "eps_avg_yearly": 8.97,
            "eps_latest_yearly": 11.4,
            "eps_growth_yearly": 48.57
        },
        "20084": {
            "year_quarter": 20084,
            "year": 2008,
            "quarter": 4,
            "eps": 1.81,
            "eps_growth_year": -47.38,
            "eps_4q": 7.32,
            "eps_4q_growth_year": -38.6,
            "roe": 4.04,
            "roe_4q": 15.679999999999998,
            "gross_profit": 3550418,
            "gross_margin": 7.09,
            "gross_margin_4q_avg": 8.4,
            "net_income": 1532767,
            "net_income_4q": null,
            "revenue": 50097419,
            "revenue_4q": null,
            "common_shares": 8479009,
            "book_valuer_per_share": 43.77,
            "book_valuer_per_share_4q_avg": 48.71,
            "equity": 37112431,
            "current_ratio": 145.83,
            "debt_ratio": 58.79,
            "inventory_turnover_ratio": 4.73,
            "account_receivable_turnover_ratio": null,
            "reinvestment_rate": 94.23,
            "research_to_sale_ratio": null,
            "price_fair": 317.1,
            "eps_avg_yearly": 9.06,
            "eps_latest_yearly": 7.24,
            "eps_growth_yearly": 35.24
        },
        "20091": {
            "year_quarter": 20091,
            "year": 2009,
            "quarter": 1,
            "eps": 1.07,
            "eps_growth_year": -34.76,
            "eps_4q": 6.9,
            "eps_4q_growth_year": -39.68,
            "roe": 2.33,
            "roe_4q": 15.33,
            "gross_profit": 1880242,
            "gross_margin": 4.75,
            "gross_margin_4q_avg": 7.73,
            "net_income": 910078,
            "net_income_4q": null,
            "revenue": 39607632,
            "revenue_4q": null,
            "common_shares": 8479009,
            "book_valuer_per_share": 48.46,
            "book_valuer_per_share_4q_avg": 46.45,
            "equity": 41093416,
            "current_ratio": 168.3,
            "debt_ratio": 51.32,
            "inventory_turnover_ratio": 3.83,
            "account_receivable_turnover_ratio": null,
            "reinvestment_rate": 99.07,
            "research_to_sale_ratio": null,
            "price_fair": 315.96,
            "eps_avg_yearly": 9.03,
            "eps_latest_yearly": 4.28,
            "eps_growth_yearly": 29.47
        },
        "20092": {
            "year_quarter": 20092,
            "year": 2009,
            "quarter": 2,
            "eps": 0.91,
            "eps_growth_year": -23.53,
            "eps_4q": 5.91,
            "eps_4q_growth_year": -36.33,
            "roe": 2.12,
            "roe_4q": 14.92,
            "gross_profit": 3151409,
            "gross_margin": 9.72,
            "gross_margin_4q_avg": 7.98,
            "net_income": 883929,
            "net_income_4q": null,
            "revenue": 32432209,
            "revenue_4q": null,
            "common_shares": 8479009,
            "book_valuer_per_share": 49.8,
            "book_valuer_per_share_4q_avg": 46.93,
            "equity": 42222660,
            "current_ratio": 174.36,
            "debt_ratio": 49.13,
            "inventory_turnover_ratio": 3.95,
            "account_receivable_turnover_ratio": 2.86,
            "reinvestment_rate": 93.47,
            "research_to_sale_ratio": null,
            "price_fair": 298.58,
            "eps_avg_yearly": 8.93,
            "eps_latest_yearly": 3.64,
            "eps_growth_yearly": 23.44
        },
        "20093": {
            "year_quarter": 20093,
            "year": 2009,
            "quarter": 3,
            "eps": 2.04,
            "eps_growth_year": -28.42,
            "eps_4q": 5.47,
            "eps_4q_growth_year": -36.36,
            "roe": 4.59,
            "roe_4q": 13.079999999999998,
            "gross_profit": 3395923,
            "gross_margin": 9.82,
            "gross_margin_4q_avg": 7.85,
            "net_income": 1980199,
            "net_income_4q": null,
            "revenue": 34586731,
            "revenue_4q": null,
            "common_shares": 9720409,
            "book_valuer_per_share": 45.25,
            "book_valuer_per_share_4q_avg": 46.82,
            "equity": 43981289,
            "current_ratio": 184.25,
            "debt_ratio": 47.98,
            "inventory_turnover_ratio": 5.73,
            "account_receivable_turnover_ratio": 1.4,
            "reinvestment_rate": 88.06,
            "research_to_sale_ratio": null,
            "price_fair": 315.26,
            "eps_avg_yearly": 9.01,
            "eps_latest_yearly": 8.16,
            "eps_growth_yearly": 46.66
        },
        "20094": {
            "year_quarter": 20094,
            "year": 2009,
            "quarter": 4,
            "eps": 2.56,
            "eps_growth_year": 41.44,
            "eps_4q": 6.44,
            "eps_4q_growth_year": -12.04,
            "roe": 5.43,
            "roe_4q": 14.47,
            "gross_profit": 4392373,
            "gross_margin": 9.07,
            "gross_margin_4q_avg": 8.34,
            "net_income": 2488325,
            "net_income_4q": null,
            "revenue": 48432313,
            "revenue_4q": null,
            "common_shares": 9720409,
            "book_valuer_per_share": 49.11,
            "book_valuer_per_share_4q_avg": 48.16,
            "equity": 47739694,
            "current_ratio": 130.56,
            "debt_ratio": 50.4,
            "inventory_turnover_ratio": 8.34,
            "account_receivable_turnover_ratio": 1.75,
            "reinvestment_rate": 52,
            "research_to_sale_ratio": null,
            "price_fair": 318.15,
            "eps_avg_yearly": 9.09,
            "eps_latest_yearly": 10.24,
            "eps_growth_yearly": 45.62
        },
        "20101": {
            "year_quarter": 20101,
            "year": 2010,
            "quarter": 1,
            "eps": null,
            "eps_growth_year": null,
            "eps_4q": null,
            "eps_4q_growth_year": null,
            "roe": null,
            "roe_4q": 12.14,
            "gross_profit": 3012657,
            "gross_margin": null,
            "gross_margin_4q_avg": 7.15,
            "net_income": 1438061,
            "net_income_4q": null,
            "revenue": 32963742,
            "revenue_4q": null,
            "common_shares": 9720409,
            "book_valuer_per_share": 50.53,
            "book_valuer_per_share_4q_avg": 48.67,
            "equity": 49118599,
            "current_ratio": 135.69,
            "debt_ratio": 49.25,
            "inventory_turnover_ratio": null,
            "account_receivable_turnover_ratio": null,
            "reinvestment_rate": null,
            "research_to_sale_ratio": null,
            "price_fair": 318.83,
            "eps_avg_yearly": 9.11,
            "eps_latest_yearly": 10.24,
            "eps_growth_yearly": 49.02
        },
        "20102": {
            "year_quarter": 20102,
            "year": 2010,
            "quarter": 2,
            "eps": 1.15,
            "eps_growth_year": 26.1,
            "eps_4q": 5.02,
            "eps_4q_growth_year": -15.03,
            "roe": 2.74,
            "roe_4q": 12.76,
            "gross_profit": 2972778,
            "gross_margin": 9.87,
            "gross_margin_4q_avg": 7.19,
            "net_income": 1323292,
            "net_income_4q": null,
            "revenue": 30113224,
            "revenue_4q": null,
            "common_shares": 9720409,
            "book_valuer_per_share": 48.67,
            "book_valuer_per_share_4q_avg": 48.39,
            "equity": 47305263,
            "current_ratio": 136.43,
            "debt_ratio": 50.99,
            "inventory_turnover_ratio": 6.02,
            "account_receivable_turnover_ratio": 1.98,
            "reinvestment_rate": 105.19,
            "research_to_sale_ratio": null,
            "price_fair": 320,
            "eps_avg_yearly": 9.14,
            "eps_latest_yearly": 10.24,
            "eps_growth_yearly": 53.05
        },
        "20103": {
            "year_quarter": 20103,
            "year": 2010,
            "quarter": 3,
            "eps": 1.9,
            "eps_growth_year": -6.77,
            "eps_4q": 5.33,
            "eps_4q_growth_year": -2.57,
            "roe": 4.32,
            "roe_4q": 12.49,
            "gross_profit": 3691934,
            "gross_margin": 11.1,
            "gross_margin_4q_avg": 7.51,
            "net_income": 2116847,
            "net_income_4q": null,
            "revenue": 33250959,
            "revenue_4q": null,
            "common_shares": 11129902,
            "book_valuer_per_share": 45.52,
            "book_valuer_per_share_4q_avg": 48.46,
            "equity": 50661021,
            "current_ratio": 132.68,
            "debt_ratio": 54.41,
            "inventory_turnover_ratio": 5.31,
            "account_receivable_turnover_ratio": 1.09,
            "reinvestment_rate": 109.13,
            "research_to_sale_ratio": 0.95,
            "price_fair": 312.6,
            "eps_avg_yearly": 8.93,
            "eps_latest_yearly": 7.6,
            "eps_growth_yearly": 65.33
        },
        "20104": {
            "year_quarter": 20104,
            "year": 2010,
            "quarter": 4,
            "eps": 2.45,
            "eps_growth_year": -4.13,
            "eps_4q": 5.55,
            "eps_4q_growth_year": -13.93,
            "roe": 5.41,
            "roe_4q": 12.47,
            "gross_profit": 5150404,
            "gross_margin": 12.75,
            "gross_margin_4q_avg": 8.43,
            "net_income": 2731562,
            "net_income_4q": null,
            "revenue": 40395701,
            "revenue_4q": null,
            "common_shares": 11129902,
            "book_valuer_per_share": 45.25,
            "book_valuer_per_share_4q_avg": 47.49,
            "equity": 50359272,
            "current_ratio": 158.64,
            "debt_ratio": 45.59,
            "inventory_turnover_ratio": 5.7,
            "account_receivable_turnover_ratio": 1.38,
            "reinvestment_rate": 54.47,
            "research_to_sale_ratio": 0.79,
            "price_fair": 306.8,
            "eps_avg_yearly": 8.77,
            "eps_latest_yearly": 9.8,
            "eps_growth_yearly": 69.38
        },
        "20111": {
            "year_quarter": 20111,
            "year": 2011,
            "quarter": 1,
            "eps": 2.05,
            "eps_growth_year": null,
            "eps_4q": 7.59,
            "eps_4q_growth_year": null,
            "roe": 4.5,
            "roe_4q": 16.97,
            "gross_profit": 3231370,
            "gross_margin": 9.07,
            "gross_margin_4q_avg": 10.7,
            "net_income": 2277387,
            "net_income_4q": null,
            "revenue": 35642957,
            "revenue_4q": null,
            "common_shares": 11129902,
            "book_valuer_per_share": 45.6,
            "book_valuer_per_share_4q_avg": 46.26,
            "equity": 50757055,
            "current_ratio": 168.81,
            "debt_ratio": 44.24,
            "inventory_turnover_ratio": 5.48,
            "account_receivable_turnover_ratio": 1.28,
            "reinvestment_rate": 93.25,
            "research_to_sale_ratio": 0.9,
            "price_fair": 302.7,
            "eps_avg_yearly": 8.65,
            "eps_latest_yearly": 8.2,
            "eps_growth_yearly": 70.09
        },
        "20112": {
            "year_quarter": 20112,
            "year": 2011,
            "quarter": 2,
            "eps": 1.1,
            "eps_growth_year": -4.33,
            "eps_4q": 6.92,
            "eps_4q_growth_year": 37.83,
            "roe": 2.7,
            "roe_4q": 16.93,
            "gross_profit": 2819150,
            "gross_margin": 11.73,
            "gross_margin_4q_avg": 11.16,
            "net_income": 1343140,
            "net_income_4q": null,
            "revenue": 24034175,
            "revenue_4q": null,
            "common_shares": 11129902,
            "book_valuer_per_share": 43.92,
            "book_valuer_per_share_4q_avg": 45.07,
            "equity": 48882447,
            "current_ratio": 193.77,
            "debt_ratio": 38.81,
            "inventory_turnover_ratio": 3.53,
            "account_receivable_turnover_ratio": 0.94,
            "reinvestment_rate": 86.15,
            "research_to_sale_ratio": 0.85,
            "price_fair": 289.9,
            "eps_avg_yearly": 8.28,
            "eps_latest_yearly": 4.4,
            "eps_growth_yearly": 57.78
        },
        "20113": {
            "year_quarter": 20113,
            "year": 2011,
            "quarter": 3,
            "eps": 1.8,
            "eps_growth_year": -5.32,
            "eps_4q": 7.22,
            "eps_4q_growth_year": 35.49,
            "roe": 4.18,
            "roe_4q": 16.79,
            "gross_profit": 2500682,
            "gross_margin": 9.12,
            "gross_margin_4q_avg": 10.67,
            "net_income": 2111728,
            "net_income_4q": null,
            "revenue": 27414279,
            "revenue_4q": null,
            "common_shares": 11727200,
            "book_valuer_per_share": 44.45,
            "book_valuer_per_share_4q_avg": 44.81,
            "equity": 52132190,
            "current_ratio": 180.93,
            "debt_ratio": 42.21,
            "inventory_turnover_ratio": 3.62,
            "account_receivable_turnover_ratio": 1.19,
            "reinvestment_rate": 86.08,
            "research_to_sale_ratio": 1.01,
            "price_fair": 268.1,
            "eps_avg_yearly": 7.66,
            "eps_latest_yearly": 7.2,
            "eps_growth_yearly": 56.75
        },
        "20114": {
            "year_quarter": 20114,
            "year": 2011,
            "quarter": 4,
            "eps": 1.94,
            "eps_growth_year": -20.84,
            "eps_4q": 6.83,
            "eps_4q_growth_year": 23.18,
            "roe": 4.28,
            "roe_4q": 15.66,
            "gross_profit": 3253537,
            "gross_margin": 7.33,
            "gross_margin_4q_avg": 9.31,
            "net_income": 2278205,
            "net_income_4q": null,
            "revenue": 44406519,
            "revenue_4q": null,
            "common_shares": 11727200,
            "book_valuer_per_share": 46.4,
            "book_valuer_per_share_4q_avg": 45.09,
            "equity": 54413159,
            "current_ratio": 166.17,
            "debt_ratio": 44.32,
            "inventory_turnover_ratio": 6.42,
            "account_receivable_turnover_ratio": 1.56,
            "reinvestment_rate": 8.45,
            "research_to_sale_ratio": 0.75,
            "price_fair": 253.1,
            "eps_avg_yearly": 7.23,
            "eps_latest_yearly": 7.76,
            "eps_growth_yearly": 62.85
        },
        "20121": {
            "year_quarter": 20121,
            "year": 2012,
            "quarter": 1,
            "eps": 2.16,
            "eps_growth_year": 5.37,
            "eps_4q": 7.05,
            "eps_4q_growth_year": -7.1,
            "roe": 4.59,
            "roe_4q": 15.75,
            "gross_profit": 2948158,
            "gross_margin": 14.16,
            "gross_margin_4q_avg": 10.59,
            "net_income": 2537690,
            "net_income_4q": null,
            "revenue": 20820957,
            "revenue_4q": null,
            "common_shares": 11727200,
            "book_valuer_per_share": 47.8,
            "book_valuer_per_share_4q_avg": 45.64,
            "equity": 56051101,
            "current_ratio": 225.02,
            "debt_ratio": 31.16,
            "inventory_turnover_ratio": 4.23,
            "account_receivable_turnover_ratio": 0.81,
            "reinvestment_rate": 5.17,
            "research_to_sale_ratio": 1.37,
            "price_fair": 258.3,
            "eps_avg_yearly": 7.38,
            "eps_latest_yearly": 8.64,
            "eps_growth_yearly": 81.04
        },
        "20122": {
            "year_quarter": 20122,
            "year": 2012,
            "quarter": 2,
            "eps": -1.57,
            "eps_growth_year": -243.02,
            "eps_4q": 3.8,
            "eps_4q_growth_year": -45.04,
            "roe": -3.69,
            "roe_4q": 9.36,
            "gross_profit": 2250202,
            "gross_margin": 11.88,
            "gross_margin_4q_avg": 10.62,
            "net_income": -2023958,
            "net_income_4q": null,
            "revenue": 18944159,
            "revenue_4q": null,
            "common_shares": 11727200,
            "book_valuer_per_share": 45.65,
            "book_valuer_per_share_4q_avg": 46.08,
            "equity": 53631636,
            "current_ratio": 186.91,
            "debt_ratio": 38.6,
            "inventory_turnover_ratio": 4.08,
            "account_receivable_turnover_ratio": 1.04,
            "reinvestment_rate": 0.73,
            "research_to_sale_ratio": 0.86,
            "price_fair": 265.35,
            "eps_avg_yearly": 7.58,
            "eps_latest_yearly": 8.64,
            "eps_growth_yearly": 95.72
        },
        "20123": {
            "year_quarter": 20123,
            "year": 2012,
            "quarter": 3,
            "eps": 3.53,
            "eps_growth_year": 95.86,
            "eps_4q": 5.78,
            "eps_4q_growth_year": -19.86,
            "roe": 7.91,
            "roe_4q": 13.09,
            "gross_profit": 3325741,
            "gross_margin": 8.7,
            "gross_margin_4q_avg": 10.52,
            "net_income": 4358518,
            "net_income_4q": null,
            "revenue": 38232290,
            "revenue_4q": null,
            "common_shares": 12370160,
            "book_valuer_per_share": 45.67,
            "book_valuer_per_share_4q_avg": 46.38,
            "equity": 56584575,
            "current_ratio": 163.33,
            "debt_ratio": 48.12,
            "inventory_turnover_ratio": 6.3,
            "account_receivable_turnover_ratio": 1.5,
            "reinvestment_rate": -10.66,
            "research_to_sale_ratio": 0.92,
            "price_fair": 254.22,
            "eps_avg_yearly": 7.26,
            "eps_latest_yearly": 8.64,
            "eps_growth_yearly": 57.2
        },
        "20124": {
            "year_quarter": 20124,
            "year": 2012,
            "quarter": 4,
            "eps": 2.83,
            "eps_growth_year": 45.64,
            "eps_4q": 6.77,
            "eps_4q_growth_year": -0.87,
            "roe": 5.9,
            "roe_4q": 14.71,
            "gross_profit": 5469098,
            "gross_margin": 9.83,
            "gross_margin_4q_avg": 11.14,
            "net_income": 3473040,
            "net_income_4q": null,
            "revenue": 55619187,
            "revenue_4q": null,
            "common_shares": 12370160,
            "book_valuer_per_share": 49.4,
            "book_valuer_per_share_4q_avg": 47.13,
            "equity": 61174468,
            "current_ratio": 180.81,
            "debt_ratio": 42.84,
            "inventory_turnover_ratio": 8.18,
            "account_receivable_turnover_ratio": 1.59,
            "reinvestment_rate": -9.33,
            "research_to_sale_ratio": 0.58,
            "price_fair": 266.12,
            "eps_avg_yearly": 7.6,
            "eps_latest_yearly": 11.32,
            "eps_growth_yearly": 62.75
        },
        "20131": {
            "year_quarter": 20131,
            "year": 2013,
            "quarter": 1,
            "eps": 1.73,
            "eps_growth_year": -19.91,
            "eps_4q": 6.45,
            "eps_4q_growth_year": -8.56,
            "roe": 3.37,
            "roe_4q": 13.49,
            "gross_profit": 3181341,
            "gross_margin": 14.16,
            "gross_margin_4q_avg": 11.14,
            "net_income": 2132024,
            "net_income_4q": null,
            "revenue": 22461948,
            "revenue_4q": null,
            "common_shares": 12370160,
            "book_valuer_per_share": 52.87,
            "book_valuer_per_share_4q_avg": 48.4,
            "equity": 65521710,
            "current_ratio": 252.4,
            "debt_ratio": 29.36,
            "inventory_turnover_ratio": 3.59,
            "account_receivable_turnover_ratio": 0.73,
            "reinvestment_rate": -10.61,
            "research_to_sale_ratio": 1.21,
            "price_fair": 273.82,
            "eps_avg_yearly": 7.82,
            "eps_latest_yearly": 6.92,
            "eps_growth_yearly": 63.42
        },
        "20132": {
            "year_quarter": 20132,
            "year": 2013,
            "quarter": 2,
            "eps": 0.69,
            "eps_growth_year": null,
            "eps_4q": 8.07,
            "eps_4q_growth_year": 112.21,
            "roe": 1.35,
            "roe_4q": 18.53,
            "gross_profit": 2448718,
            "gross_margin": 16.03,
            "gross_margin_4q_avg": 12.18,
            "net_income": 883856,
            "net_income_4q": null,
            "revenue": 15275299,
            "revenue_4q": null,
            "common_shares": 12370160,
            "book_valuer_per_share": 53.16,
            "book_valuer_per_share_4q_avg": 50.28,
            "equity": 65877508,
            "current_ratio": 272,
            "debt_ratio": 27,
            "inventory_turnover_ratio": 2.61,
            "account_receivable_turnover_ratio": 0.67,
            "reinvestment_rate": -7.31,
            "research_to_sale_ratio": 1.72,
            "price_fair": 271.25,
            "eps_avg_yearly": 7.75,
            "eps_latest_yearly": 2.76,
            "eps_growth_yearly": 48.37
        },
        "20133": {
            "year_quarter": 20133,
            "year": 2013,
            "quarter": 3,
            "eps": 0.83,
            "eps_growth_year": -76.47,
            "eps_4q": 5.83,
            "eps_4q_growth_year": 0.79,
            "roe": 1.64,
            "roe_4q": 12.260000000000002,
            "gross_profit": 2117804,
            "gross_margin": 7.94,
            "gross_margin_4q_avg": 11.99,
            "net_income": 1081113,
            "net_income_4q": null,
            "revenue": 26668340,
            "revenue_4q": null,
            "common_shares": 13064902,
            "book_valuer_per_share": 50.57,
            "book_valuer_per_share_4q_avg": 51.5,
            "equity": 66180267,
            "current_ratio": 251.21,
            "debt_ratio": 30.12,
            "inventory_turnover_ratio": 6.63,
            "account_receivable_turnover_ratio": 1.14,
            "reinvestment_rate": -6.85,
            "research_to_sale_ratio": 1.6,
            "price_fair": 174.4,
            "eps_avg_yearly": 7.35,
            "eps_latest_yearly": 3.32,
            "eps_growth_yearly": 13.74
        },
        "20134": {
            "year_quarter": 20134,
            "year": 2013,
            "quarter": 4,
            "eps": 2.23,
            "eps_growth_year": -21.25,
            "eps_4q": 5.38,
            "eps_4q_growth_year": -20.56,
            "roe": 4.3,
            "roe_4q": 10.66,
            "gross_profit": 4299991,
            "gross_margin": 14.24,
            "gross_margin_4q_avg": 13.09,
            "net_income": 2914212,
            "net_income_4q": null,
            "revenue": 30192499,
            "revenue_4q": null,
            "common_shares": 13064902,
            "book_valuer_per_share": 52.93,
            "book_valuer_per_share_4q_avg": 52.38,
            "equity": 69267943,
            "current_ratio": 283.6,
            "debt_ratio": 27.27,
            "inventory_turnover_ratio": 10.72,
            "account_receivable_turnover_ratio": 1.31,
            "reinvestment_rate": -6.54,
            "research_to_sale_ratio": 0.98,
            "price_fair": 253.28,
            "eps_avg_yearly": 7.24,
            "eps_latest_yearly": 8.92,
            "eps_growth_yearly": 61.47
        },
        "20141": {
            "year_quarter": 20141,
            "year": 2014,
            "quarter": 1,
            "eps": 0.26,
            "eps_growth_year": -84.97,
            "eps_4q": 4,
            "eps_4q_growth_year": -37.98,
            "roe": 0.47,
            "roe_4q": 7.76,
            "gross_profit": 1622118,
            "gross_margin": 14.49,
            "gross_margin_4q_avg": 13.18,
            "net_income": 330459,
            "net_income_4q": null,
            "revenue": 11197965,
            "revenue_4q": null,
            "common_shares": 13064902,
            "book_valuer_per_share": 53.7,
            "book_valuer_per_share_4q_avg": 52.59,
            "equity": 70272234,
            "current_ratio": 368.24,
            "debt_ratio": 21.18,
            "inventory_turnover_ratio": 5.04,
            "account_receivable_turnover_ratio": 0.68,
            "reinvestment_rate": -7.02,
            "research_to_sale_ratio": 2.05,
            "price_fair": 236.6,
            "eps_avg_yearly": 6.76,
            "eps_latest_yearly": 1.04,
            "eps_growth_yearly": 29.56
        },
        "20142": {
            "year_quarter": 20142,
            "year": 2014,
            "quarter": 2,
            "eps": 1,
            "eps_growth_year": 44.93,
            "eps_4q": 4.06,
            "eps_4q_growth_year": -49.69,
            "roe": 1.94,
            "roe_4q": 8.35,
            "gross_profit": 2581430,
            "gross_margin": 19.14,
            "gross_margin_4q_avg": 13.95,
            "net_income": 1359871,
            "net_income_4q": null,
            "revenue": 13485355,
            "revenue_4q": null,
            "common_shares": 13064902,
            "book_valuer_per_share": 53.62,
            "book_valuer_per_share_4q_avg": 52.71,
            "equity": 70146803,
            "current_ratio": 310.76,
            "debt_ratio": 25.01,
            "inventory_turnover_ratio": 6.01,
            "account_receivable_turnover_ratio": 0.96,
            "reinvestment_rate": -32.24,
            "research_to_sale_ratio": 2.41,
            "price_fair": 229.7,
            "eps_avg_yearly": 6.56,
            "eps_latest_yearly": 4,
            "eps_growth_yearly": 108.76
        },
        "20143": {
            "year_quarter": 20143,
            "year": 2014,
            "quarter": 3,
            "eps": 1.9,
            "eps_growth_year": 128.92,
            "eps_4q": 5.25,
            "eps_4q_growth_year": -9.96,
            "roe": 3.62,
            "roe_4q": 10.33,
            "gross_profit": 4079211,
            "gross_margin": 20.42,
            "gross_margin_4q_avg": 17.07,
            "net_income": 2606661,
            "net_income_4q": null,
            "revenue": 19976385,
            "revenue_4q": null,
            "common_shares": 13767258,
            "book_valuer_per_share": 53.64,
            "book_valuer_per_share_4q_avg": 53.47,
            "equity": 73948259,
            "current_ratio": 242.06,
            "debt_ratio": 33.62,
            "inventory_turnover_ratio": 4.98,
            "account_receivable_turnover_ratio": 1,
            "reinvestment_rate": -40.88,
            "research_to_sale_ratio": 4.08,
            "price_fair": 229.7,
            "eps_avg_yearly": 6.56,
            "eps_latest_yearly": 7.6,
            "eps_growth_yearly": 115.85
        },
        "20144": {
            "year_quarter": 20144,
            "year": 2014,
            "quarter": 4,
            "eps": 3.69,
            "eps_growth_year": 65.82,
            "eps_4q": 6.83,
            "eps_4q_growth_year": 26.96,
            "roe": 6.52,
            "roe_4q": 12.55,
            "gross_profit": 6981390,
            "gross_margin": 17.79,
            "gross_margin_4q_avg": 17.96,
            "net_income": 5085296,
            "net_income_4q": null,
            "revenue": 39235437,
            "revenue_4q": null,
            "common_shares": 13767258,
            "book_valuer_per_share": 59.53,
            "book_valuer_per_share_4q_avg": 55.12,
            "equity": 82055881,
            "current_ratio": 223.84,
            "debt_ratio": 37.36,
            "inventory_turnover_ratio": 7.74,
            "account_receivable_turnover_ratio": 1.35,
            "reinvestment_rate": -35.5,
            "research_to_sale_ratio": 0.76,
            "price_fair": 242.1,
            "eps_avg_yearly": 6.92,
            "eps_latest_yearly": 14.76,
            "eps_growth_yearly": 134.49
        },
        "20151": {
            "year_quarter": 20151,
            "year": 2015,
            "quarter": 1,
            "eps": 2.16,
            "eps_growth_year": 730.77,
            "eps_4q": 8.74,
            "eps_4q_growth_year": 118.6,
            "roe": 3.57,
            "roe_4q": 15.65,
            "gross_profit": 4342584,
            "gross_margin": 17.78,
            "gross_margin_4q_avg": 18.78,
            "net_income": 2968635,
            "net_income_4q": null,
            "revenue": 24426492,
            "revenue_4q": null,
            "common_shares": 13767258,
            "book_valuer_per_share": 61.12,
            "book_valuer_per_share_4q_avg": 56.98,
            "equity": 84239692,
            "current_ratio": 248.5,
            "debt_ratio": 33.8,
            "inventory_turnover_ratio": 5.55,
            "account_receivable_turnover_ratio": 0.79,
            "reinvestment_rate": -28.77,
            "research_to_sale_ratio": 1.1,
            "price_fair": 243.2,
            "eps_avg_yearly": 6.95,
            "eps_latest_yearly": 8.64,
            "eps_growth_yearly": 127.31
        },
        "20152": {
            "year_quarter": 20152,
            "year": 2015,
            "quarter": 2,
            "eps": 2.08,
            "eps_growth_year": 108,
            "eps_4q": 9.43,
            "eps_4q_growth_year": 132.08,
            "roe": 3.44,
            "roe_4q": 17.15,
            "gross_profit": 4608801,
            "gross_margin": 18.86,
            "gross_margin_4q_avg": 18.71,
            "net_income": 2886698,
            "net_income_4q": null,
            "revenue": 24442021,
            "revenue_4q": null,
            "common_shares": 13767258,
            "book_valuer_per_share": 60.65,
            "book_valuer_per_share_4q_avg": 58.74,
            "equity": 83585312,
            "current_ratio": 225.31,
            "debt_ratio": 37.17,
            "inventory_turnover_ratio": 5.8,
            "account_receivable_turnover_ratio": 0.9,
            "reinvestment_rate": -16.98,
            "research_to_sale_ratio": 1.12,
            "price_fair": 253,
            "eps_avg_yearly": 7.23,
            "eps_latest_yearly": 8.32,
            "eps_growth_yearly": 139.49
        },
        "20153": {
            "year_quarter": 20153,
            "year": 2015,
            "quarter": 3,
            "eps": 2.09,
            "eps_growth_year": 10,
            "eps_4q": 9.94,
            "eps_4q_growth_year": 89.32,
            "roe": 3.39,
            "roe_4q": 16.92,
            "gross_profit": 4004435,
            "gross_margin": 15.9,
            "gross_margin_4q_avg": 17.58,
            "net_income": 2914290,
            "net_income_4q": null,
            "revenue": 25192194,
            "revenue_4q": null,
            "common_shares": 13950240,
            "book_valuer_per_share": 63.24,
            "book_valuer_per_share_4q_avg": 61.14,
            "equity": 88314527,
            "current_ratio": 225.13,
            "debt_ratio": 38.41,
            "inventory_turnover_ratio": 5.04,
            "account_receivable_turnover_ratio": 0.75,
            "reinvestment_rate": -20.58,
            "research_to_sale_ratio": 1.17,
            "price_fair": 255.9,
            "eps_avg_yearly": 7.31,
            "eps_latest_yearly": 8.36,
            "eps_growth_yearly": 121.45
        },
        "20154": {
            "year_quarter": 20154,
            "year": 2015,
            "quarter": 4,
            "eps": 2.45,
            "eps_growth_year": -33.62,
            "eps_4q": 8.74,
            "eps_4q_growth_year": 28.03,
            "roe": 3.81,
            "roe_4q": 14.21,
            "gross_profit": 3363031,
            "gross_margin": 13.26,
            "gross_margin_4q_avg": 16.45,
            "net_income": 3412794,
            "net_income_4q": null,
            "revenue": 25364906,
            "revenue_4q": null,
            "common_shares": 13950240,
            "book_valuer_per_share": 65.15,
            "book_valuer_per_share_4q_avg": 62.54,
            "equity": 90973358,
            "current_ratio": 323.33,
            "debt_ratio": 26.27,
            "inventory_turnover_ratio": 4.91,
            "account_receivable_turnover_ratio": 0.76,
            "reinvestment_rate": -22.17,
            "research_to_sale_ratio": 1.79,
            "price_fair": 261,
            "eps_avg_yearly": 7.46,
            "eps_latest_yearly": 9.8,
            "eps_growth_yearly": 124.15
        },
        "20161": {
            "year_quarter": 20161,
            "year": 2016,
            "quarter": 1,
            "eps": 1.76,
            "eps_growth_year": -18.52,
            "eps_4q": 8.37,
            "eps_4q_growth_year": -4.21,
            "roe": 2.68,
            "roe_4q": 13.32,
            "gross_profit": 3650132,
            "gross_margin": 20.97,
            "gross_margin_4q_avg": 17.25,
            "net_income": 2445511,
            "net_income_4q": null,
            "revenue": 17402823,
            "revenue_4q": null,
            "common_shares": 13950240,
            "book_valuer_per_share": 65.72,
            "book_valuer_per_share_4q_avg": 63.69,
            "equity": 91747657,
            "current_ratio": 403.84,
            "debt_ratio": 21.23,
            "inventory_turnover_ratio": 3.86,
            "account_receivable_turnover_ratio": 0.81,
            "reinvestment_rate": -21.03,
            "research_to_sale_ratio": 1.27,
            "price_fair": 257,
            "eps_avg_yearly": 7.34,
            "eps_latest_yearly": 7.04,
            "eps_growth_yearly": 112.86
        },
        "20162": {
            "year_quarter": 20162,
            "year": 2016,
            "quarter": 2,
            "eps": 1.82,
            "eps_growth_year": -12.5,
            "eps_4q": 7.85,
            "eps_4q_growth_year": -16.73,
            "roe": 2.84,
            "roe_4q": 12.72,
            "gross_profit": 4042011,
            "gross_margin": 21.01,
            "gross_margin_4q_avg": 17.79,
            "net_income": 2571613,
            "net_income_4q": null,
            "revenue": 19235579,
            "revenue_4q": null,
            "common_shares": 13950240,
            "book_valuer_per_share": 64.07,
            "book_valuer_per_share_4q_avg": 64.55,
            "equity": 89447410,
            "current_ratio": 313.46,
            "debt_ratio": 27.69,
            "inventory_turnover_ratio": 4.73,
            "account_receivable_turnover_ratio": 1.05,
            "reinvestment_rate": -20.75,
            "research_to_sale_ratio": 0.64,
            "price_fair": 256.85,
            "eps_avg_yearly": 7.34,
            "eps_latest_yearly": 7.28,
            "eps_growth_yearly": 106.25
        },
        "20163": {
            "year_quarter": 20163,
            "year": 2016,
            "quarter": 3,
            "eps": 2.36,
            "eps_growth_year": 12.92,
            "eps_4q": 8.33,
            "eps_4q_growth_year": -16.2,
            "roe": 3.58,
            "roe_4q": 12.91,
            "gross_profit": 4374671,
            "gross_margin": 19.66,
            "gross_margin_4q_avg": 18.73,
            "net_income": 3332735,
            "net_income_4q": null,
            "revenue": 22256237,
            "revenue_4q": null,
            "common_shares": 14144852,
            "book_valuer_per_share": 68.18,
            "book_valuer_per_share_4q_avg": 65.78,
            "equity": 96505719,
            "current_ratio": 232.1,
            "debt_ratio": 30.68,
            "inventory_turnover_ratio": 5.97,
            "account_receivable_turnover_ratio": 0.96,
            "reinvestment_rate": 38.76,
            "research_to_sale_ratio": 1.29,
            "price_fair": 261.45,
            "eps_avg_yearly": 7.47,
            "eps_latest_yearly": 9.44,
            "eps_growth_yearly": 107.02
        },
        "20164": {
            "year_quarter": 20164,
            "year": 2016,
            "quarter": 4,
            "eps": 1.67,
            "eps_growth_year": -31.89,
            "eps_4q": 7.58,
            "eps_4q_growth_year": -13.32,
            "roe": 2.33,
            "roe_4q": 11.43,
            "gross_profit": 2536210,
            "gross_margin": 11.95,
            "gross_margin_4q_avg": 18.4,
            "net_income": 2370114,
            "net_income_4q": null,
            "revenue": 21215820,
            "revenue_4q": null,
            "common_shares": 14144852,
            "book_valuer_per_share": 75.41,
            "book_valuer_per_share_4q_avg": 68.35,
            "equity": 106746277,
            "current_ratio": 244.13,
            "debt_ratio": 28,
            "inventory_turnover_ratio": 6.2,
            "account_receivable_turnover_ratio": 0.85,
            "reinvestment_rate": 56.47,
            "research_to_sale_ratio": 1.62,
            "price_fair": 251.3,
            "eps_avg_yearly": 7.18,
            "eps_latest_yearly": 6.68,
            "eps_growth_yearly": 104.67
        },
        "20171": {
            "year_quarter": 20171,
            "year": 2017,
            "quarter": 1,
            "eps": 0.72,
            "eps_growth_year": -59.09,
            "eps_4q": 6.57,
            "eps_4q_growth_year": -21.6,
            "roe": 0.86,
            "roe_4q": 9.61,
            "gross_profit": 1694323,
            "gross_margin": 9.14,
            "gross_margin_4q_avg": 15.44,
            "net_income": 1013983,
            "net_income_4q": null,
            "revenue": 18544886,
            "revenue_4q": null,
            "common_shares": 14144852,
            "book_valuer_per_share": 91.35,
            "book_valuer_per_share_4q_avg": 74.75,
            "equity": 129282099,
            "current_ratio": 284.44,
            "debt_ratio": 19.53,
            "inventory_turnover_ratio": 6.42,
            "account_receivable_turnover_ratio": 0.95,
            "reinvestment_rate": 123.45,
            "research_to_sale_ratio": 1.24,
            "price_fair": 242.46,
            "eps_avg_yearly": 6.93,
            "eps_latest_yearly": 2.88,
            "eps_growth_yearly": 100.17
        },
        "20172": {
            "year_quarter": 20172,
            "year": 2017,
            "quarter": 2,
            "eps": 1.18,
            "eps_growth_year": -35.16,
            "eps_4q": 5.93,
            "eps_4q_growth_year": -24.47,
            "roe": 1.31,
            "roe_4q": 8.08,
            "gross_profit": 2532606,
            "gross_margin": 11.46,
            "gross_margin_4q_avg": 13.05,
            "net_income": 1664765,
            "net_income_4q": null,
            "revenue": 22098674,
            "revenue_4q": null,
            "common_shares": 14144852,
            "book_valuer_per_share": 88.17,
            "book_valuer_per_share_4q_avg": 80.78,
            "equity": 124781936,
            "current_ratio": 205.28,
            "debt_ratio": 29.86,
            "inventory_turnover_ratio": 6.55,
            "account_receivable_turnover_ratio": 1.1,
            "reinvestment_rate": 117.1,
            "research_to_sale_ratio": 1.17,
            "price_fair": 246.75,
            "eps_avg_yearly": 7.05,
            "eps_latest_yearly": 4.72,
            "eps_growth_yearly": 131.17
        },
        "20173": {
            "year_quarter": 20173,
            "year": 2017,
            "quarter": 3,
            "eps": 1.88,
            "eps_growth_year": -20.34,
            "eps_4q": 5.46,
            "eps_4q_growth_year": -34.49,
            "roe": 2.17,
            "roe_4q": 6.67,
            "gross_profit": 3175553,
            "gross_margin": 6.75,
            "gross_margin_4q_avg": 9.83,
            "net_income": 2666122,
            "net_income_4q": null,
            "revenue": 47028321,
            "revenue_4q": null,
            "common_shares": 14144852,
            "book_valuer_per_share": 85.82,
            "book_valuer_per_share_4q_avg": 85.19,
            "equity": 121452557,
            "current_ratio": 173.11,
            "debt_ratio": 39.65,
            "inventory_turnover_ratio": 9.54,
            "account_receivable_turnover_ratio": 1.44,
            "reinvestment_rate": 97.65,
            "research_to_sale_ratio": 1.03,
            "price_fair": 255.94,
            "eps_avg_yearly": 7.31,
            "eps_latest_yearly": 7.52,
            "eps_growth_yearly": 140.93
        },
        "20174": {
            "year_quarter": 20174,
            "year": 2017,
            "quarter": 4,
            "eps": 3.26,
            "eps_growth_year": 95.17,
            "eps_4q": 7.05,
            "eps_4q_growth_year": -7.05,
            "roe": 3.61,
            "roe_4q": 7.95,
            "gross_profit": 6856825,
            "gross_margin": 11.4,
            "gross_margin_4q_avg": 9.69,
            "net_income": 4623465,
            "net_income_4q": null,
            "revenue": 60143736,
            "revenue_4q": null,
            "common_shares": 14144852,
            "book_valuer_per_share": 95.1,
            "book_valuer_per_share_4q_avg": 90.11,
            "equity": 134594933,
            "current_ratio": 172.66,
            "debt_ratio": 37.53,
            "inventory_turnover_ratio": 11.77,
            "account_receivable_turnover_ratio": 1.27,
            "reinvestment_rate": 126.35,
            "research_to_sale_ratio": 0.84,
            "price_fair": 264.95,
            "eps_avg_yearly": 7.57,
            "eps_latest_yearly": 13.04,
            "eps_growth_yearly": 117.11
        },
        "20181": {
            "year_quarter": 20181,
            "year": 2018,
            "quarter": 1,
            "eps": 0.73,
            "eps_growth_year": 1.39,
            "eps_4q": 7.05,
            "eps_4q_growth_year": 7.42,
            "roe": 0.77,
            "roe_4q": 7.859999999999999,
            "gross_profit": 2026177,
            "gross_margin": 5.94,
            "gross_margin_4q_avg": 8.89,
            "net_income": 1023887,
            "net_income_4q": null,
            "revenue": 34095159,
            "revenue_4q": null,
            "common_shares": 14144852,
            "book_valuer_per_share": 91.94,
            "book_valuer_per_share_4q_avg": 90.26,
            "equity": 130125016,
            "current_ratio": 178.71,
            "debt_ratio": 33.7,
            "inventory_turnover_ratio": 8.19,
            "account_receivable_turnover_ratio": 0.81,
            "reinvestment_rate": -14.9,
            "research_to_sale_ratio": 0.93,
            "price_fair": 269.06,
            "eps_avg_yearly": 7.69,
            "eps_latest_yearly": 2.92,
            "eps_growth_yearly": 119.79
        },
        "20182": {
            "year_quarter": 20182,
            "year": 2018,
            "quarter": 2,
            "eps": 1.17,
            "eps_growth_year": -0.85,
            "eps_4q": 7.05,
            "eps_4q_growth_year": 18.86,
            "roe": 1.33,
            "roe_4q": 7.88,
            "gross_profit": 2933899,
            "gross_margin": 8.97,
            "gross_margin_4q_avg": 8.27,
            "net_income": 1666993,
            "net_income_4q": null,
            "revenue": 32704271,
            "revenue_4q": null,
            "common_shares": 14144852,
            "book_valuer_per_share": 84.69,
            "book_valuer_per_share_4q_avg": 89.39,
            "equity": 119862945,
            "current_ratio": 172.24,
            "debt_ratio": 36.7,
            "inventory_turnover_ratio": 7.01,
            "account_receivable_turnover_ratio": 1.08,
            "reinvestment_rate": -14.04,
            "research_to_sale_ratio": 2.46,
            "price_fair": 270.55,
            "eps_avg_yearly": 7.73,
            "eps_latest_yearly": 4.68,
            "eps_growth_yearly": 63.71
        },
        "20183": {
            "year_quarter": 20183,
            "year": 2018,
            "quarter": 3,
            "eps": 1.92,
            "eps_growth_year": 2.13,
            "eps_4q": 7.08,
            "eps_4q_growth_year": 29.84,
            "roe": 2.31,
            "roe_4q": 8.02,
            "gross_profit": 3841789,
            "gross_margin": 8.8,
            "gross_margin_4q_avg": 8.78,
            "net_income": 2718009,
            "net_income_4q": null,
            "revenue": 43652684,
            "revenue_4q": null,
            "common_shares": 14144852,
            "book_valuer_per_share": 81.75,
            "book_valuer_per_share_4q_avg": 88.37,
            "equity": 115713740,
            "current_ratio": 176.31,
            "debt_ratio": 36.48,
            "inventory_turnover_ratio": 9.4,
            "account_receivable_turnover_ratio": 1.28,
            "reinvestment_rate": -10.42,
            "research_to_sale_ratio": 0.87,
            "price_fair": 270.73,
            "eps_avg_yearly": 7.74,
            "eps_latest_yearly": 7.68,
            "eps_growth_yearly": 57.23
        },
        "20184": {
            "year_quarter": 20184,
            "year": 2018,
            "quarter": 4,
            "eps": 2.64,
            "eps_growth_year": -18.92,
            "eps_4q": 6.47,
            "eps_4q_growth_year": -8.22,
            "roe": 3.48,
            "roe_4q": 7.890000000000001,
            "gross_profit": 4690878,
            "gross_margin": 14.84,
            "gross_margin_4q_avg": 9.64,
            "net_income": 3741958,
            "net_income_4q": null,
            "revenue": 31605318,
            "revenue_4q": null,
            "common_shares": 14144852,
            "book_valuer_per_share": 70.35,
            "book_valuer_per_share_4q_avg": 82.18,
            "equity": 99589934,
            "current_ratio": 191.04,
            "debt_ratio": 36.3,
            "inventory_turnover_ratio": 8.04,
            "account_receivable_turnover_ratio": 0.88,
            "reinvestment_rate": -8.63,
            "research_to_sale_ratio": 0.82,
            "price_fair": 261.54,
            "eps_avg_yearly": 7.47,
            "eps_latest_yearly": 10.56,
            "eps_growth_yearly": 43.05
        },
        "20191": {
            "year_quarter": 20191,
            "year": 2019,
            "quarter": 1,
            "eps": 0.57,
            "eps_growth_year": -21.92,
            "eps_4q": 6.3,
            "eps_4q_growth_year": -10.61,
            "roe": 0.79,
            "roe_4q": 7.91,
            "gross_profit": 1029430,
            "gross_margin": 8.1,
            "gross_margin_4q_avg": 10.18,
            "net_income": 801018,
            "net_income_4q": null,
            "revenue": 12707295,
            "revenue_4q": null,
            "common_shares": 14144852,
            "book_valuer_per_share": 73.7,
            "book_valuer_per_share_4q_avg": 77.62,
            "equity": 104323670,
            "current_ratio": 245.75,
            "debt_ratio": 26.43,
            "inventory_turnover_ratio": 4.16,
            "account_receivable_turnover_ratio": 0.52,
            "reinvestment_rate": -4.98,
            "research_to_sale_ratio": 2.49,
            "price_fair": 247.63,
            "eps_avg_yearly": 7.08,
            "eps_latest_yearly": 2.28,
            "eps_growth_yearly": 33.82
        },
        "20192": {
            "year_quarter": 20192,
            "year": 2019,
            "quarter": 2,
            "eps": 1.33,
            "eps_growth_year": 13.68,
            "eps_4q": 6.46,
            "eps_4q_growth_year": -8.36,
            "roe": 1.83,
            "roe_4q": 8.41,
            "gross_profit": 2631579,
            "gross_margin": 11.53,
            "gross_margin_4q_avg": 10.82,
            "net_income": 1872997,
            "net_income_4q": null,
            "revenue": 22820411,
            "revenue_4q": null,
            "common_shares": 14144852,
            "book_valuer_per_share": 70.85,
            "book_valuer_per_share_4q_avg": 74.16,
            "equity": 100296086,
            "current_ratio": 181.91,
            "debt_ratio": 38.77,
            "inventory_turnover_ratio": 6.36,
            "account_receivable_turnover_ratio": 1.06,
            "reinvestment_rate": -8.92,
            "research_to_sale_ratio": 3.38,
            "price_fair": 241.06,
            "eps_avg_yearly": 6.89,
            "eps_latest_yearly": 5.32,
            "eps_growth_yearly": 68.08
        },
        "20193": {
            "year_quarter": 20193,
            "year": 2019,
            "quarter": 3,
            "eps": 1.88,
            "eps_growth_year": -2.08,
            "eps_4q": 6.41,
            "eps_4q_growth_year": -9.47,
            "roe": 2.6,
            "roe_4q": 8.7,
            "gross_profit": 3323034,
            "gross_margin": 8.93,
            "gross_margin_4q_avg": 10.85,
            "net_income": 2612113,
            "net_income_4q": null,
            "revenue": 37207015,
            "revenue_4q": null,
            "common_shares": 14144852,
            "book_valuer_per_share": 70.99,
            "book_valuer_per_share_4q_avg": 71.47,
            "equity": 100443730,
            "current_ratio": 165.68,
            "debt_ratio": 44.43,
            "inventory_turnover_ratio": 8.6,
            "account_receivable_turnover_ratio": 1.17,
            "reinvestment_rate": -4.49,
            "research_to_sale_ratio": 1.04,
            "price_fair": 239.23,
            "eps_avg_yearly": 6.84,
            "eps_latest_yearly": 7.52,
            "eps_growth_yearly": 78.29
        },
        "20194": {
            "year_quarter": 20194,
            "year": 2019,
            "quarter": 4,
            "eps": 1.27,
            "eps_growth_year": -51.88,
            "eps_4q": 5.04,
            "eps_4q_growth_year": -22.05,
            "roe": 1.68,
            "roe_4q": 6.9,
            "gross_profit": 2966343,
            "gross_margin": 10.96,
            "gross_margin_4q_avg": 9.88,
            "net_income": 1750986,
            "net_income_4q": null,
            "revenue": 27067408,
            "revenue_4q": null,
            "common_shares": 14144852,
            "book_valuer_per_share": 76.79,
            "book_valuer_per_share_4q_avg": 73.08,
            "equity": 108605610,
            "current_ratio": 197.07,
            "debt_ratio": 34.01,
            "inventory_turnover_ratio": 7.13,
            "account_receivable_turnover_ratio": 0.81,
            "reinvestment_rate": -15.34,
            "research_to_sale_ratio": 2.76,
            "price_fair": 228.9,
            "eps_avg_yearly": 6.54,
            "eps_latest_yearly": 5.08,
            "eps_growth_yearly": 65.88
        },
        "20201": {
            "year_quarter": 20201,
            "year": 2020,
            "quarter": 1,
            "eps": 0.35,
            "eps_growth_year": -38.6,
            "eps_4q": 4.83,
            "eps_4q_growth_year": -23.41,
            "roe": 0.48,
            "roe_4q": 6.59,
            "gross_profit": 885826,
            "gross_margin": 7.91,
            "gross_margin_4q_avg": 9.83,
            "net_income": 493782,
            "net_income_4q": null,
            "revenue": 11194110,
            "revenue_4q": null,
            "common_shares": 14144852,
            "book_valuer_per_share": 69.38,
            "book_valuer_per_share_4q_avg": 72,
            "equity": 98117240,
            "current_ratio": 236.32,
            "debt_ratio": 29.14,
            "inventory_turnover_ratio": 3.59,
            "account_receivable_turnover_ratio": 0.46,
            "reinvestment_rate": -15.05,
            "research_to_sale_ratio": 2.78,
            "price_fair": 216.56,
            "eps_avg_yearly": 6.19,
            "eps_latest_yearly": 1.4,
            "eps_growth_yearly": 54.81
        },
        "20202": {
            "year_quarter": 20202,
            "year": 2020,
            "quarter": 2,
            "eps": 1.03,
            "eps_growth_year": -22.56,
            "eps_4q": 4.54,
            "eps_4q_growth_year": -29.75,
            "roe": 1.51,
            "roe_4q": 6.27,
            "gross_profit": 1607719,
            "gross_margin": 7.07,
            "gross_margin_4q_avg": 8.72,
            "net_income": 1455777,
            "net_income_4q": null,
            "revenue": 22739527,
            "revenue_4q": null,
            "common_shares": 14144852,
            "book_valuer_per_share": 67.36,
            "book_valuer_per_share_4q_avg": 71.13,
            "equity": 95256024,
            "current_ratio": 201.42,
            "debt_ratio": 35.21,
            "inventory_turnover_ratio": 6.15,
            "account_receivable_turnover_ratio": 1.09,
            "reinvestment_rate": -12.26,
            "research_to_sale_ratio": 1.85,
            "price_fair": 209.65,
            "eps_avg_yearly": 5.99,
            "eps_latest_yearly": 4.12,
            "eps_growth_yearly": 102.53
        },
        "20203": {
            "year_quarter": 20203,
            "year": 2020,
            "quarter": 3,
            "eps": 1.18,
            "eps_growth_year": -37.23,
            "eps_4q": 3.84,
            "eps_4q_growth_year": -40.08,
            "roe": 1.7,
            "roe_4q": 5.37,
            "gross_profit": 2198795,
            "gross_margin": 6.04,
            "gross_margin_4q_avg": 8,
            "net_income": 1665395,
            "net_income_4q": null,
            "revenue": 36396331,
            "revenue_4q": null,
            "common_shares": 14144852,
            "book_valuer_per_share": 71.12,
            "book_valuer_per_share_4q_avg": 71.16,
            "equity": 100560041,
            "current_ratio": 183.36,
            "debt_ratio": 39.48,
            "inventory_turnover_ratio": 8.51,
            "account_receivable_turnover_ratio": 1.32,
            "reinvestment_rate": -85.26,
            "research_to_sale_ratio": 1.06,
            "price_fair": 199.33,
            "eps_avg_yearly": 5.7,
            "eps_latest_yearly": 4.72,
            "eps_growth_yearly": 98.75
        },
        "20204": {
            "year_quarter": 20204,
            "year": 2020,
            "quarter": 4,
            "eps": 0.77,
            "eps_growth_year": -39.8,
            "eps_4q": 3.34,
            "eps_4q_growth_year": -33.82,
            "roe": 1.02,
            "roe_4q": 4.709999999999999,
            "gross_profit": 1777233,
            "gross_margin": 5.16,
            "gross_margin_4q_avg": 6.55,
            "net_income": 1071169,
            "net_income_4q": null,
            "revenue": 34459631,
            "revenue_4q": null,
            "common_shares": 14144852,
            "book_valuer_per_share": 77.99,
            "book_valuer_per_share_4q_avg": 71.46,
            "equity": 110268755,
            "current_ratio": 195.84,
            "debt_ratio": 34.79,
            "inventory_turnover_ratio": 6.96,
            "account_receivable_turnover_ratio": 1.1,
            "reinvestment_rate": -113.32,
            "research_to_sale_ratio": 1.81,
            "price_fair": 191.45,
            "eps_avg_yearly": 5.47,
            "eps_latest_yearly": 3.08,
            "eps_growth_yearly": 97.37
        },
        "20211": {
            "year_quarter": 20211,
            "year": 2021,
            "quarter": 1,
            "eps": 0.7,
            "eps_growth_year": 100,
            "eps_4q": 3.68,
            "eps_4q_growth_year": -23.79,
            "roe": 0.85,
            "roe_4q": 5.08,
            "gross_profit": 1650467,
            "gross_margin": 8.14,
            "gross_margin_4q_avg": 6.6,
            "net_income": 982720,
            "net_income_4q": null,
            "revenue": 20273666,
            "revenue_4q": null,
            "common_shares": 14144852,
            "book_valuer_per_share": 85.49,
            "book_valuer_per_share_4q_avg": 75.49,
            "equity": 120864589,
            "current_ratio": 212.88,
            "debt_ratio": 29.06,
            "inventory_turnover_ratio": 4.12,
            "account_receivable_turnover_ratio": 0.83,
            "reinvestment_rate": -193.94,
            "research_to_sale_ratio": 2.31,
            "price_fair": 191.28,
            "eps_avg_yearly": 5.47,
            "eps_latest_yearly": 2.8,
            "eps_growth_yearly": 109.32
        },
        "20212": {
            "year_quarter": 20212,
            "year": 2021,
            "quarter": 2,
            "eps": 1.07,
            "eps_growth_year": 3.88,
            "eps_4q": 3.72,
            "eps_4q_growth_year": -17.97,
            "roe": 1.25,
            "roe_4q": 4.82,
            "gross_profit": 1979936,
            "gross_margin": 8.79,
            "gross_margin_4q_avg": 7.03,
            "net_income": 1506179,
            "net_income_4q": null,
            "revenue": 22532634,
            "revenue_4q": null,
            "common_shares": 14144852,
            "book_valuer_per_share": 84.5,
            "book_valuer_per_share_4q_avg": 79.78,
            "equity": 119464334,
            "current_ratio": 199.56,
            "debt_ratio": 32.49,
            "inventory_turnover_ratio": 4.51,
            "account_receivable_turnover_ratio": 1.02,
            "reinvestment_rate": -190.58,
            "research_to_sale_ratio": 1.96,
            "price_fair": 190.31,
            "eps_avg_yearly": 5.44,
            "eps_latest_yearly": 4.28,
            "eps_growth_yearly": 106.56
        },
        "20213": {
            "year_quarter": 20213,
            "year": 2021,
            "quarter": 3,
            "eps": 0.81,
            "eps_growth_year": -31.36,
            "eps_4q": 3.35,
            "eps_4q_growth_year": -12.93,
            "roe": 0.97,
            "roe_4q": 4.09,
            "gross_profit": 1691449,
            "gross_margin": 5.07,
            "gross_margin_4q_avg": 6.79,
            "net_income": 1128310,
            "net_income_4q": null,
            "revenue": 33337917,
            "revenue_4q": null,
            "common_shares": 14144852,
            "book_valuer_per_share": 79.56,
            "book_valuer_per_share_4q_avg": 81.89,
            "equity": 112458789,
            "current_ratio": 180.41,
            "debt_ratio": 39.14,
            "inventory_turnover_ratio": 5.71,
            "account_receivable_turnover_ratio": 1.1,
            "reinvestment_rate": -176.3,
            "research_to_sale_ratio": 1.21,
            "price_fair": 180.95,
            "eps_avg_yearly": 5.17,
            "eps_latest_yearly": 3.24,
            "eps_growth_yearly": 85.66
        },
        "20214": {
            "year_quarter": 20214,
            "year": 2021,
            "quarter": 4,
            "eps": 0.59,
            "eps_growth_year": -22.43,
            "eps_4q": 3.17,
            "eps_4q_growth_year": -4.86,
            "roe": 0.71,
            "roe_4q": 3.78,
            "gross_profit": 1936684,
            "gross_margin": 6.93,
            "gross_margin_4q_avg": 7.23,
            "net_income": 797427,
            "net_income_4q": null,
            "revenue": 27937814,
            "revenue_4q": null,
            "common_shares": 14144852,
            "book_valuer_per_share": 78.58,
            "book_valuer_per_share_4q_avg": 82.03,
            "equity": 111024200,
            "current_ratio": 191.7,
            "debt_ratio": 36.34,
            "inventory_turnover_ratio": 4.48,
            "account_receivable_turnover_ratio": 0.91,
            "reinvestment_rate": -254.54,
            "research_to_sale_ratio": 1.07,
            "price_fair": 157.59,
            "eps_avg_yearly": 4.5,
            "eps_latest_yearly": 2.36,
            "eps_growth_yearly": 60.52
        },
        "20221": {
            "year_quarter": 20221,
            "year": 2022,
            "quarter": 1,
            "eps": 0.6,
            "eps_growth_year": -14.29,
            "eps_4q": 3.07,
            "eps_4q_growth_year": -16.52,
            "roe": 0.78,
            "roe_4q": 3.71,
            "gross_profit": 1628142,
            "gross_margin": 6.91,
            "gross_margin_4q_avg": 6.93,
            "net_income": 838407,
            "net_income_4q": null,
            "revenue": 23546502,
            "revenue_4q": null,
            "common_shares": 14144852,
            "book_valuer_per_share": 73.81,
            "book_valuer_per_share_4q_avg": 79.11,
            "equity": 104277221,
            "current_ratio": 205.97,
            "debt_ratio": 34.96,
            "inventory_turnover_ratio": 4.48,
            "account_receivable_turnover_ratio": 0.99,
            "reinvestment_rate": -14.62,
            "research_to_sale_ratio": 1.72,
            "price_fair": 156.45,
            "eps_avg_yearly": 4.47,
            "eps_latest_yearly": 2.4,
            "eps_growth_yearly": 80.34
        },
        "20222": {
            "year_quarter": 20222,
            "year": 2022,
            "quarter": 2,
            "eps": 0.74,
            "eps_growth_year": -30.84,
            "eps_4q": 2.73,
            "eps_4q_growth_year": -26.53,
            "roe": 1.01,
            "roe_4q": 3.4699999999999998,
            "gross_profit": 1585617,
            "gross_margin": 8.3,
            "gross_margin_4q_avg": 6.8,
            "net_income": 1034734,
            "net_income_4q": null,
            "revenue": 19100519,
            "revenue_4q": null,
            "common_shares": 14144852,
            "book_valuer_per_share": 70.95,
            "book_valuer_per_share_4q_avg": 75.73,
            "equity": 100224099,
            "current_ratio": 251.75,
            "debt_ratio": 28.19,
            "inventory_turnover_ratio": 3.94,
            "account_receivable_turnover_ratio": 0.89,
            "reinvestment_rate": -16.9,
            "research_to_sale_ratio": 1.97,
            "price_fair": 152.69,
            "eps_avg_yearly": 4.36,
            "eps_latest_yearly": 2.96,
            "eps_growth_yearly": 71.11
        },
        "20223": {
            "year_quarter": 20223,
            "year": 2022,
            "quarter": 3,
            "eps": 1.1,
            "eps_growth_year": 35.8,
            "eps_4q": 3.03,
            "eps_4q_growth_year": -9.54,
            "roe": 1.53,
            "roe_4q": 4.03,
            "gross_profit": 1689405,
            "gross_margin": 9.46,
            "gross_margin_4q_avg": 7.9,
            "net_income": 1554386,
            "net_income_4q": null,
            "revenue": 17850997,
            "revenue_4q": null,
            "common_shares": 14144852,
            "book_valuer_per_share": 72.7,
            "book_valuer_per_share_4q_avg": 74.01,
            "equity": 102649861,
            "current_ratio": 268.98,
            "debt_ratio": 26.76,
            "inventory_turnover_ratio": 3.75,
            "account_receivable_turnover_ratio": 0.88,
            "reinvestment_rate": -16.81,
            "research_to_sale_ratio": 2.81,
            "price_fair": 145.51,
            "eps_avg_yearly": 4.16,
            "eps_latest_yearly": 4.4,
            "eps_growth_yearly": 67.24
        },
        "20224": {
            "year_quarter": 20224,
            "year": 2022,
            "quarter": 4,
            "eps": 0.58,
            "eps_growth_year": -1.69,
            "eps_4q": 3.02,
            "eps_4q_growth_year": -4.96,
            "roe": 0.75,
            "roe_4q": 4.07,
            "gross_profit": 1981403,
            "gross_margin": 6.61,
            "gross_margin_4q_avg": 7.82,
            "net_income": 770638,
            "net_income_4q": null,
            "revenue": 29971488,
            "revenue_4q": null,
            "common_shares": 14144852,
            "book_valuer_per_share": 73.08,
            "book_valuer_per_share_4q_avg": 72.64,
            "equity": 103177476,
            "current_ratio": 231.1,
            "debt_ratio": 31.72,
            "inventory_turnover_ratio": 6.28,
            "account_receivable_turnover_ratio": 1.5,
            "reinvestment_rate": -30.57,
            "research_to_sale_ratio": 0.74,
            "price_fair": 127.49,
            "eps_avg_yearly": 3.64,
            "eps_latest_yearly": 2.32,
            "eps_growth_yearly": 46.05
        },
        "20231": {
            "year_quarter": 20231,
            "year": 2023,
            "quarter": 1,
            "eps": 0.54,
            "eps_growth_year": -10,
            "eps_4q": 2.96,
            "eps_4q_growth_year": -3.65,
            "roe": 0.72,
            "roe_4q": 4.01,
            "gross_profit": 1333527,
            "gross_margin": 5.73,
            "gross_margin_4q_avg": 7.53,
            "net_income": 742079,
            "net_income_4q": null,
            "revenue": 23287044,
            "revenue_4q": null,
            "common_shares": 14144852,
            "book_valuer_per_share": 72.74,
            "book_valuer_per_share_4q_avg": 72.37,
            "equity": 102686493,
            "current_ratio": 228.01,
            "debt_ratio": 26.92,
            "inventory_turnover_ratio": 4.64,
            "account_receivable_turnover_ratio": 1.3,
            "reinvestment_rate": -30.73,
            "research_to_sale_ratio": 1.51,
            "price_fair": 127.23,
            "eps_avg_yearly": 3.64,
            "eps_latest_yearly": 2.16,
            "eps_growth_yearly": 63.93
        },
        "20232": {
            "year_quarter": 20232,
            "year": 2023,
            "quarter": 2,
            "eps": 0.97,
            "eps_growth_year": 31.08,
            "eps_4q": 3.19,
            "eps_4q_growth_year": 16.65,
            "roe": 1.5,
            "roe_4q": 4.5,
            "gross_profit": 1370855,
            "gross_margin": 8.16,
            "gross_margin_4q_avg": 7.49,
            "net_income": 1522762,
            "net_income_4q": null,
            "revenue": 16798647,
            "revenue_4q": null,
            "common_shares": 14144852,
            "book_valuer_per_share": 70.7,
            "book_valuer_per_share_4q_avg": 72.31,
            "equity": 99943698,
            "current_ratio": 249.96,
            "debt_ratio": 25.07,
            "inventory_turnover_ratio": 3.75,
            "account_receivable_turnover_ratio": 1.2,
            "reinvestment_rate": -32.71,
            "research_to_sale_ratio": 2.41,
            "price_fair": 124.08,
            "eps_avg_yearly": 3.55,
            "eps_latest_yearly": 3.88,
            "eps_growth_yearly": 50.5
        },
        "20233": {
            "year_quarter": 20233,
            "year": 2023,
            "quarter": 3,
            "eps": 0.76,
            "eps_growth_year": -30.91,
            "eps_4q": 2.85,
            "eps_4q_growth_year": -5.86,
            "roe": 1.04,
            "roe_4q": 4.01,
            "gross_profit": 1544786,
            "gross_margin": 6.92,
            "gross_margin_4q_avg": 6.86,
            "net_income": 1058098,
            "net_income_4q": null,
            "revenue": 22339180,
            "revenue_4q": null,
            "common_shares": 14144852,
            "book_valuer_per_share": 73.76,
            "book_valuer_per_share_4q_avg": 72.57,
            "equity": 104246520,
            "current_ratio": 225.3,
            "debt_ratio": 25.95,
            "inventory_turnover_ratio": 5.44,
            "account_receivable_turnover_ratio": 1.56,
            "reinvestment_rate": -32.47,
            "research_to_sale_ratio": 1.99,
            "price_fair": 114.28,
            "eps_avg_yearly": 3.27,
            "eps_latest_yearly": 3.04,
            "eps_growth_yearly": 34.75
        }
    },
    "months": {
        "2001-06": {
            "month": "2001-06",
            "price": "45.20",
            "revenue": 1608358
        },
        "2001-07": {
            "month": "2001-07",
            "price": "29.63",
            "revenue": 1464874
        },
        "2001-08": {
            "month": "2001-08",
            "price": "33.98",
            "revenue": 1821299
        },
        "2001-09": {
            "month": "2001-09",
            "price": "28.69",
            "revenue": 587351
        },
        "2001-10": {
            "month": "2001-10",
            "price": "25.09",
            "revenue": 2322023
        },
        "2001-11": {
            "month": "2001-11",
            "price": "31.12",
            "revenue": 1655673
        },
        "2001-12": {
            "month": "2001-12",
            "price": "35.75",
            "revenue": 1469448
        },
        "2002-01": {
            "month": "2002-01",
            "price": "38.65",
            "revenue": 2018535
        },
        "2002-02": {
            "month": "2002-02",
            "price": "41.55",
            "revenue": 1099360
        },
        "2002-03": {
            "month": "2002-03",
            "price": "46.41",
            "revenue": 988875
        },
        "2002-04": {
            "month": "2002-04",
            "price": "43.66",
            "revenue": 1107078
        },
        "2002-05": {
            "month": "2002-05",
            "price": "39.76",
            "revenue": 500855
        },
        "2002-06": {
            "month": "2002-06",
            "price": "37.68",
            "revenue": 721997
        },
        "2002-07": {
            "month": "2002-07",
            "price": "32.11",
            "revenue": 875581
        },
        "2002-08": {
            "month": "2002-08",
            "price": "29.83",
            "revenue": 401622
        },
        "2002-09": {
            "month": "2002-09",
            "price": "32.28",
            "revenue": 178808
        },
        "2002-10": {
            "month": "2002-10",
            "price": "35.20",
            "revenue": 472938
        },
        "2002-11": {
            "month": "2002-11",
            "price": "34.23",
            "revenue": 1211490
        },
        "2002-12": {
            "month": "2002-12",
            "price": "32.63",
            "revenue": 670013
        },
        "2003-01": {
            "month": "2003-01",
            "price": "31.18",
            "revenue": 690492
        },
        "2003-02": {
            "month": "2003-02",
            "price": "28.64",
            "revenue": 675663
        },
        "2003-03": {
            "month": "2003-03",
            "price": "25.78",
            "revenue": 1060871
        },
        "2003-04": {
            "month": "2003-04",
            "price": "26.94",
            "revenue": 781888
        },
        "2003-05": {
            "month": "2003-05",
            "price": "25.60",
            "revenue": 845607
        },
        "2003-06": {
            "month": "2003-06",
            "price": "32.12",
            "revenue": 1117327
        },
        "2003-07": {
            "month": "2003-07",
            "price": "47.13",
            "revenue": 969184
        },
        "2003-08": {
            "month": "2003-08",
            "price": "54.55",
            "revenue": 1276965
        },
        "2003-09": {
            "month": "2003-09",
            "price": "50.60",
            "revenue": 2025984
        },
        "2003-10": {
            "month": "2003-10",
            "price": "52.73",
            "revenue": 1474803
        },
        "2003-11": {
            "month": "2003-11",
            "price": "52.00",
            "revenue": 1247423
        },
        "2003-12": {
            "month": "2003-12",
            "price": "54.70",
            "revenue": 1185923
        },
        "2004-01": {
            "month": "2004-01",
            "price": "65.10",
            "revenue": 703237
        },
        "2004-02": {
            "month": "2004-02",
            "price": "73.70",
            "revenue": 836276
        },
        "2004-03": {
            "month": "2004-03",
            "price": "66.65",
            "revenue": 2166794
        },
        "2004-04": {
            "month": "2004-04",
            "price": "64.45",
            "revenue": 1934194
        },
        "2004-05": {
            "month": "2004-05",
            "price": "57.26",
            "revenue": 2172136
        },
        "2004-06": {
            "month": "2004-06",
            "price": "58.12",
            "revenue": 2039267
        },
        "2004-07": {
            "month": "2004-07",
            "price": "54.24",
            "revenue": 2423575
        },
        "2004-08": {
            "month": "2004-08",
            "price": "45.96",
            "revenue": 3854315
        },
        "2004-09": {
            "month": "2004-09",
            "price": "50.36",
            "revenue": 4604761
        },
        "2004-10": {
            "month": "2004-10",
            "price": "55.98",
            "revenue": 5875460
        },
        "2004-11": {
            "month": "2004-11",
            "price": "61.80",
            "revenue": 6158629
        },
        "2004-12": {
            "month": "2004-12",
            "price": "66.63",
            "revenue": 7492613
        },
        "2005-01": {
            "month": "2005-01",
            "price": "66.36",
            "revenue": 5676155
        },
        "2005-02": {
            "month": "2005-02",
            "price": "80.42",
            "revenue": 5175186
        },
        "2005-03": {
            "month": "2005-03",
            "price": "86.29",
            "revenue": 3601842
        },
        "2005-04": {
            "month": "2005-04",
            "price": "88.01",
            "revenue": 2654630
        },
        "2005-05": {
            "month": "2005-05",
            "price": "100.90",
            "revenue": 2883666
        },
        "2005-06": {
            "month": "2005-06",
            "price": "121.00",
            "revenue": 2860516
        },
        "2005-07": {
            "month": "2005-07",
            "price": "133.02",
            "revenue": 1519607
        },
        "2005-08": {
            "month": "2005-08",
            "price": "133.07",
            "revenue": 3557962
        },
        "2005-09": {
            "month": "2005-09",
            "price": "134.45",
            "revenue": 4627610
        },
        "2005-10": {
            "month": "2005-10",
            "price": "134.70",
            "revenue": 5241092
        },
        "2005-11": {
            "month": "2005-11",
            "price": "145.32",
            "revenue": 4210495
        },
        "2005-12": {
            "month": "2005-12",
            "price": "159.41",
            "revenue": 3328784
        },
        "2006-01": {
            "month": "2006-01",
            "price": "164.14",
            "revenue": 3057497
        },
        "2006-02": {
            "month": "2006-02",
            "price": "157.00",
            "revenue": 2564477
        },
        "2006-03": {
            "month": "2006-03",
            "price": "186.09",
            "revenue": 4445944
        },
        "2006-04": {
            "month": "2006-04",
            "price": "232.13",
            "revenue": 4836966
        },
        "2006-05": {
            "month": "2006-05",
            "price": "246.10",
            "revenue": 6207985
        },
        "2006-06": {
            "month": "2006-06",
            "price": "241.02",
            "revenue": 5713072
        },
        "2006-07": {
            "month": "2006-07",
            "price": "241.17",
            "revenue": 6387642
        },
        "2006-08": {
            "month": "2006-08",
            "price": "259.04",
            "revenue": 6105132
        },
        "2006-09": {
            "month": "2006-09",
            "price": "290.31",
            "revenue": 7007301
        },
        "2006-10": {
            "month": "2006-10",
            "price": "322.32",
            "revenue": 7283357
        },
        "2006-11": {
            "month": "2006-11",
            "price": "316.91",
            "revenue": 11738308
        },
        "2006-12": {
            "month": "2006-12",
            "price": "358.79",
            "revenue": 13004588
        },
        "2007-01": {
            "month": "2007-01",
            "price": "410.98",
            "revenue": 9923074
        },
        "2007-02": {
            "month": "2007-02",
            "price": "377.42",
            "revenue": 7602042
        },
        "2007-03": {
            "month": "2007-03",
            "price": "338.54",
            "revenue": 9213644
        },
        "2007-04": {
            "month": "2007-04",
            "price": "348.18",
            "revenue": 9789249
        },
        "2007-05": {
            "month": "2007-05",
            "price": "335.93",
            "revenue": 10221161
        },
        "2007-06": {
            "month": "2007-06",
            "price": "390.00",
            "revenue": 10949228
        },
        "2007-07": {
            "month": "2007-07",
            "price": "396.66",
            "revenue": 10495639
        },
        "2007-08": {
            "month": "2007-08",
            "price": "314.20",
            "revenue": 11653578
        },
        "2007-09": {
            "month": "2007-09",
            "price": "345.19",
            "revenue": 14723258
        },
        "2007-10": {
            "month": "2007-10",
            "price": "373.02",
            "revenue": 13280556
        },
        "2007-11": {
            "month": "2007-11",
            "price": "322.02",
            "revenue": 12748232
        },
        "2007-12": {
            "month": "2007-12",
            "price": "267.52",
            "revenue": 12861762
        },
        "2008-01": {
            "month": "2008-01",
            "price": "205.50",
            "revenue": 12337469
        },
        "2008-02": {
            "month": "2008-02",
            "price": "186.21",
            "revenue": 9757763
        },
        "2008-03": {
            "month": "2008-03",
            "price": "189.62",
            "revenue": 13289047
        },
        "2008-04": {
            "month": "2008-04",
            "price": "207.26",
            "revenue": 11337259
        },
        "2008-05": {
            "month": "2008-05",
            "price": "178.90",
            "revenue": 11108507
        },
        "2008-06": {
            "month": "2008-06",
            "price": "164.17",
            "revenue": 12370518
        },
        "2008-07": {
            "month": "2008-07",
            "price": "143.36",
            "revenue": 12042275
        },
        "2008-08": {
            "month": "2008-08",
            "price": "158.86",
            "revenue": 14125035
        },
        "2008-09": {
            "month": "2008-09",
            "price": "126.39",
            "revenue": 14780073
        },
        "2008-10": {
            "month": "2008-10",
            "price": "83.85",
            "revenue": 16719601
        },
        "2008-11": {
            "month": "2008-11",
            "price": "72.21",
            "revenue": 19550088
        },
        "2008-12": {
            "month": "2008-12",
            "price": "71.57",
            "revenue": 15921799
        },
        "2009-01": {
            "month": "2009-01",
            "price": "76.74",
            "revenue": 14901890
        },
        "2009-02": {
            "month": "2009-02",
            "price": "77.10",
            "revenue": 12509575
        },
        "2009-03": {
            "month": "2009-03",
            "price": "85.62",
            "revenue": 12415054
        },
        "2009-04": {
            "month": "2009-04",
            "price": "92.29",
            "revenue": 12308619
        },
        "2009-05": {
            "month": "2009-05",
            "price": "99.16",
            "revenue": 11342352
        },
        "2009-06": {
            "month": "2009-06",
            "price": "94.67",
            "revenue": 8823017
        },
        "2009-07": {
            "month": "2009-07",
            "price": "94.04",
            "revenue": 9752007
        },
        "2009-08": {
            "month": "2009-08",
            "price": "82.28",
            "revenue": 10184336
        },
        "2009-09": {
            "month": "2009-09",
            "price": "89.50",
            "revenue": 14565135
        },
        "2009-10": {
            "month": "2009-10",
            "price": "101.25",
            "revenue": 18233538
        },
        "2009-11": {
            "month": "2009-11",
            "price": "114.33",
            "revenue": 16213301
        },
        "2009-12": {
            "month": "2009-12",
            "price": "116.67",
            "revenue": 13932947
        },
        "2010-01": {
            "month": "2010-01",
            "price": "127.00",
            "revenue": 11453103
        },
        "2010-02": {
            "month": "2010-02",
            "price": "122.29",
            "revenue": 8162993
        },
        "2010-03": {
            "month": "2010-03",
            "price": "116.35",
            "revenue": 13237100
        },
        "2010-04": {
            "month": "2010-04",
            "price": "130.71",
            "revenue": 10169140
        },
        "2010-05": {
            "month": "2010-05",
            "price": "122.98",
            "revenue": 11432435
        },
        "2010-06": {
            "month": "2010-06",
            "price": "111.40",
            "revenue": 8434641
        },
        "2010-07": {
            "month": "2010-07",
            "price": "109.36",
            "revenue": 6109636
        },
        "2010-08": {
            "month": "2010-08",
            "price": "110.75",
            "revenue": 11201742
        },
        "2010-09": {
            "month": "2010-09",
            "price": "97.42",
            "revenue": 15798745
        },
        "2010-10": {
            "month": "2010-10",
            "price": "96.05",
            "revenue": 15988935
        },
        "2010-11": {
            "month": "2010-11",
            "price": "99.24",
            "revenue": 14606370
        },
        "2010-12": {
            "month": "2010-12",
            "price": "111.63",
            "revenue": 10693671
        },
        "2011-01": {
            "month": "2011-01",
            "price": "115.52",
            "revenue": 9436778
        },
        "2011-02": {
            "month": "2011-02",
            "price": "109.50",
            "revenue": 10814814
        },
        "2011-03": {
            "month": "2011-03",
            "price": "110.83",
            "revenue": 15752760
        },
        "2011-04": {
            "month": "2011-04",
            "price": "125.53",
            "revenue": 11102019
        },
        "2011-05": {
            "month": "2011-05",
            "price": "136.81",
            "revenue": 6485018
        },
        "2011-06": {
            "month": "2011-06",
            "price": "126.10",
            "revenue": 6570784
        },
        "2011-07": {
            "month": "2011-07",
            "price": "128.62",
            "revenue": 6935341
        },
        "2011-08": {
            "month": "2011-08",
            "price": "109.61",
            "revenue": 7346829
        },
        "2011-09": {
            "month": "2011-09",
            "price": "100.21",
            "revenue": 13145579
        },
        "2011-10": {
            "month": "2011-10",
            "price": "103.20",
            "revenue": 14328179
        },
        "2011-11": {
            "month": "2011-11",
            "price": "99.55",
            "revenue": 15801297
        },
        "2011-12": {
            "month": "2011-12",
            "price": "92.61",
            "revenue": 14499559
        },
        "2012-01": {
            "month": "2012-01",
            "price": "100.33",
            "revenue": 7010455
        },
        "2012-02": {
            "month": "2012-02",
            "price": "129.48",
            "revenue": 7574649
        },
        "2012-03": {
            "month": "2012-03",
            "price": "127.98",
            "revenue": 6378825
        },
        "2012-04": {
            "month": "2012-04",
            "price": "105.62",
            "revenue": 4963254
        },
        "2012-05": {
            "month": "2012-05",
            "price": "101.38",
            "revenue": 5584642
        },
        "2012-06": {
            "month": "2012-06",
            "price": "104.88",
            "revenue": 8174422
        },
        "2012-07": {
            "month": "2012-07",
            "price": "108.80",
            "revenue": 9548893
        },
        "2012-08": {
            "month": "2012-08",
            "price": "112.70",
            "revenue": 12157632
        },
        "2012-09": {
            "month": "2012-09",
            "price": "117.50",
            "revenue": 16824697
        },
        "2012-10": {
            "month": "2012-10",
            "price": "108.00",
            "revenue": 19228436
        },
        "2012-11": {
            "month": "2012-11",
            "price": "98.79",
            "revenue": 17159502
        },
        "2012-12": {
            "month": "2012-12",
            "price": "94.28",
            "revenue": 18995481
        },
        "2013-01": {
            "month": "2013-01",
            "price": "87.01",
            "revenue": 11678659
        },
        "2013-02": {
            "month": "2013-02",
            "price": "84.38",
            "revenue": 5849249
        },
        "2013-03": {
            "month": "2013-03",
            "price": "81.45",
            "revenue": 4726645
        },
        "2013-04": {
            "month": "2013-04",
            "price": "79.16",
            "revenue": 4584824
        },
        "2013-05": {
            "month": "2013-05",
            "price": "80.73",
            "revenue": 5069358
        },
        "2013-06": {
            "month": "2013-06",
            "price": "75.24",
            "revenue": 5428365
        },
        "2013-07": {
            "month": "2013-07",
            "price": "74.39",
            "revenue": 7237275
        },
        "2013-08": {
            "month": "2013-08",
            "price": "77.42",
            "revenue": 9780342
        },
        "2013-09": {
            "month": "2013-09",
            "price": "76.76",
            "revenue": 9878201
        },
        "2013-10": {
            "month": "2013-10",
            "price": "74.97",
            "revenue": 9808564
        },
        "2013-11": {
            "month": "2013-11",
            "price": "68.94",
            "revenue": 11827931
        },
        "2013-12": {
            "month": "2013-12",
            "price": "69.59",
            "revenue": 8456298
        },
        "2014-01": {
            "month": "2014-01",
            "price": "69.46",
            "revenue": 4468161
        },
        "2014-02": {
            "month": "2014-02",
            "price": "67.63",
            "revenue": 2434096
        },
        "2014-03": {
            "month": "2014-03",
            "price": "70.70",
            "revenue": 4167132
        },
        "2014-04": {
            "month": "2014-04",
            "price": "74.65",
            "revenue": 4097544
        },
        "2014-05": {
            "month": "2014-05",
            "price": "71.79",
            "revenue": 4000354
        },
        "2014-06": {
            "month": "2014-06",
            "price": "70.36",
            "revenue": 5342991
        },
        "2014-07": {
            "month": "2014-07",
            "price": "75.15",
            "revenue": 4995984
        },
        "2014-08": {
            "month": "2014-08",
            "price": "74.91",
            "revenue": 6026572
        },
        "2014-09": {
            "month": "2014-09",
            "price": "74.42",
            "revenue": 8723530
        },
        "2014-10": {
            "month": "2014-10",
            "price": "75.90",
            "revenue": 12757949
        },
        "2014-11": {
            "month": "2014-11",
            "price": "83.99",
            "revenue": 15267687
        },
        "2014-12": {
            "month": "2014-12",
            "price": "87.12",
            "revenue": 11389988
        },
        "2015-01": {
            "month": "2015-01",
            "price": "85.14",
            "revenue": 9952823
        },
        "2015-02": {
            "month": "2015-02",
            "price": "81.96",
            "revenue": 7190360
        },
        "2015-03": {
            "month": "2015-03",
            "price": "81.19",
            "revenue": 7819919
        },
        "2015-04": {
            "month": "2015-04",
            "price": "87.53",
            "revenue": 10239209
        },
        "2015-05": {
            "month": "2015-05",
            "price": "96.55",
            "revenue": 8148521
        },
        "2015-06": {
            "month": "2015-06",
            "price": "107.52",
            "revenue": 5756016
        },
        "2015-07": {
            "month": "2015-07",
            "price": "105.95",
            "revenue": 7244989
        },
        "2015-08": {
            "month": "2015-08",
            "price": "94.63",
            "revenue": 7908905
        },
        "2015-09": {
            "month": "2015-09",
            "price": "93.43",
            "revenue": 10281740
        },
        "2015-10": {
            "month": "2015-10",
            "price": "90.98",
            "revenue": 9674110
        },
        "2015-11": {
            "month": "2015-11",
            "price": "79.11",
            "revenue": 9566495
        },
        "2015-12": {
            "month": "2015-12",
            "price": "70.58",
            "revenue": 6243600
        },
        "2016-01": {
            "month": "2016-01",
            "price": "62.05",
            "revenue": 6556312
        },
        "2016-02": {
            "month": "2016-02",
            "price": "64.61",
            "revenue": 4555762
        },
        "2016-03": {
            "month": "2016-03",
            "price": "71.30",
            "revenue": 6475008
        },
        "2016-04": {
            "month": "2016-04",
            "price": "70.67",
            "revenue": 6687187
        },
        "2016-05": {
            "month": "2016-05",
            "price": "68.86",
            "revenue": 6479870
        },
        "2016-06": {
            "month": "2016-06",
            "price": "74.35",
            "revenue": 6069692
        },
        "2016-07": {
            "month": "2016-07",
            "price": "76.59",
            "revenue": 6860005
        },
        "2016-08": {
            "month": "2016-08",
            "price": "82.95",
            "revenue": 7675435
        },
        "2016-09": {
            "month": "2016-09",
            "price": "86.95",
            "revenue": 7832318
        },
        "2016-10": {
            "month": "2016-10",
            "price": "93.12",
            "revenue": 7672824
        },
        "2016-11": {
            "month": "2016-11",
            "price": "85.56",
            "revenue": 8374385
        },
        "2016-12": {
            "month": "2016-12",
            "price": "84.31",
            "revenue": 5395113
        },
        "2017-01": {
            "month": "2017-01",
            "price": "85.61",
            "revenue": 8180816
        },
        "2017-02": {
            "month": "2017-02",
            "price": "93.36",
            "revenue": 4366342
        },
        "2017-03": {
            "month": "2017-03",
            "price": "93.17",
            "revenue": 6304870
        },
        "2017-04": {
            "month": "2017-04",
            "price": "90.34",
            "revenue": 5563054
        },
        "2017-05": {
            "month": "2017-05",
            "price": "89.34",
            "revenue": 6399759
        },
        "2017-06": {
            "month": "2017-06",
            "price": "88.18",
            "revenue": 10139433
        },
        "2017-07": {
            "month": "2017-07",
            "price": "91.83",
            "revenue": 11411479
        },
        "2017-08": {
            "month": "2017-08",
            "price": "94.96",
            "revenue": 14905227
        },
        "2017-09": {
            "month": "2017-09",
            "price": "92.23",
            "revenue": 20770198
        },
        "2017-10": {
            "month": "2017-10",
            "price": "92.84",
            "revenue": 21247144
        },
        "2017-11": {
            "month": "2017-11",
            "price": "89.87",
            "revenue": 20179030
        },
        "2017-12": {
            "month": "2017-12",
            "price": "84.64",
            "revenue": 18902229
        },
        "2018-01": {
            "month": "2018-01",
            "price": "85.58",
            "revenue": 15126141
        },
        "2018-02": {
            "month": "2018-02",
            "price": "80.38",
            "revenue": 8730123
        },
        "2018-03": {
            "month": "2018-03",
            "price": "79.29",
            "revenue": 10478422
        },
        "2018-04": {
            "month": "2018-04",
            "price": "76.58",
            "revenue": 10458637
        },
        "2018-05": {
            "month": "2018-05",
            "price": "74.98",
            "revenue": 10489748
        },
        "2018-06": {
            "month": "2018-06",
            "price": "75.02",
            "revenue": 11974492
        },
        "2018-07": {
            "month": "2018-07",
            "price": "75.38",
            "revenue": 11483617
        },
        "2018-08": {
            "month": "2018-08",
            "price": "76.85",
            "revenue": 14739206
        },
        "2018-09": {
            "month": "2018-09",
            "price": "74.76",
            "revenue": 17611456
        },
        "2018-10": {
            "month": "2018-10",
            "price": "67.75",
            "revenue": 12403799
        },
        "2018-11": {
            "month": "2018-11",
            "price": "63.68",
            "revenue": 11650583
        },
        "2018-12": {
            "month": "2018-12",
            "price": "60.98",
            "revenue": 7527083
        },
        "2019-01": {
            "month": "2019-01",
            "price": "58.69",
            "revenue": 4505547
        },
        "2019-02": {
            "month": "2019-02",
            "price": "61.49",
            "revenue": 2564452
        },
        "2019-03": {
            "month": "2019-03",
            "price": "62.09",
            "revenue": 5818340
        },
        "2019-04": {
            "month": "2019-04",
            "price": "68.60",
            "revenue": 5977002
        },
        "2019-05": {
            "month": "2019-05",
            "price": "63.51",
            "revenue": 8122217
        },
        "2019-06": {
            "month": "2019-06",
            "price": "62.42",
            "revenue": 10636410
        },
        "2019-07": {
            "month": "2019-07",
            "price": "65.35",
            "revenue": 12336800
        },
        "2019-08": {
            "month": "2019-08",
            "price": "62.18",
            "revenue": 13541006
        },
        "2019-09": {
            "month": "2019-09",
            "price": "64.35",
            "revenue": 12076978
        },
        "2019-10": {
            "month": "2019-10",
            "price": "64.87",
            "revenue": 11051301
        },
        "2019-11": {
            "month": "2019-11",
            "price": "67.13",
            "revenue": 8759228
        },
        "2019-12": {
            "month": "2019-12",
            "price": "67.73",
            "revenue": 6763910
        },
        "2020-01": {
            "month": "2020-01",
            "price": "64.71",
            "revenue": 4849386
        },
        "2020-02": {
            "month": "2020-02",
            "price": "60.60",
            "revenue": 1332001
        },
        "2020-03": {
            "month": "2020-03",
            "price": "53.22",
            "revenue": 5611842
        },
        "2020-04": {
            "month": "2020-04",
            "price": "53.62",
            "revenue": 7225381
        },
        "2020-05": {
            "month": "2020-05",
            "price": "55.08",
            "revenue": 6425886
        },
        "2020-06": {
            "month": "2020-06",
            "price": "54.86",
            "revenue": 9301116
        },
        "2020-07": {
            "month": "2020-07",
            "price": "56.56",
            "revenue": 11334512
        },
        "2020-08": {
            "month": "2020-08",
            "price": "53.43",
            "revenue": 11121026
        },
        "2020-09": {
            "month": "2020-09",
            "price": "52.26",
            "revenue": 13589806
        },
        "2020-10": {
            "month": "2020-10",
            "price": "51.41",
            "revenue": 11966398
        },
        "2020-11": {
            "month": "2020-11",
            "price": "51.65",
            "revenue": 12172660
        },
        "2020-12": {
            "month": "2020-12",
            "price": "53.03",
            "revenue": 10207184
        },
        "2021-01": {
            "month": "2021-01",
            "price": "69.35",
            "revenue": 9370760
        },
        "2021-02": {
            "month": "2021-02",
            "price": "70.97",
            "revenue": 4608824
        },
        "2021-03": {
            "month": "2021-03",
            "price": "72.46",
            "revenue": 6144417
        },
        "2021-04": {
            "month": "2021-04",
            "price": "71.05",
            "revenue": 6833936
        },
        "2021-05": {
            "month": "2021-05",
            "price": "63.24",
            "revenue": 8264764
        },
        "2021-06": {
            "month": "2021-06",
            "price": "64.89",
            "revenue": 7403775
        },
        "2021-07": {
            "month": "2021-07",
            "price": "64.55",
            "revenue": 9482670
        },
        "2021-08": {
            "month": "2021-08",
            "price": "64.46",
            "revenue": 11340589
        },
        "2021-09": {
            "month": "2021-09",
            "price": "65.74",
            "revenue": 12500636
        },
        "2021-10": {
            "month": "2021-10",
            "price": "68.70",
            "revenue": 11648338
        },
        "2021-11": {
            "month": "2021-11",
            "price": "67.90",
            "revenue": 8247783
        },
        "2021-12": {
            "month": "2021-12",
            "price": "64.54",
            "revenue": 8015105
        },
        "2022-01": {
            "month": "2022-01",
            "price": "63.01",
            "revenue": 9064626
        },
        "2022-02": {
            "month": "2022-02",
            "price": "62.86",
            "revenue": 5710292
        },
        "2022-03": {
            "month": "2022-03",
            "price": "62.84",
            "revenue": 8771584
        },
        "2022-04": {
            "month": "2022-04",
            "price": "60.36",
            "revenue": 6057206
        },
        "2022-05": {
            "month": "2022-05",
            "price": "57.12",
            "revenue": 7350220
        },
        "2022-06": {
            "month": "2022-06",
            "price": "54.62",
            "revenue": 5635070
        },
        "2022-07": {
            "month": "2022-07",
            "price": "47.33",
            "revenue": 5448347
        },
        "2022-08": {
            "month": "2022-08",
            "price": "49.92",
            "revenue": 5553869
        },
        "2022-09": {
            "month": "2022-09",
            "price": "47.86",
            "revenue": 6759588
        },
        "2022-10": {
            "month": "2022-10",
            "price": "46.01",
            "revenue": 8669286
        },
        "2022-11": {
            "month": "2022-11",
            "price": "48.64",
            "revenue": 10298334
        },
        "2022-12": {
            "month": "2022-12",
            "price": "52.45",
            "revenue": 11200349
        },
        "2023-01": {
            "month": "2023-01",
            "price": "52.77",
            "revenue": 9219549
        },
        "2023-02": {
            "month": "2023-02",
            "price": "55.53",
            "revenue": 6354810
        },
        "2023-03": {
            "month": "2023-03",
            "price": "54.23",
            "revenue": 8172904
        },
        "2023-04": {
            "month": "2023-04",
            "price": "54.52",
            "revenue": 5020071
        },
        "2023-05": {
            "month": "2023-05",
            "price": "53.57",
            "revenue": 5239651
        },
        "2023-06": {
            "month": "2023-06",
            "price": "55.86",
            "revenue": 6063433
        },
        "2023-07": {
            "month": "2023-07",
            "price": "55.35",
            "revenue": 7560000
        },
        "2023-08": {
            "month": "2023-08",
            "price": "55.32",
            "revenue": 7893114
        },
        "2023-09": {
            "month": "2023-09",
            "price": "57.30",
            "revenue": 6879714
        },
        "2023-10": {
            "month": "2023-10",
            "price": "55.35",
            "revenue": 5396777
        },
        "2023-11": {
            "month": "2023-11",
            "price": "52.83",
            "revenue": 3543677
        },
        "2023-12": {
            "month": "2023-12",
            "price": "52.13",
            "revenue": 3142766
        }
    }
}
