{
    "summary": {
        "stock_name": "敬鵬",
        "stock_id": "2355",
        "category": "電子零組件",
        "main_business": "1.電子用印刷線路板及電子材料之製造加工買賣業務;<br>2.沖床及鋼鐵類之電子用印刷線路板模具之製造加工買賣;<br>3.絕緣板之製造加工買賣;4.前項有關進出口貿易業務",
        "website_url": "https://www.chinpoon.com",
        "ceo": "黃松麟",
        "pe_ratio": 24,
        "report_year_from": 2001,
        "report_year_to": 2023,
        "age": 23,
        "eps_negative_percentage": 0,
        "eps_growth_avg": {
            "last_all": 11.62,
            "last_2y": 67.74,
            "last_4y": 41.96,
            "last_8y": 13.21,
            "last_12y": 14.05,
            "last_16y": 15.52,
            "last_20y": 13.48,
            "at_2006_last_3y": 4.8,
            "at_2007_last_3y": 28.68,
            "at_2008_last_3y": 11.34,
            "at_2009_last_3y": 23.68,
            "at_2010_last_3y": 20.32,
            "at_2011_last_3y": 0.77,
            "at_2012_last_3y": 26.23,
            "at_2013_last_3y": 16.26,
            "at_2014_last_3y": 15.93,
            "at_2015_last_3y": 14.99,
            "at_2016_last_3y": 12.82,
            "at_2017_last_3y": -0.15,
            "at_2018_last_3y": -22.73,
            "at_2019_last_3y": -0.77,
            "at_2020_last_3y": -30.55,
            "at_2021_last_3y": 4.36,
            "at_2022_last_3y": 38.85,
            "at_2023_last_3y": 27.45,
            "at_2024_last_3y": 27.45,
            "at_2006_last_all": -1.67,
            "at_2007_last_all": 14.3,
            "at_2008_last_all": 2.61,
            "at_2009_last_all": 8.81,
            "at_2010_last_all": 8.1,
            "at_2011_last_all": 8.89,
            "at_2012_last_all": 11.2,
            "at_2013_last_all": 11.29,
            "at_2014_last_all": 10.51,
            "at_2015_last_all": 10.63,
            "at_2016_last_all": 11.63,
            "at_2017_last_all": 8.43,
            "at_2018_last_all": 2.69,
            "at_2019_last_all": 8.1,
            "at_2020_last_all": 2.75,
            "at_2021_last_all": 7.62,
            "at_2022_last_all": 9.58,
            "at_2023_last_all": 11.62,
            "at_2024_last_all": 11.62
        },
        "latest_eps": 1.92,
        "latest_price": 46.1,
        "latest_roe": 4.77,
        "latest_gross_margin": 15.7,
        "latest_equity": 16102457,
        "latest_revenue": 4343451,
        "latest_gross_profit": 681734,
        "latest_net_income": 198185,
        "latest_debt_ratio": 29.19,
        "latest_current_ratio": 250.6,
        "latest_account_receivable_turnover_ratio": 1.13,
        "latest_inventory_turnover_ratio": 1.13,
        "latest_reinvestment_rate": -118.31,
        "latest_research_to_sale_ratio": 2.29
    },
    "eps_dividends": {
        "1996": {
            "cash": 0.2,
            "stock": 1,
            "eps": 0
        },
        "1997": {
            "cash": 0,
            "stock": 2.5,
            "eps": 0
        },
        "1998": {
            "cash": 0,
            "stock": 3,
            "eps": 0
        },
        "1999": {
            "cash": 0.5,
            "stock": 2,
            "eps": 0
        },
        "2000": {
            "cash": 0.5,
            "stock": 1.5,
            "eps": 0
        },
        "2001": {
            "cash": 0.5,
            "stock": 1.5,
            "eps": 2.94
        },
        "2002": {
            "cash": 0.97,
            "stock": 1.53,
            "eps": 2.13
        },
        "2003": {
            "cash": 1,
            "stock": 1,
            "eps": 2.1
        },
        "2004": {
            "cash": 1,
            "stock": 0.75,
            "eps": 2.14
        },
        "2005": {
            "cash": 1.25,
            "stock": 0.5,
            "eps": 2.2
        },
        "2006": {
            "cash": 1.75,
            "stock": 0,
            "eps": 2.55
        },
        "2007": {
            "cash": 1.9,
            "stock": 0,
            "eps": 4.95
        },
        "2008": {
            "cash": 2.25,
            "stock": 0,
            "eps": 1.61
        },
        "2009": {
            "cash": 0.6,
            "stock": 0.01,
            "eps": 2.45
        },
        "2010": {
            "cash": 1.5,
            "stock": 0,
            "eps": 2.51
        },
        "2011": {
            "cash": 2.85,
            "stock": 0,
            "eps": 2.91
        },
        "2012": {
            "cash": 0,
            "stock": 0,
            "eps": 3.91
        },
        "2013": {
            "cash": 2.2,
            "stock": 0,
            "eps": 4.39
        },
        "2014": {
            "cash": 2.6,
            "stock": 0,
            "eps": 4.44
        },
        "2015": {
            "cash": 2.2,
            "stock": 0,
            "eps": 4.98
        },
        "2016": {
            "cash": 2.6,
            "stock": 0,
            "eps": 6.26
        },
        "2017": {
            "cash": 3.2,
            "stock": 0,
            "eps": 3.78
        },
        "2018": {
            "cash": 2.25,
            "stock": 0,
            "eps": 0.41
        },
        "2019": {
            "cash": 0.5,
            "stock": 0,
            "eps": 1.67
        },
        "2020": {
            "cash": 1,
            "stock": 0,
            "eps": 0.11
        },
        "2021": {
            "cash": 0.5,
            "stock": 0,
            "eps": 0.84
        },
        "2022": {
            "cash": 0.5,
            "stock": 0,
            "eps": 1.25
        },
        "2023": {
            "cash": 0.85,
            "stock": 0,
            "eps": 1.93
        },
        "2024": {
            "cash": 1.25,
            "stock": 0,
            "eps": 0
        }
    },
    "dividends": {
        "1996-05-19": {
            "cash": 0.2,
            "stock": 1
        },
        "1997-04-30": {
            "cash": 0,
            "stock": 2.5
        },
        "1998-05-04": {
            "cash": 0,
            "stock": 3
        },
        "1999-06-09": {
            "cash": 0.5,
            "stock": 2
        },
        "2000-05-23": {
            "cash": 0.5,
            "stock": 1.5
        },
        "2001-04-25": {
            "cash": 0.5,
            "stock": 1.5
        },
        "2002-05-31": {
            "cash": 0.97,
            "stock": 1.53
        },
        "2003-03-14": {
            "cash": 1,
            "stock": 1
        },
        "2004-03-22": {
            "cash": 1,
            "stock": 0.75
        },
        "2005-03-01": {
            "cash": 1.25,
            "stock": 0.5
        },
        "2006-03-01": {
            "cash": 1.75,
            "stock": 0
        },
        "2007-03-20": {
            "cash": 1.9,
            "stock": 0
        },
        "2008-03-21": {
            "cash": 2.25,
            "stock": 0
        },
        "2009-03-31": {
            "cash": 0.6,
            "stock": 0.01
        },
        "2010-03-22": {
            "cash": 1.5,
            "stock": 0
        },
        "2011-01-01": {
            "cash": 1.6,
            "stock": 0
        },
        "2011-04-06": {
            "cash": 1.25,
            "stock": 0
        },
        "2013-03-25": {
            "cash": 2.2,
            "stock": 0
        },
        "2014-08-29": {
            "cash": 2.6,
            "stock": 0
        },
        "2015-08-28": {
            "cash": 2.2,
            "stock": 0
        },
        "2016-09-09": {
            "cash": 2.6,
            "stock": 0
        },
        "2017-09-08": {
            "cash": 3.2,
            "stock": 0
        },
        "2018-09-05": {
            "cash": 2.25,
            "stock": 0
        },
        "2019-09-02": {
            "cash": 0.5,
            "stock": 0
        },
        "2020-08-31": {
            "cash": 1,
            "stock": 0
        },
        "2021-10-01": {
            "cash": 0.5,
            "stock": 0
        },
        "2022-08-22": {
            "cash": 0.5,
            "stock": 0
        },
        "2023-08-22": {
            "cash": 0.85,
            "stock": 0
        },
        "2024-02-29": {
            "cash": 1.25,
            "stock": 0
        }
    },
    "prices": {
        "200101": "23.71",
        "200102": "28.32",
        "200103": "28.54",
        "200104": "31.98",
        "200105": "30.74",
        "200106": "29.24",
        "200107": "25.01",
        "200108": "26.79",
        "200109": "23.64",
        "200110": "23.26",
        "200111": "27.29",
        "200112": "39.24",
        "200201": "39.40",
        "200202": "38.12",
        "200203": "39.14",
        "200204": "44.34",
        "200205": "37.95",
        "200206": "34.51",
        "200207": "27.67",
        "200208": "28.47",
        "200209": "26.20",
        "200210": "25.94",
        "200211": "29.24",
        "200212": "27.39",
        "200301": "26.79",
        "200302": "24.57",
        "200303": "23.43",
        "200304": "23.22",
        "200305": "20.21",
        "200306": "24.14",
        "200307": "25.59",
        "200308": "22.17",
        "200309": "21.37",
        "200310": "21.65",
        "200311": "23.30",
        "200312": "22.43",
        "200401": "22.87",
        "200402": "24.64",
        "200403": "25.90",
        "200404": "25.64",
        "200405": "22.46",
        "200406": "21.55",
        "200407": "20.75",
        "200408": "19.67",
        "200409": "21.56",
        "200410": "20.02",
        "200411": "19.31",
        "200412": "19.01",
        "200501": "18.64",
        "200502": "19.85",
        "200503": "20.03",
        "200504": "18.75",
        "200505": "16.83",
        "200506": "18.05",
        "200507": "17.58",
        "200508": "16.72",
        "200509": "15.86",
        "200510": "15.93",
        "200511": "16.62",
        "200512": "20.08",
        "200601": "21.88",
        "200602": "21.30",
        "200603": "20.40",
        "200604": "22.37",
        "200605": "23.64",
        "200606": "21.64",
        "200607": "21.44",
        "200608": "20.58",
        "200609": "20.86",
        "200610": "21.30",
        "200611": "20.84",
        "200612": "21.78",
        "200701": "23.25",
        "200702": "23.58",
        "200703": "24.18",
        "200704": "26.06",
        "200705": "27.52",
        "200706": "28.44",
        "200707": "29.95",
        "200708": "31.42",
        "200709": "34.34",
        "200710": "33.95",
        "200711": "30.93",
        "200712": "27.11",
        "200801": "26.01",
        "200802": "25.86",
        "200803": "26.21",
        "200804": "26.68",
        "200805": "25.97",
        "200806": "24.57",
        "200807": "21.61",
        "200808": "18.30",
        "200809": "15.34",
        "200810": "13.05",
        "200811": "10.32",
        "200812": "10.11",
        "200901": "9.75",
        "200902": "10.04",
        "200903": "12.05",
        "200904": "13.66",
        "200905": "16.48",
        "200906": "14.75",
        "200907": "16.37",
        "200908": "18.80",
        "200909": "23.23",
        "200910": "26.94",
        "200911": "26.40",
        "200912": "28.62",
        "201001": "27.37",
        "201002": "25.12",
        "201003": "25.99",
        "201004": "25.48",
        "201005": "23.12",
        "201006": "22.88",
        "201007": "24.35",
        "201008": "23.42",
        "201009": "24.61",
        "201010": "24.39",
        "201011": "24.52",
        "201012": "25.45",
        "201101": "25.28",
        "201102": "25.16",
        "201103": "24.26",
        "201104": "24.32",
        "201105": "23.61",
        "201106": "22.76",
        "201107": "22.39",
        "201108": "19.01",
        "201109": "18.10",
        "201110": "19.04",
        "201111": "19.52",
        "201112": "19.54",
        "201201": "20.15",
        "201202": "23.58",
        "201203": "26.54",
        "201204": "26.67",
        "201205": "26.88",
        "201206": "27.05",
        "201207": "30.18",
        "201208": "34.98",
        "201209": "35.47",
        "201210": "32.09",
        "201211": "32.01",
        "201212": "32.00",
        "201301": "31.09",
        "201302": "32.61",
        "201303": "33.90",
        "201304": "38.36",
        "201305": "39.12",
        "201306": "40.98",
        "201307": "50.32",
        "201308": "54.22",
        "201309": "52.16",
        "201310": "50.13",
        "201311": "47.66",
        "201312": "48.90",
        "201401": "51.39",
        "201402": "53.52",
        "201403": "55.75",
        "201404": "56.85",
        "201405": "57.68",
        "201406": "57.78",
        "201407": "56.83",
        "201408": "53.04",
        "201409": "51.22",
        "201410": "47.99",
        "201411": "48.09",
        "201412": "49.95",
        "201501": "52.72",
        "201502": "54.84",
        "201503": "59.69",
        "201504": "58.79",
        "201505": "55.34",
        "201506": "49.64",
        "201507": "43.18",
        "201508": "43.40",
        "201509": "45.22",
        "201510": "44.43",
        "201511": "47.43",
        "201512": "52.47",
        "201601": "50.91",
        "201602": "56.21",
        "201603": "58.84",
        "201604": "62.98",
        "201605": "66.40",
        "201606": "69.13",
        "201607": "69.34",
        "201608": "70.67",
        "201609": "73.45",
        "201610": "63.74",
        "201611": "58.32",
        "201612": "61.37",
        "201701": "61.56",
        "201702": "61.71",
        "201703": "60.80",
        "201704": "60.07",
        "201705": "58.95",
        "201706": "60.62",
        "201707": "60.53",
        "201708": "55.40",
        "201709": "56.26",
        "201710": "61.29",
        "201711": "62.01",
        "201712": "58.79",
        "201801": "55.50",
        "201802": "53.71",
        "201803": "54.05",
        "201804": "48.69",
        "201805": "39.75",
        "201806": "40.00",
        "201807": "37.89",
        "201808": "37.22",
        "201809": "38.39",
        "201810": "35.22",
        "201811": "37.09",
        "201812": "36.78",
        "201901": "37.52",
        "201902": "41.86",
        "201903": "40.21",
        "201904": "39.09",
        "201905": "34.70",
        "201906": "33.95",
        "201907": "34.28",
        "201908": "31.24",
        "201909": "32.48",
        "201910": "31.00",
        "201911": "31.26",
        "201912": "31.14",
        "202001": "32.34",
        "202002": "30.49",
        "202003": "24.10",
        "202004": "23.56",
        "202005": "24.21",
        "202006": "26.11",
        "202007": "26.57",
        "202008": "25.87",
        "202009": "26.76",
        "202010": "29.71",
        "202011": "30.04",
        "202012": "30.55",
        "202101": "35.62",
        "202102": "33.47",
        "202103": "33.32",
        "202104": "34.86",
        "202105": "28.56",
        "202106": "30.90",
        "202107": "33.36",
        "202108": "31.30",
        "202109": "30.64",
        "202110": "28.57",
        "202111": "31.34",
        "202112": "36.23",
        "202201": "37.30",
        "202202": "36.30",
        "202203": "34.27",
        "202204": "31.25",
        "202205": "30.45",
        "202206": "30.54",
        "202207": "27.86",
        "202208": "29.57",
        "202209": "29.14",
        "202210": "27.72",
        "202211": "30.02",
        "202212": "30.20",
        "202301": "29.17",
        "202302": "30.07",
        "202303": "30.35",
        "202304": "32.38",
        "202305": "31.03",
        "202306": "32.00",
        "202307": "34.15",
        "202308": "35.40",
        "202309": "38.92",
        "202310": "37.60",
        "202311": "42.81",
        "202312": "51.50",
        "202401": "45.10",
        "202402": "49.71",
        "202403": "47.15",
        "202404": "無"
    },
    "quarters": {
        "20011": {
            "year_quarter": 20011,
            "year": 2001,
            "quarter": 1,
            "eps": 0.72,
            "eps_growth_year": 118.18,
            "eps_4q": 2.71,
            "eps_4q_growth_year": 32.04,
            "roe": 2.79,
            "roe_4q": 2.79,
            "gross_profit": 274045,
            "gross_margin": 21.58,
            "gross_margin_4q_avg": 21.58,
            "net_income": 144122,
            "net_income_4q": null,
            "revenue": 1270155,
            "revenue_4q": null,
            "common_shares": 2003846,
            "book_valuer_per_share": 26.19,
            "book_valuer_per_share_4q_avg": 26.19,
            "equity": 5248625,
            "current_ratio": 273.88,
            "debt_ratio": 28.78,
            "inventory_turnover_ratio": 2.87,
            "account_receivable_turnover_ratio": null,
            "reinvestment_rate": null,
            "research_to_sale_ratio": null,
            "price_fair": 0,
            "eps_avg_yearly": 0,
            "eps_latest_yearly": 0,
            "eps_growth_yearly": 0
        },
        "20012": {
            "year_quarter": 20012,
            "year": 2001,
            "quarter": 2,
            "eps": 0.87,
            "eps_growth_year": 47.46,
            "eps_4q": 2.77,
            "eps_4q_growth_year": 27.75,
            "roe": 3.79,
            "roe_4q": 6.58,
            "gross_profit": 303182,
            "gross_margin": 22.45,
            "gross_margin_4q_avg": 22.02,
            "net_income": 201125,
            "net_income_4q": null,
            "revenue": 1350255,
            "revenue_4q": null,
            "common_shares": 2323722,
            "book_valuer_per_share": 23.13,
            "book_valuer_per_share_4q_avg": 24.66,
            "equity": 5375907,
            "current_ratio": 215.85,
            "debt_ratio": 28.38,
            "inventory_turnover_ratio": 3.9,
            "account_receivable_turnover_ratio": null,
            "reinvestment_rate": null,
            "research_to_sale_ratio": null,
            "price_fair": 0,
            "eps_avg_yearly": 0,
            "eps_latest_yearly": 0,
            "eps_growth_yearly": 0
        },
        "20013": {
            "year_quarter": 20013,
            "year": 2001,
            "quarter": 3,
            "eps": 0.75,
            "eps_growth_year": -8.54,
            "eps_4q": 2.8,
            "eps_4q_growth_year": 38.14,
            "roe": 3.18,
            "roe_4q": 9.760000000000002,
            "gross_profit": 322411,
            "gross_margin": 25.42,
            "gross_margin_4q_avg": 23.15,
            "net_income": 173816,
            "net_income_4q": null,
            "revenue": 1268569,
            "revenue_4q": null,
            "common_shares": 2323722,
            "book_valuer_per_share": 23.88,
            "book_valuer_per_share_4q_avg": 24.4,
            "equity": 5549723,
            "current_ratio": 234.02,
            "debt_ratio": 26.08,
            "inventory_turnover_ratio": 4.58,
            "account_receivable_turnover_ratio": null,
            "reinvestment_rate": null,
            "research_to_sale_ratio": null,
            "price_fair": 0,
            "eps_avg_yearly": 0,
            "eps_latest_yearly": 0,
            "eps_growth_yearly": 0
        },
        "20014": {
            "year_quarter": 20014,
            "year": 2001,
            "quarter": 4,
            "eps": 0.6,
            "eps_growth_year": -6.25,
            "eps_4q": 2.83,
            "eps_4q_growth_year": 25.18,
            "roe": 2.48,
            "roe_4q": 12.239999999999998,
            "gross_profit": 289251,
            "gross_margin": 24.59,
            "gross_margin_4q_avg": 23.51,
            "net_income": 139516,
            "net_income_4q": null,
            "revenue": 1176231,
            "revenue_4q": null,
            "common_shares": 2323722,
            "book_valuer_per_share": 24.57,
            "book_valuer_per_share_4q_avg": 24.44,
            "equity": 5708271,
            "current_ratio": 232.01,
            "debt_ratio": 24.83,
            "inventory_turnover_ratio": 5.11,
            "account_receivable_turnover_ratio": null,
            "reinvestment_rate": null,
            "research_to_sale_ratio": null,
            "price_fair": 0,
            "eps_avg_yearly": 0,
            "eps_latest_yearly": 0,
            "eps_growth_yearly": 0
        },
        "20021": {
            "year_quarter": 20021,
            "year": 2002,
            "quarter": 1,
            "eps": 0.69,
            "eps_growth_year": -4.17,
            "eps_4q": 2.94,
            "eps_4q_growth_year": 8.6,
            "roe": 2.76,
            "roe_4q": 12.21,
            "gross_profit": 273702,
            "gross_margin": 24.53,
            "gross_margin_4q_avg": 24.25,
            "net_income": 157870,
            "net_income_4q": null,
            "revenue": 1115738,
            "revenue_4q": null,
            "common_shares": 2323722,
            "book_valuer_per_share": 24.7,
            "book_valuer_per_share_4q_avg": 24.07,
            "equity": 5739862,
            "current_ratio": 259.38,
            "debt_ratio": 16.4,
            "inventory_turnover_ratio": 4.73,
            "account_receivable_turnover_ratio": null,
            "reinvestment_rate": null,
            "research_to_sale_ratio": null,
            "price_fair": 96.6,
            "eps_avg_yearly": 2.76,
            "eps_latest_yearly": 2.76,
            "eps_growth_yearly": 60
        },
        "20022": {
            "year_quarter": 20022,
            "year": 2002,
            "quarter": 2,
            "eps": 0.4,
            "eps_growth_year": -54.02,
            "eps_4q": 2.19,
            "eps_4q_growth_year": -20.9,
            "roe": 1.86,
            "roe_4q": 10.28,
            "gross_profit": 341804,
            "gross_margin": 26.64,
            "gross_margin_4q_avg": 25.3,
            "net_income": 105432,
            "net_income_4q": null,
            "revenue": 1282942,
            "revenue_4q": null,
            "common_shares": 2323722,
            "book_valuer_per_share": 24,
            "book_valuer_per_share_4q_avg": 24.29,
            "equity": 5578063,
            "current_ratio": 191.14,
            "debt_ratio": 24.28,
            "inventory_turnover_ratio": 4.3,
            "account_receivable_turnover_ratio": null,
            "reinvestment_rate": null,
            "research_to_sale_ratio": null,
            "price_fair": 6.54,
            "eps_avg_yearly": 2.18,
            "eps_latest_yearly": 1.6,
            "eps_growth_yearly": -54.06
        },
        "20023": {
            "year_quarter": 20023,
            "year": 2002,
            "quarter": 3,
            "eps": 0.94,
            "eps_growth_year": 25.33,
            "eps_4q": 2.45,
            "eps_4q_growth_year": -12.3,
            "roe": 4.39,
            "roe_4q": 11.49,
            "gross_profit": 325796,
            "gross_margin": 23.94,
            "gross_margin_4q_avg": 24.93,
            "net_income": 250480,
            "net_income_4q": null,
            "revenue": 1360647,
            "revenue_4q": null,
            "common_shares": 2712429,
            "book_valuer_per_share": 21.49,
            "book_valuer_per_share_4q_avg": 23.69,
            "equity": 5828530,
            "current_ratio": 363.83,
            "debt_ratio": 36.64,
            "inventory_turnover_ratio": 4.59,
            "account_receivable_turnover_ratio": null,
            "reinvestment_rate": null,
            "research_to_sale_ratio": null,
            "price_fair": 94.73,
            "eps_avg_yearly": 2.71,
            "eps_latest_yearly": 3.76,
            "eps_growth_yearly": 143.96
        },
        "20024": {
            "year_quarter": 20024,
            "year": 2002,
            "quarter": 4,
            "eps": 0.1,
            "eps_growth_year": -83.33,
            "eps_4q": 1.99,
            "eps_4q_growth_year": -29.69,
            "roe": 0.46,
            "roe_4q": 9.469999999999999,
            "gross_profit": 309389,
            "gross_margin": 23.41,
            "gross_margin_4q_avg": 24.63,
            "net_income": 27166,
            "net_income_4q": null,
            "revenue": 1321761,
            "revenue_4q": null,
            "common_shares": 2748530,
            "book_valuer_per_share": 21.8,
            "book_valuer_per_share_4q_avg": 23,
            "equity": 5992386,
            "current_ratio": 358.4,
            "debt_ratio": 35.42,
            "inventory_turnover_ratio": 4.75,
            "account_receivable_turnover_ratio": null,
            "reinvestment_rate": 19.62,
            "research_to_sale_ratio": null,
            "price_fair": 60.94,
            "eps_avg_yearly": 2.13,
            "eps_latest_yearly": 0.4,
            "eps_growth_yearly": 18.61
        },
        "20031": {
            "year_quarter": 20031,
            "year": 2003,
            "quarter": 1,
            "eps": 0.37,
            "eps_growth_year": -46.38,
            "eps_4q": 1.79,
            "eps_4q_growth_year": -39.15,
            "roe": 1.65,
            "roe_4q": 8.36,
            "gross_profit": 244039,
            "gross_margin": 17.21,
            "gross_margin_4q_avg": 22.8,
            "net_income": 99942,
            "net_income_4q": null,
            "revenue": 1418118,
            "revenue_4q": null,
            "common_shares": 2748530,
            "book_valuer_per_share": 22.17,
            "book_valuer_per_share_4q_avg": 22.37,
            "equity": 6092328,
            "current_ratio": 326.75,
            "debt_ratio": 36.2,
            "inventory_turnover_ratio": 4.4,
            "account_receivable_turnover_ratio": null,
            "reinvestment_rate": 18.04,
            "research_to_sale_ratio": null,
            "price_fair": 70,
            "eps_avg_yearly": 2,
            "eps_latest_yearly": 1.48,
            "eps_growth_yearly": 230.89
        },
        "20032": {
            "year_quarter": 20032,
            "year": 2003,
            "quarter": 2,
            "eps": 0.34,
            "eps_growth_year": -15,
            "eps_4q": 1.59,
            "eps_4q_growth_year": -27.39,
            "roe": 1.71,
            "roe_4q": 8.209999999999999,
            "gross_profit": 252386,
            "gross_margin": 15.64,
            "gross_margin_4q_avg": 20.05,
            "net_income": 102833,
            "net_income_4q": null,
            "revenue": 1613631,
            "revenue_4q": null,
            "common_shares": 2748530,
            "book_valuer_per_share": 21.52,
            "book_valuer_per_share_4q_avg": 21.75,
            "equity": 5916083,
            "current_ratio": 261.47,
            "debt_ratio": 39.62,
            "inventory_turnover_ratio": 4.17,
            "account_receivable_turnover_ratio": null,
            "reinvestment_rate": 30.82,
            "research_to_sale_ratio": null,
            "price_fair": 66.27,
            "eps_avg_yearly": 1.89,
            "eps_latest_yearly": 1.36,
            "eps_growth_yearly": 187
        },
        "20033": {
            "year_quarter": 20033,
            "year": 2003,
            "quarter": 3,
            "eps": 0.66,
            "eps_growth_year": -29.79,
            "eps_4q": 1.43,
            "eps_4q_growth_year": -41.79,
            "roe": 3.29,
            "roe_4q": 7.11,
            "gross_profit": 309469,
            "gross_margin": 16.3,
            "gross_margin_4q_avg": 18.14,
            "net_income": 197842,
            "net_income_4q": null,
            "revenue": 1898591,
            "revenue_4q": null,
            "common_shares": 3050492,
            "book_valuer_per_share": 20.06,
            "book_valuer_per_share_4q_avg": 21.39,
            "equity": 6119971,
            "current_ratio": 266.83,
            "debt_ratio": 38.36,
            "inventory_turnover_ratio": 4.36,
            "account_receivable_turnover_ratio": null,
            "reinvestment_rate": 37.13,
            "research_to_sale_ratio": null,
            "price_fair": 70,
            "eps_avg_yearly": 2,
            "eps_latest_yearly": 2.64,
            "eps_growth_yearly": 214.07
        },
        "20034": {
            "year_quarter": 20034,
            "year": 2003,
            "quarter": 4,
            "eps": 0.73,
            "eps_growth_year": 630,
            "eps_4q": 2.07,
            "eps_4q_growth_year": 3.93,
            "roe": 3.52,
            "roe_4q": 10.17,
            "gross_profit": 346178,
            "gross_margin": 18.34,
            "gross_margin_4q_avg": 16.87,
            "net_income": 218313,
            "net_income_4q": null,
            "revenue": 1887487,
            "revenue_4q": null,
            "common_shares": 3050992,
            "book_valuer_per_share": 20.6,
            "book_valuer_per_share_4q_avg": 21.09,
            "equity": 6285407,
            "current_ratio": 257.06,
            "debt_ratio": 39.1,
            "inventory_turnover_ratio": 3.3,
            "account_receivable_turnover_ratio": null,
            "reinvestment_rate": 39.69,
            "research_to_sale_ratio": null,
            "price_fair": 74.03,
            "eps_avg_yearly": 2.12,
            "eps_latest_yearly": 2.92,
            "eps_growth_yearly": 192.61
        },
        "20041": {
            "year_quarter": 20041,
            "year": 2004,
            "quarter": 1,
            "eps": 0.46,
            "eps_growth_year": 24.32,
            "eps_4q": 2.21,
            "eps_4q_growth_year": 23.45,
            "roe": 2.15,
            "roe_4q": 10.670000000000002,
            "gross_profit": 312412,
            "gross_margin": 16.52,
            "gross_margin_4q_avg": 16.7,
            "net_income": 136616,
            "net_income_4q": null,
            "revenue": 1891176,
            "revenue_4q": null,
            "common_shares": 3054628,
            "book_valuer_per_share": 21.05,
            "book_valuer_per_share_4q_avg": 20.81,
            "equity": 6430262,
            "current_ratio": 229.69,
            "debt_ratio": 41.08,
            "inventory_turnover_ratio": 2.59,
            "account_receivable_turnover_ratio": null,
            "reinvestment_rate": 42.39,
            "research_to_sale_ratio": null,
            "price_fair": 72.96,
            "eps_avg_yearly": 2.08,
            "eps_latest_yearly": 1.84,
            "eps_growth_yearly": 154.77
        },
        "20042": {
            "year_quarter": 20042,
            "year": 2004,
            "quarter": 2,
            "eps": 0.92,
            "eps_growth_year": 170.59,
            "eps_4q": 2.62,
            "eps_4q_growth_year": 64.97,
            "roe": 4.65,
            "roe_4q": 13.61,
            "gross_profit": 392820,
            "gross_margin": 18.97,
            "gross_margin_4q_avg": 17.53,
            "net_income": 299059,
            "net_income_4q": null,
            "revenue": 2071182,
            "revenue_4q": null,
            "common_shares": 3054629,
            "book_valuer_per_share": 21.02,
            "book_valuer_per_share_4q_avg": 20.68,
            "equity": 6420331,
            "current_ratio": 219.57,
            "debt_ratio": 42.18,
            "inventory_turnover_ratio": 2.51,
            "account_receivable_turnover_ratio": null,
            "reinvestment_rate": 39.91,
            "research_to_sale_ratio": null,
            "price_fair": 78.54,
            "eps_avg_yearly": 2.24,
            "eps_latest_yearly": 3.68,
            "eps_growth_yearly": 179.3
        },
        "20043": {
            "year_quarter": 20043,
            "year": 2004,
            "quarter": 3,
            "eps": 0.58,
            "eps_growth_year": -12.12,
            "eps_4q": 2.61,
            "eps_4q_growth_year": 83.05,
            "roe": 2.86,
            "roe_4q": 13.18,
            "gross_profit": 325918,
            "gross_margin": 17.38,
            "gross_margin_4q_avg": 17.8,
            "net_income": 186640,
            "net_income_4q": null,
            "revenue": 1875283,
            "revenue_4q": null,
            "common_shares": 3313267,
            "book_valuer_per_share": 20.01,
            "book_valuer_per_share_4q_avg": 20.67,
            "equity": 6629366,
            "current_ratio": 291.74,
            "debt_ratio": 35.57,
            "inventory_turnover_ratio": 2.16,
            "account_receivable_turnover_ratio": null,
            "reinvestment_rate": 40.22,
            "research_to_sale_ratio": null,
            "price_fair": 78.78,
            "eps_avg_yearly": 2.25,
            "eps_latest_yearly": 2.32,
            "eps_growth_yearly": 149.56
        },
        "20044": {
            "year_quarter": 20044,
            "year": 2004,
            "quarter": 4,
            "eps": 0.18,
            "eps_growth_year": -75.34,
            "eps_4q": 2.08,
            "eps_4q_growth_year": 0.45,
            "roe": 0.89,
            "roe_4q": 10.55,
            "gross_profit": 256576,
            "gross_margin": 14.09,
            "gross_margin_4q_avg": 16.74,
            "net_income": 58990,
            "net_income_4q": null,
            "revenue": 1820937,
            "revenue_4q": null,
            "common_shares": 3313267,
            "book_valuer_per_share": 20.04,
            "book_valuer_per_share_4q_avg": 20.53,
            "equity": 6640715,
            "current_ratio": 275.69,
            "debt_ratio": 35.37,
            "inventory_turnover_ratio": 2.18,
            "account_receivable_turnover_ratio": null,
            "reinvestment_rate": 43.02,
            "research_to_sale_ratio": null,
            "price_fair": 74.32,
            "eps_avg_yearly": 2.12,
            "eps_latest_yearly": 0.72,
            "eps_growth_yearly": 114.11
        },
        "20051": {
            "year_quarter": 20051,
            "year": 2005,
            "quarter": 1,
            "eps": 0.18,
            "eps_growth_year": -60.87,
            "eps_4q": 1.82,
            "eps_4q_growth_year": -17.73,
            "roe": 0.9,
            "roe_4q": 9.3,
            "gross_profit": 204336,
            "gross_margin": 11.14,
            "gross_margin_4q_avg": 15.4,
            "net_income": 59923,
            "net_income_4q": null,
            "revenue": 1834589,
            "revenue_4q": null,
            "common_shares": 3313267,
            "book_valuer_per_share": 20.22,
            "book_valuer_per_share_4q_avg": 20.32,
            "equity": 6700638,
            "current_ratio": 137.66,
            "debt_ratio": 38.65,
            "inventory_turnover_ratio": 2.47,
            "account_receivable_turnover_ratio": null,
            "reinvestment_rate": 44.52,
            "research_to_sale_ratio": null,
            "price_fair": 70.54,
            "eps_avg_yearly": 2.02,
            "eps_latest_yearly": 0.72,
            "eps_growth_yearly": 105.33
        },
        "20052": {
            "year_quarter": 20052,
            "year": 2005,
            "quarter": 2,
            "eps": 0.47,
            "eps_growth_year": -48.91,
            "eps_4q": 1.36,
            "eps_4q_growth_year": -48.21,
            "roe": 2.47,
            "roe_4q": 7.119999999999999,
            "gross_profit": 243471,
            "gross_margin": 11.45,
            "gross_margin_4q_avg": 13.52,
            "net_income": 161900,
            "net_income_4q": null,
            "revenue": 2125783,
            "revenue_4q": null,
            "common_shares": 3313267,
            "book_valuer_per_share": 19.41,
            "book_valuer_per_share_4q_avg": 19.92,
            "equity": 6429893,
            "current_ratio": 126.14,
            "debt_ratio": 42.1,
            "inventory_turnover_ratio": 2.99,
            "account_receivable_turnover_ratio": null,
            "reinvestment_rate": 42.49,
            "research_to_sale_ratio": null,
            "price_fair": 70.2,
            "eps_avg_yearly": 2.01,
            "eps_latest_yearly": 1.88,
            "eps_growth_yearly": 143.84
        },
        "20053": {
            "year_quarter": 20053,
            "year": 2005,
            "quarter": 3,
            "eps": 0.72,
            "eps_growth_year": 24.14,
            "eps_4q": 1.55,
            "eps_4q_growth_year": -40.74,
            "roe": 3.75,
            "roe_4q": 8.010000000000002,
            "gross_profit": 324796,
            "gross_margin": 15.16,
            "gross_margin_4q_avg": 12.96,
            "net_income": 244150,
            "net_income_4q": null,
            "revenue": 2143114,
            "revenue_4q": null,
            "common_shares": 3489692,
            "book_valuer_per_share": 18.89,
            "book_valuer_per_share_4q_avg": 19.64,
            "equity": 6593540,
            "current_ratio": 253.85,
            "debt_ratio": 36.16,
            "inventory_turnover_ratio": 2.81,
            "account_receivable_turnover_ratio": null,
            "reinvestment_rate": 37.93,
            "research_to_sale_ratio": null,
            "price_fair": 72.24,
            "eps_avg_yearly": 2.06,
            "eps_latest_yearly": 2.88,
            "eps_growth_yearly": 148.43
        },
        "20054": {
            "year_quarter": 20054,
            "year": 2005,
            "quarter": 4,
            "eps": 0.83,
            "eps_growth_year": 361.11,
            "eps_4q": 2.18,
            "eps_4q_growth_year": 4.76,
            "roe": 4.26,
            "roe_4q": 11.38,
            "gross_profit": 458503,
            "gross_margin": 18,
            "gross_margin_4q_avg": 13.94,
            "net_income": 286938,
            "net_income_4q": null,
            "revenue": 2546999,
            "revenue_4q": null,
            "common_shares": 3325421,
            "book_valuer_per_share": 20.71,
            "book_valuer_per_share_4q_avg": 19.81,
            "equity": 6886473,
            "current_ratio": 192.98,
            "debt_ratio": 42.75,
            "inventory_turnover_ratio": 2.8,
            "account_receivable_turnover_ratio": null,
            "reinvestment_rate": 35.9,
            "research_to_sale_ratio": null,
            "price_fair": 74.99,
            "eps_avg_yearly": 2.14,
            "eps_latest_yearly": 3.32,
            "eps_growth_yearly": 142.97
        },
        "20061": {
            "year_quarter": 20061,
            "year": 2006,
            "quarter": 1,
            "eps": 0.56,
            "eps_growth_year": 211.11,
            "eps_4q": 2.6,
            "eps_4q_growth_year": 43.16,
            "roe": 2.68,
            "roe_4q": 13.16,
            "gross_profit": 348684,
            "gross_margin": 14.22,
            "gross_margin_4q_avg": 14.71,
            "net_income": 190229,
            "net_income_4q": null,
            "revenue": 2452344,
            "revenue_4q": null,
            "common_shares": 3431949,
            "book_valuer_per_share": 21.26,
            "book_valuer_per_share_4q_avg": 20.07,
            "equity": 7296991,
            "current_ratio": 198.1,
            "debt_ratio": 40.57,
            "inventory_turnover_ratio": 2.52,
            "account_receivable_turnover_ratio": null,
            "reinvestment_rate": 34.98,
            "research_to_sale_ratio": null,
            "price_fair": 73.85,
            "eps_avg_yearly": 2.11,
            "eps_latest_yearly": 2.24,
            "eps_growth_yearly": 131.09
        },
        "20062": {
            "year_quarter": 20062,
            "year": 2006,
            "quarter": 2,
            "eps": 0.64,
            "eps_growth_year": 36.17,
            "eps_4q": 2.74,
            "eps_4q_growth_year": 102.07,
            "roe": 3.1,
            "roe_4q": 13.79,
            "gross_profit": 280939,
            "gross_margin": 11.62,
            "gross_margin_4q_avg": 14.75,
            "net_income": 219609,
            "net_income_4q": null,
            "revenue": 2417926,
            "revenue_4q": null,
            "common_shares": 3437856,
            "book_valuer_per_share": 20.03,
            "book_valuer_per_share_4q_avg": 20.22,
            "equity": 6885570,
            "current_ratio": 170.72,
            "debt_ratio": 45.2,
            "inventory_turnover_ratio": 2.5,
            "account_receivable_turnover_ratio": null,
            "reinvestment_rate": 32.27,
            "research_to_sale_ratio": null,
            "price_fair": 75.95,
            "eps_avg_yearly": 2.17,
            "eps_latest_yearly": 2.56,
            "eps_growth_yearly": 145.17
        },
        "20063": {
            "year_quarter": 20063,
            "year": 2006,
            "quarter": 3,
            "eps": 0.66,
            "eps_growth_year": -8.33,
            "eps_4q": 2.7,
            "eps_4q_growth_year": 74.69,
            "roe": 3.21,
            "roe_4q": 13.25,
            "gross_profit": 368855,
            "gross_margin": 12.86,
            "gross_margin_4q_avg": 14.18,
            "net_income": 224937,
            "net_income_4q": null,
            "revenue": 2869186,
            "revenue_4q": null,
            "common_shares": 3482468,
            "book_valuer_per_share": 20.47,
            "book_valuer_per_share_4q_avg": 20.62,
            "equity": 7126955,
            "current_ratio": 125.32,
            "debt_ratio": 44.06,
            "inventory_turnover_ratio": 2.85,
            "account_receivable_turnover_ratio": null,
            "reinvestment_rate": 30.19,
            "research_to_sale_ratio": null,
            "price_fair": 73.5,
            "eps_avg_yearly": 2.1,
            "eps_latest_yearly": 2.64,
            "eps_growth_yearly": 112.2
        },
        "20064": {
            "year_quarter": 20064,
            "year": 2006,
            "quarter": 4,
            "eps": 0.69,
            "eps_growth_year": -16.87,
            "eps_4q": 2.53,
            "eps_4q_growth_year": 16.37,
            "roe": 3.26,
            "roe_4q": 12.25,
            "gross_profit": 321196,
            "gross_margin": 11.96,
            "gross_margin_4q_avg": 12.67,
            "net_income": 237486,
            "net_income_4q": null,
            "revenue": 2684981,
            "revenue_4q": null,
            "common_shares": 3482468,
            "book_valuer_per_share": 21.4,
            "book_valuer_per_share_4q_avg": 20.79,
            "equity": 7451349,
            "current_ratio": 139.19,
            "debt_ratio": 42.33,
            "inventory_turnover_ratio": 2.71,
            "account_receivable_turnover_ratio": null,
            "reinvestment_rate": 33.46,
            "research_to_sale_ratio": null,
            "price_fair": 78.66,
            "eps_avg_yearly": 2.25,
            "eps_latest_yearly": 2.76,
            "eps_growth_yearly": 135.68
        },
        "20071": {
            "year_quarter": 20071,
            "year": 2007,
            "quarter": 1,
            "eps": 2.72,
            "eps_growth_year": 385.71,
            "eps_4q": 4.68,
            "eps_4q_growth_year": 79.96,
            "roe": 11.43,
            "roe_4q": 21,
            "gross_profit": 393026,
            "gross_margin": 14.28,
            "gross_margin_4q_avg": 12.68,
            "net_income": 946978,
            "net_income_4q": null,
            "revenue": 2751928,
            "revenue_4q": null,
            "common_shares": 3828850,
            "book_valuer_per_share": 23.8,
            "book_valuer_per_share_4q_avg": 21.43,
            "equity": 9113408,
            "current_ratio": 162.9,
            "debt_ratio": 34.85,
            "inventory_turnover_ratio": 2.8,
            "account_receivable_turnover_ratio": null,
            "reinvestment_rate": 14.55,
            "research_to_sale_ratio": null,
            "price_fair": 99.23,
            "eps_avg_yearly": 2.84,
            "eps_latest_yearly": 10.88,
            "eps_growth_yearly": 141.73
        },
        "20072": {
            "year_quarter": 20072,
            "year": 2007,
            "quarter": 2,
            "eps": 0.91,
            "eps_growth_year": 42.19,
            "eps_4q": 4.77,
            "eps_4q_growth_year": 74.12,
            "roe": 3.61,
            "roe_4q": 21.509999999999998,
            "gross_profit": 508897,
            "gross_margin": 17.52,
            "gross_margin_4q_avg": 14.16,
            "net_income": 331870,
            "net_income_4q": null,
            "revenue": 2904996,
            "revenue_4q": null,
            "common_shares": 4092371,
            "book_valuer_per_share": 22.7,
            "book_valuer_per_share_4q_avg": 22.09,
            "equity": 9291531,
            "current_ratio": 167.71,
            "debt_ratio": 33.7,
            "inventory_turnover_ratio": 2.93,
            "account_receivable_turnover_ratio": null,
            "reinvestment_rate": 6.48,
            "research_to_sale_ratio": null,
            "price_fair": 104.21,
            "eps_avg_yearly": 2.98,
            "eps_latest_yearly": 3.64,
            "eps_growth_yearly": 127.12
        },
        "20073": {
            "year_quarter": 20073,
            "year": 2007,
            "quarter": 3,
            "eps": 0.66,
            "eps_growth_year": 0,
            "eps_4q": 4.7,
            "eps_4q_growth_year": 73.89,
            "roe": 2.61,
            "roe_4q": 20.909999999999997,
            "gross_profit": 398987,
            "gross_margin": 13.35,
            "gross_margin_4q_avg": 14.28,
            "net_income": 247552,
            "net_income_4q": null,
            "revenue": 2989113,
            "revenue_4q": null,
            "common_shares": 4127643,
            "book_valuer_per_share": 23.4,
            "book_valuer_per_share_4q_avg": 22.83,
            "equity": 9658506,
            "current_ratio": 174.26,
            "debt_ratio": 32.59,
            "inventory_turnover_ratio": 2.84,
            "account_receivable_turnover_ratio": null,
            "reinvestment_rate": 2.35,
            "research_to_sale_ratio": null,
            "price_fair": 104.21,
            "eps_avg_yearly": 2.98,
            "eps_latest_yearly": 2.64,
            "eps_growth_yearly": 96.72
        },
        "20074": {
            "year_quarter": 20074,
            "year": 2007,
            "quarter": 4,
            "eps": 0.66,
            "eps_growth_year": -4.35,
            "eps_4q": 4.61,
            "eps_4q_growth_year": 81.76,
            "roe": 2.6,
            "roe_4q": 20.25,
            "gross_profit": 422108,
            "gross_margin": 13.27,
            "gross_margin_4q_avg": 14.61,
            "net_income": 255273,
            "net_income_4q": null,
            "revenue": 3180920,
            "revenue_4q": null,
            "common_shares": 4127643,
            "book_valuer_per_share": 24.19,
            "book_valuer_per_share_4q_avg": 23.52,
            "equity": 9984340,
            "current_ratio": 166.2,
            "debt_ratio": 35.79,
            "inventory_turnover_ratio": 2.44,
            "account_receivable_turnover_ratio": null,
            "reinvestment_rate": 70.4,
            "research_to_sale_ratio": null,
            "price_fair": 103.6,
            "eps_avg_yearly": 2.96,
            "eps_latest_yearly": 2.64,
            "eps_growth_yearly": 94.07
        },
        "20081": {
            "year_quarter": 20081,
            "year": 2008,
            "quarter": 1,
            "eps": 0.26,
            "eps_growth_year": -90.44,
            "eps_4q": 2.28,
            "eps_4q_growth_year": -51.18,
            "roe": 1.08,
            "roe_4q": 9.9,
            "gross_profit": 439422,
            "gross_margin": 14.43,
            "gross_margin_4q_avg": 14.64,
            "net_income": 107210,
            "net_income_4q": null,
            "revenue": 3044739,
            "revenue_4q": null,
            "common_shares": 4127643,
            "book_valuer_per_share": 24.04,
            "book_valuer_per_share_4q_avg": 23.58,
            "equity": 9920995,
            "current_ratio": 160.47,
            "debt_ratio": 36.5,
            "inventory_turnover_ratio": 2.1,
            "account_receivable_turnover_ratio": null,
            "reinvestment_rate": 71.1,
            "research_to_sale_ratio": null,
            "price_fair": 101.85,
            "eps_avg_yearly": 2.91,
            "eps_latest_yearly": 1.04,
            "eps_growth_yearly": 88.17
        },
        "20082": {
            "year_quarter": 20082,
            "year": 2008,
            "quarter": 2,
            "eps": 0.57,
            "eps_growth_year": -37.36,
            "eps_4q": 2.06,
            "eps_4q_growth_year": -56.9,
            "roe": 2.46,
            "roe_4q": 8.75,
            "gross_profit": 459250,
            "gross_margin": 13.69,
            "gross_margin_4q_avg": 13.69,
            "net_income": 233719,
            "net_income_4q": null,
            "revenue": 3353840,
            "revenue_4q": null,
            "common_shares": 4127643,
            "book_valuer_per_share": 22.07,
            "book_valuer_per_share_4q_avg": 23.43,
            "equity": 9108941,
            "current_ratio": 132.78,
            "debt_ratio": 43.17,
            "inventory_turnover_ratio": 2.28,
            "account_receivable_turnover_ratio": null,
            "reinvestment_rate": 79.79,
            "research_to_sale_ratio": null,
            "price_fair": 98.79,
            "eps_avg_yearly": 2.82,
            "eps_latest_yearly": 2.28,
            "eps_growth_yearly": 92.97
        },
        "20083": {
            "year_quarter": 20083,
            "year": 2008,
            "quarter": 3,
            "eps": 0.54,
            "eps_growth_year": -18.18,
            "eps_4q": 2,
            "eps_4q_growth_year": -57.51,
            "roe": 2.38,
            "roe_4q": 8.52,
            "gross_profit": 458089,
            "gross_margin": 13.48,
            "gross_margin_4q_avg": 13.72,
            "net_income": 220797,
            "net_income_4q": null,
            "revenue": 3398151,
            "revenue_4q": null,
            "common_shares": 4060793,
            "book_valuer_per_share": 23.25,
            "book_valuer_per_share_4q_avg": 23.39,
            "equity": 9442795,
            "current_ratio": 137.54,
            "debt_ratio": 38.85,
            "inventory_turnover_ratio": 2.35,
            "account_receivable_turnover_ratio": null,
            "reinvestment_rate": 89.97,
            "research_to_sale_ratio": null,
            "price_fair": 98.44,
            "eps_avg_yearly": 2.81,
            "eps_latest_yearly": 2.16,
            "eps_growth_yearly": 100.9
        },
        "20084": {
            "year_quarter": 20084,
            "year": 2008,
            "quarter": 4,
            "eps": 0.24,
            "eps_growth_year": -63.64,
            "eps_4q": 1.61,
            "eps_4q_growth_year": -65.05,
            "roe": 1.04,
            "roe_4q": 6.96,
            "gross_profit": 301895,
            "gross_margin": 12.31,
            "gross_margin_4q_avg": 13.48,
            "net_income": 98393,
            "net_income_4q": null,
            "revenue": 2452503,
            "revenue_4q": null,
            "common_shares": 3975793,
            "book_valuer_per_share": 23.98,
            "book_valuer_per_share_4q_avg": 23.34,
            "equity": 9534085,
            "current_ratio": 146.58,
            "debt_ratio": 35.12,
            "inventory_turnover_ratio": 1.98,
            "account_receivable_turnover_ratio": 1.76,
            "reinvestment_rate": 93.27,
            "research_to_sale_ratio": null,
            "price_fair": 98.96,
            "eps_avg_yearly": 2.83,
            "eps_latest_yearly": 0.96,
            "eps_growth_yearly": 104.25
        },
        "20091": {
            "year_quarter": 20091,
            "year": 2009,
            "quarter": 1,
            "eps": 0.31,
            "eps_growth_year": 19.23,
            "eps_4q": 1.69,
            "eps_4q_growth_year": -26,
            "roe": 1.29,
            "roe_4q": 7.17,
            "gross_profit": 387092,
            "gross_margin": 17.35,
            "gross_margin_4q_avg": 14.21,
            "net_income": 124177,
            "net_income_4q": null,
            "revenue": 2231075,
            "revenue_4q": null,
            "common_shares": 3975793,
            "book_valuer_per_share": 24.5,
            "book_valuer_per_share_4q_avg": 23.45,
            "equity": 9742544,
            "current_ratio": 155.75,
            "debt_ratio": 33.97,
            "inventory_turnover_ratio": 1.98,
            "account_receivable_turnover_ratio": 0.87,
            "reinvestment_rate": 90.15,
            "research_to_sale_ratio": null,
            "price_fair": 100.1,
            "eps_avg_yearly": 2.86,
            "eps_latest_yearly": 1.24,
            "eps_growth_yearly": 111.54
        },
        "20092": {
            "year_quarter": 20092,
            "year": 2009,
            "quarter": 2,
            "eps": 0.61,
            "eps_growth_year": 7.02,
            "eps_4q": 1.73,
            "eps_4q_growth_year": -16.06,
            "roe": 2.5,
            "roe_4q": 7.21,
            "gross_profit": 413851,
            "gross_margin": 15.14,
            "gross_margin_4q_avg": 14.57,
            "net_income": 242056,
            "net_income_4q": null,
            "revenue": 2733862,
            "revenue_4q": null,
            "common_shares": 3975793,
            "book_valuer_per_share": 24.29,
            "book_valuer_per_share_4q_avg": 24.01,
            "equity": 9656450,
            "current_ratio": 145.21,
            "debt_ratio": 38.24,
            "inventory_turnover_ratio": 2.43,
            "account_receivable_turnover_ratio": 1.06,
            "reinvestment_rate": 81.93,
            "research_to_sale_ratio": null,
            "price_fair": 101.33,
            "eps_avg_yearly": 2.9,
            "eps_latest_yearly": 2.44,
            "eps_growth_yearly": 95.46
        },
        "20093": {
            "year_quarter": 20093,
            "year": 2009,
            "quarter": 3,
            "eps": 0.79,
            "eps_growth_year": 46.3,
            "eps_4q": 1.96,
            "eps_4q_growth_year": -2.06,
            "roe": 3.21,
            "roe_4q": 8.04,
            "gross_profit": 634191,
            "gross_margin": 18.52,
            "gross_margin_4q_avg": 15.83,
            "net_income": 314537,
            "net_income_4q": null,
            "revenue": 3423590,
            "revenue_4q": null,
            "common_shares": 3979764,
            "book_valuer_per_share": 24.92,
            "book_valuer_per_share_4q_avg": 24.42,
            "equity": 9918166,
            "current_ratio": 152.27,
            "debt_ratio": 37.64,
            "inventory_turnover_ratio": 2.42,
            "account_receivable_turnover_ratio": 1.08,
            "reinvestment_rate": 77.21,
            "research_to_sale_ratio": null,
            "price_fair": 101.94,
            "eps_avg_yearly": 2.91,
            "eps_latest_yearly": 3.16,
            "eps_growth_yearly": 89.54
        },
        "20094": {
            "year_quarter": 20094,
            "year": 2009,
            "quarter": 4,
            "eps": 0.74,
            "eps_growth_year": 208.33,
            "eps_4q": 2.45,
            "eps_4q_growth_year": 52.42,
            "roe": 2.95,
            "roe_4q": 9.95,
            "gross_profit": 668059,
            "gross_margin": 16.91,
            "gross_margin_4q_avg": 16.98,
            "net_income": 294785,
            "net_income_4q": null,
            "revenue": 3950493,
            "revenue_4q": null,
            "common_shares": 3974954,
            "book_valuer_per_share": 25.41,
            "book_valuer_per_share_4q_avg": 24.78,
            "equity": 10100650,
            "current_ratio": 155.86,
            "debt_ratio": 39.28,
            "inventory_turnover_ratio": 2.55,
            "account_receivable_turnover_ratio": 2.03,
            "reinvestment_rate": 79.16,
            "research_to_sale_ratio": null,
            "price_fair": 101.15,
            "eps_avg_yearly": 2.89,
            "eps_latest_yearly": 2.96,
            "eps_growth_yearly": 84.13
        },
        "20101": {
            "year_quarter": 20101,
            "year": 2010,
            "quarter": 1,
            "eps": 0.41,
            "eps_growth_year": 32.26,
            "eps_4q": 2.56,
            "eps_4q_growth_year": 51.23,
            "roe": 1.62,
            "roe_4q": 10.280000000000001,
            "gross_profit": 515327,
            "gross_margin": 14.44,
            "gross_margin_4q_avg": 16.25,
            "net_income": 164710,
            "net_income_4q": null,
            "revenue": 3569446,
            "revenue_4q": null,
            "common_shares": 3974954,
            "book_valuer_per_share": 25.77,
            "book_valuer_per_share_4q_avg": 25.1,
            "equity": 10244980,
            "current_ratio": 155.23,
            "debt_ratio": 40.01,
            "inventory_turnover_ratio": 2.05,
            "account_receivable_turnover_ratio": 0.93,
            "reinvestment_rate": 79.83,
            "research_to_sale_ratio": 0.81,
            "price_fair": 99.84,
            "eps_avg_yearly": 2.85,
            "eps_latest_yearly": 1.64,
            "eps_growth_yearly": 81.12
        },
        "20102": {
            "year_quarter": 20102,
            "year": 2010,
            "quarter": 2,
            "eps": 0.89,
            "eps_growth_year": 45.62,
            "eps_4q": 2.84,
            "eps_4q_growth_year": 64.16,
            "roe": 3.48,
            "roe_4q": 11.260000000000002,
            "gross_profit": 600744,
            "gross_margin": 13.82,
            "gross_margin_4q_avg": 15.92,
            "net_income": 353098,
            "net_income_4q": null,
            "revenue": 4345412,
            "revenue_4q": null,
            "common_shares": 3974954,
            "book_valuer_per_share": 25.32,
            "book_valuer_per_share_4q_avg": 25.36,
            "equity": 10066226,
            "current_ratio": 139.73,
            "debt_ratio": 45.5,
            "inventory_turnover_ratio": 2.01,
            "account_receivable_turnover_ratio": 1.09,
            "reinvestment_rate": 80.5,
            "research_to_sale_ratio": 0.64,
            "price_fair": 102.03,
            "eps_avg_yearly": 2.92,
            "eps_latest_yearly": 3.56,
            "eps_growth_yearly": 106.82
        },
        "20103": {
            "year_quarter": 20103,
            "year": 2010,
            "quarter": 3,
            "eps": 0.9,
            "eps_growth_year": 14.55,
            "eps_4q": 2.95,
            "eps_4q_growth_year": 50.7,
            "roe": 3.52,
            "roe_4q": 11.57,
            "gross_profit": 631794,
            "gross_margin": 13.77,
            "gross_margin_4q_avg": 14.74,
            "net_income": 359720,
            "net_income_4q": null,
            "revenue": 4586912,
            "revenue_4q": null,
            "common_shares": 3974954,
            "book_valuer_per_share": 26.05,
            "book_valuer_per_share_4q_avg": 25.64,
            "equity": 10354445,
            "current_ratio": 148,
            "debt_ratio": 42.1,
            "inventory_turnover_ratio": 1.91,
            "account_receivable_turnover_ratio": 1.08,
            "reinvestment_rate": 79.93,
            "research_to_sale_ratio": 0.65,
            "price_fair": 104.13,
            "eps_avg_yearly": 2.98,
            "eps_latest_yearly": 3.6,
            "eps_growth_yearly": 106.31
        },
        "20104": {
            "year_quarter": 20104,
            "year": 2010,
            "quarter": 4,
            "eps": 0.31,
            "eps_growth_year": -58.45,
            "eps_4q": 2.52,
            "eps_4q_growth_year": 2.48,
            "roe": 1.18,
            "roe_4q": 9.8,
            "gross_profit": 572340,
            "gross_margin": 14.01,
            "gross_margin_4q_avg": 14.01,
            "net_income": 122221,
            "net_income_4q": null,
            "revenue": 4085743,
            "revenue_4q": null,
            "common_shares": 3974954,
            "book_valuer_per_share": 26.04,
            "book_valuer_per_share_4q_avg": 25.8,
            "equity": 10351969,
            "current_ratio": 153.33,
            "debt_ratio": 40.03,
            "inventory_turnover_ratio": 1.69,
            "account_receivable_turnover_ratio": 1.05,
            "reinvestment_rate": 76.86,
            "research_to_sale_ratio": 0.68,
            "price_fair": 100.8,
            "eps_avg_yearly": 2.88,
            "eps_latest_yearly": 1.24,
            "eps_growth_yearly": 88.79
        },
        "20111": {
            "year_quarter": 20111,
            "year": 2011,
            "quarter": 1,
            "eps": 0.49,
            "eps_growth_year": 19.51,
            "eps_4q": 2.59,
            "eps_4q_growth_year": 1.44,
            "roe": 1.88,
            "roe_4q": 10.06,
            "gross_profit": 414255,
            "gross_margin": 10.77,
            "gross_margin_4q_avg": 13.09,
            "net_income": 195672,
            "net_income_4q": null,
            "revenue": 3846106,
            "revenue_4q": null,
            "common_shares": 3974954,
            "book_valuer_per_share": 26.4,
            "book_valuer_per_share_4q_avg": 25.95,
            "equity": 10493284,
            "current_ratio": 157.47,
            "debt_ratio": 39.76,
            "inventory_turnover_ratio": 1.62,
            "account_receivable_turnover_ratio": 1.11,
            "reinvestment_rate": 96.48,
            "research_to_sale_ratio": 1.37,
            "price_fair": 81.29,
            "eps_avg_yearly": 2.32,
            "eps_latest_yearly": 1.96,
            "eps_growth_yearly": 29.76
        },
        "20112": {
            "year_quarter": 20112,
            "year": 2011,
            "quarter": 2,
            "eps": 0.34,
            "eps_growth_year": -61.78,
            "eps_4q": 2.04,
            "eps_4q_growth_year": -27.91,
            "roe": 1.31,
            "roe_4q": 7.890000000000001,
            "gross_profit": 360580,
            "gross_margin": 9.51,
            "gross_margin_4q_avg": 12.02,
            "net_income": 134947,
            "net_income_4q": null,
            "revenue": 3789669,
            "revenue_4q": null,
            "common_shares": 3974954,
            "book_valuer_per_share": 25.37,
            "book_valuer_per_share_4q_avg": 25.97,
            "equity": 10083147,
            "current_ratio": 146.01,
            "debt_ratio": 43.89,
            "inventory_turnover_ratio": 1.59,
            "account_receivable_turnover_ratio": 1.12,
            "reinvestment_rate": 98.91,
            "research_to_sale_ratio": -0.26,
            "price_fair": 76.3,
            "eps_avg_yearly": 2.18,
            "eps_latest_yearly": 1.36,
            "eps_growth_yearly": 38.74
        },
        "20113": {
            "year_quarter": 20113,
            "year": 2011,
            "quarter": 3,
            "eps": 1.07,
            "eps_growth_year": 18,
            "eps_4q": 2.21,
            "eps_4q_growth_year": -25.16,
            "roe": 4.07,
            "roe_4q": 8.440000000000001,
            "gross_profit": 583001,
            "gross_margin": 14.48,
            "gross_margin_4q_avg": 12.19,
            "net_income": 424461,
            "net_income_4q": null,
            "revenue": 4026888,
            "revenue_4q": null,
            "common_shares": 3974954,
            "book_valuer_per_share": 27.11,
            "book_valuer_per_share_4q_avg": 26.23,
            "equity": 10776855,
            "current_ratio": 160.96,
            "debt_ratio": 39.62,
            "inventory_turnover_ratio": 1.56,
            "account_receivable_turnover_ratio": 1.19,
            "reinvestment_rate": 98.27,
            "research_to_sale_ratio": 3.29,
            "price_fair": 79.89,
            "eps_avg_yearly": 2.28,
            "eps_latest_yearly": 4.28,
            "eps_growth_yearly": 99.28
        },
        "20114": {
            "year_quarter": 20114,
            "year": 2011,
            "quarter": 4,
            "eps": 1.01,
            "eps_growth_year": 228.14,
            "eps_4q": 2.91,
            "eps_4q_growth_year": 15.64,
            "roe": 3.64,
            "roe_4q": 10.900000000000002,
            "gross_profit": 742215,
            "gross_margin": 17.66,
            "gross_margin_4q_avg": 13.11,
            "net_income": 401056,
            "net_income_4q": null,
            "revenue": 4203583,
            "revenue_4q": null,
            "common_shares": 3974954,
            "book_valuer_per_share": 28.34,
            "book_valuer_per_share_4q_avg": 26.81,
            "equity": 11263226,
            "current_ratio": 166.59,
            "debt_ratio": 39.22,
            "inventory_turnover_ratio": 1.52,
            "account_receivable_turnover_ratio": 1.23,
            "reinvestment_rate": 16.48,
            "research_to_sale_ratio": -2.11,
            "price_fair": 82.95,
            "eps_avg_yearly": 2.37,
            "eps_latest_yearly": 4.04,
            "eps_growth_yearly": 97.88
        },
        "20121": {
            "year_quarter": 20121,
            "year": 2012,
            "quarter": 1,
            "eps": 0.87,
            "eps_growth_year": 77.55,
            "eps_4q": 3.29,
            "eps_4q_growth_year": 26.73,
            "roe": 2.86,
            "roe_4q": 11.88,
            "gross_profit": 775557,
            "gross_margin": 17.61,
            "gross_margin_4q_avg": 14.82,
            "net_income": 335105,
            "net_income_4q": null,
            "revenue": 4404314,
            "revenue_4q": null,
            "common_shares": 3974954,
            "book_valuer_per_share": 28.96,
            "book_valuer_per_share_4q_avg": 27.45,
            "equity": 12154944,
            "current_ratio": 178.12,
            "debt_ratio": 37.92,
            "inventory_turnover_ratio": 1.63,
            "account_receivable_turnover_ratio": 1.3,
            "reinvestment_rate": 11.93,
            "research_to_sale_ratio": 0.49,
            "price_fair": 88.29,
            "eps_avg_yearly": 2.52,
            "eps_latest_yearly": 3.48,
            "eps_growth_yearly": 109.57
        },
        "20122": {
            "year_quarter": 20122,
            "year": 2012,
            "quarter": 2,
            "eps": 1.07,
            "eps_growth_year": 215.38,
            "eps_4q": 4.02,
            "eps_4q_growth_year": 96.52,
            "roe": 3.16,
            "roe_4q": 13.73,
            "gross_profit": 858379,
            "gross_margin": 19.17,
            "gross_margin_4q_avg": 17.23,
            "net_income": 379629,
            "net_income_4q": null,
            "revenue": 4478865,
            "revenue_4q": null,
            "common_shares": 3974954,
            "book_valuer_per_share": 28.47,
            "book_valuer_per_share_4q_avg": 28.22,
            "equity": 11888333,
            "current_ratio": 163.49,
            "debt_ratio": 41.71,
            "inventory_turnover_ratio": 1.6,
            "account_receivable_turnover_ratio": 1.28,
            "reinvestment_rate": 6.91,
            "research_to_sale_ratio": 0.59,
            "price_fair": 92.66,
            "eps_avg_yearly": 2.65,
            "eps_latest_yearly": 4.28,
            "eps_growth_yearly": 85.51
        },
        "20123": {
            "year_quarter": 20123,
            "year": 2012,
            "quarter": 3,
            "eps": 1.18,
            "eps_growth_year": 10.11,
            "eps_4q": 4.13,
            "eps_4q_growth_year": 86.91,
            "roe": 3.68,
            "roe_4q": 13.34,
            "gross_profit": 841438,
            "gross_margin": 17.63,
            "gross_margin_4q_avg": 18.02,
            "net_income": 445543,
            "net_income_4q": null,
            "revenue": 4772403,
            "revenue_4q": null,
            "common_shares": 3974954,
            "book_valuer_per_share": 29.63,
            "book_valuer_per_share_4q_avg": 28.85,
            "equity": 12332229,
            "current_ratio": 177.18,
            "debt_ratio": 38.56,
            "inventory_turnover_ratio": 1.69,
            "account_receivable_turnover_ratio": 1.34,
            "reinvestment_rate": -4.25,
            "research_to_sale_ratio": 0.55,
            "price_fair": 98.26,
            "eps_avg_yearly": 2.81,
            "eps_latest_yearly": 4.72,
            "eps_growth_yearly": 89.39
        },
        "20124": {
            "year_quarter": 20124,
            "year": 2012,
            "quarter": 4,
            "eps": 0.79,
            "eps_growth_year": -22.05,
            "eps_4q": 3.9,
            "eps_4q_growth_year": 34.18,
            "roe": 3.05,
            "roe_4q": 12.75,
            "gross_profit": 531422,
            "gross_margin": 13.65,
            "gross_margin_4q_avg": 17.02,
            "net_income": 382525,
            "net_income_4q": null,
            "revenue": 3892938,
            "revenue_4q": null,
            "common_shares": 3974954,
            "book_valuer_per_share": 30.41,
            "book_valuer_per_share_4q_avg": 29.37,
            "equity": 12711027,
            "current_ratio": 181.86,
            "debt_ratio": 37.04,
            "inventory_turnover_ratio": 1.45,
            "account_receivable_turnover_ratio": 1.19,
            "reinvestment_rate": -4.6,
            "research_to_sale_ratio": 0.55,
            "price_fair": 103.08,
            "eps_avg_yearly": 2.95,
            "eps_latest_yearly": 3.16,
            "eps_growth_yearly": 95.02
        },
        "20131": {
            "year_quarter": 20131,
            "year": 2013,
            "quarter": 1,
            "eps": 1.12,
            "eps_growth_year": 28.74,
            "eps_4q": 4.15,
            "eps_4q_growth_year": 26.42,
            "roe": 3.38,
            "roe_4q": 13.27,
            "gross_profit": 756995,
            "gross_margin": 16.63,
            "gross_margin_4q_avg": 16.77,
            "net_income": 442159,
            "net_income_4q": null,
            "revenue": 4552417,
            "revenue_4q": null,
            "common_shares": 3974954,
            "book_valuer_per_share": 32.06,
            "book_valuer_per_share_4q_avg": 30.14,
            "equity": 13434733,
            "current_ratio": 185.69,
            "debt_ratio": 36.88,
            "inventory_turnover_ratio": 1.57,
            "account_receivable_turnover_ratio": 1.44,
            "reinvestment_rate": -4.96,
            "research_to_sale_ratio": 0.53,
            "price_fair": 110.16,
            "eps_avg_yearly": 3.15,
            "eps_latest_yearly": 4.48,
            "eps_growth_yearly": 98.17
        },
        "20132": {
            "year_quarter": 20132,
            "year": 2013,
            "quarter": 2,
            "eps": 1.08,
            "eps_growth_year": 0.87,
            "eps_4q": 4.17,
            "eps_4q_growth_year": 3.68,
            "roe": 3.45,
            "roe_4q": 13.559999999999999,
            "gross_profit": 736229,
            "gross_margin": 15.32,
            "gross_margin_4q_avg": 15.81,
            "net_income": 456026,
            "net_income_4q": null,
            "revenue": 4807216,
            "revenue_4q": null,
            "common_shares": 3974954,
            "book_valuer_per_share": 31.07,
            "book_valuer_per_share_4q_avg": 30.79,
            "equity": 13016940,
            "current_ratio": 169.03,
            "debt_ratio": 40.16,
            "inventory_turnover_ratio": 1.58,
            "account_receivable_turnover_ratio": 1.43,
            "reinvestment_rate": -1.48,
            "research_to_sale_ratio": 0.53,
            "price_fair": 114.28,
            "eps_avg_yearly": 3.27,
            "eps_latest_yearly": 4.32,
            "eps_growth_yearly": 73.08
        },
        "20133": {
            "year_quarter": 20133,
            "year": 2013,
            "quarter": 3,
            "eps": 1.09,
            "eps_growth_year": -7.3,
            "eps_4q": 4.08,
            "eps_4q_growth_year": -1.01,
            "roe": 3.3,
            "roe_4q": 13.18,
            "gross_profit": 783889,
            "gross_margin": 15.49,
            "gross_margin_4q_avg": 15.27,
            "net_income": 434881,
            "net_income_4q": null,
            "revenue": 5061107,
            "revenue_4q": null,
            "common_shares": 3974954,
            "book_valuer_per_share": 31.91,
            "book_valuer_per_share_4q_avg": 31.36,
            "equity": 13339664,
            "current_ratio": 187.63,
            "debt_ratio": 36.4,
            "inventory_turnover_ratio": 1.6,
            "account_receivable_turnover_ratio": 1.45,
            "reinvestment_rate": -1.19,
            "research_to_sale_ratio": 0.91,
            "price_fair": 116.9,
            "eps_avg_yearly": 3.34,
            "eps_latest_yearly": 4.36,
            "eps_growth_yearly": 65.94
        },
        "20134": {
            "year_quarter": 20134,
            "year": 2013,
            "quarter": 4,
            "eps": 1.1,
            "eps_growth_year": 39.29,
            "eps_4q": 4.39,
            "eps_4q_growth_year": 12.55,
            "roe": 3.16,
            "roe_4q": 13.29,
            "gross_profit": 680104,
            "gross_margin": 13.87,
            "gross_margin_4q_avg": 15.33,
            "net_income": 429782,
            "net_income_4q": null,
            "revenue": 4902053,
            "revenue_4q": null,
            "common_shares": 3974954,
            "book_valuer_per_share": 33.2,
            "book_valuer_per_share_4q_avg": 32.06,
            "equity": 13825910,
            "current_ratio": 188.11,
            "debt_ratio": 36.66,
            "inventory_turnover_ratio": 1.49,
            "account_receivable_turnover_ratio": 1.39,
            "reinvestment_rate": -1.74,
            "research_to_sale_ratio": 0.92,
            "price_fair": 120.05,
            "eps_avg_yearly": 3.43,
            "eps_latest_yearly": 4.4,
            "eps_growth_yearly": 67.75
        },
        "20141": {
            "year_quarter": 20141,
            "year": 2014,
            "quarter": 1,
            "eps": 1.26,
            "eps_growth_year": 12.5,
            "eps_4q": 4.54,
            "eps_4q_growth_year": 9.17,
            "roe": 3.57,
            "roe_4q": 13.48,
            "gross_profit": 782708,
            "gross_margin": 15.06,
            "gross_margin_4q_avg": 14.94,
            "net_income": 503068,
            "net_income_4q": null,
            "revenue": 5196260,
            "revenue_4q": null,
            "common_shares": 3974954,
            "book_valuer_per_share": 34.5,
            "book_valuer_per_share_4q_avg": 32.67,
            "equity": 14359064,
            "current_ratio": 195.85,
            "debt_ratio": 35.26,
            "inventory_turnover_ratio": 1.47,
            "account_receivable_turnover_ratio": 1.42,
            "reinvestment_rate": -2.92,
            "research_to_sale_ratio": 0.85,
            "price_fair": 127.49,
            "eps_avg_yearly": 3.64,
            "eps_latest_yearly": 5.04,
            "eps_growth_yearly": 82.53
        },
        "20142": {
            "year_quarter": 20142,
            "year": 2014,
            "quarter": 2,
            "eps": 0.79,
            "eps_growth_year": -26.85,
            "eps_4q": 4.25,
            "eps_4q_growth_year": 2,
            "roe": 2.23,
            "roe_4q": 12.260000000000002,
            "gross_profit": 710667,
            "gross_margin": 13.44,
            "gross_margin_4q_avg": 14.47,
            "net_income": 311243,
            "net_income_4q": null,
            "revenue": 5286710,
            "revenue_4q": null,
            "common_shares": 3974954,
            "book_valuer_per_share": 32.4,
            "book_valuer_per_share_4q_avg": 33,
            "equity": 13497707,
            "current_ratio": 169.13,
            "debt_ratio": 39.49,
            "inventory_turnover_ratio": 1.49,
            "account_receivable_turnover_ratio": 1.39,
            "reinvestment_rate": -5.51,
            "research_to_sale_ratio": 0.8,
            "price_fair": 126.61,
            "eps_avg_yearly": 3.62,
            "eps_latest_yearly": 3.16,
            "eps_growth_yearly": 43.94
        },
        "20143": {
            "year_quarter": 20143,
            "year": 2014,
            "quarter": 3,
            "eps": 1.08,
            "eps_growth_year": -0.92,
            "eps_4q": 4.24,
            "eps_4q_growth_year": 3.72,
            "roe": 3.06,
            "roe_4q": 12.02,
            "gross_profit": 687268,
            "gross_margin": 12.95,
            "gross_margin_4q_avg": 13.83,
            "net_income": 422271,
            "net_income_4q": null,
            "revenue": 5307659,
            "revenue_4q": null,
            "common_shares": 3974954,
            "book_valuer_per_share": 33.89,
            "book_valuer_per_share_4q_avg": 33.5,
            "equity": 14088172,
            "current_ratio": 176.25,
            "debt_ratio": 38.35,
            "inventory_turnover_ratio": 1.45,
            "account_receivable_turnover_ratio": 1.43,
            "reinvestment_rate": -0.63,
            "research_to_sale_ratio": 0.78,
            "price_fair": 128.19,
            "eps_avg_yearly": 3.66,
            "eps_latest_yearly": 4.32,
            "eps_growth_yearly": 52.84
        },
        "20144": {
            "year_quarter": 20144,
            "year": 2014,
            "quarter": 4,
            "eps": 1.31,
            "eps_growth_year": 19.61,
            "eps_4q": 4.45,
            "eps_4q_growth_year": 1.31,
            "roe": 3.49,
            "roe_4q": 12.350000000000001,
            "gross_profit": 707249,
            "gross_margin": 12.83,
            "gross_margin_4q_avg": 13.57,
            "net_income": 505068,
            "net_income_4q": null,
            "revenue": 5513031,
            "revenue_4q": null,
            "common_shares": 3974954,
            "book_valuer_per_share": 35.73,
            "book_valuer_per_share_4q_avg": 34.13,
            "equity": 14814750,
            "current_ratio": 180.27,
            "debt_ratio": 38.2,
            "inventory_turnover_ratio": 1.45,
            "account_receivable_turnover_ratio": 1.38,
            "reinvestment_rate": 7.14,
            "research_to_sale_ratio": 0.8,
            "price_fair": 136.94,
            "eps_avg_yearly": 3.91,
            "eps_latest_yearly": 5.24,
            "eps_growth_yearly": 74.55
        },
        "20151": {
            "year_quarter": 20151,
            "year": 2015,
            "quarter": 1,
            "eps": 0.95,
            "eps_growth_year": -24.6,
            "eps_4q": 4.14,
            "eps_4q_growth_year": -8.77,
            "roe": 2.46,
            "roe_4q": 11.24,
            "gross_profit": 718871,
            "gross_margin": 13.1,
            "gross_margin_4q_avg": 13.08,
            "net_income": 368396,
            "net_income_4q": null,
            "revenue": 5485553,
            "revenue_4q": null,
            "common_shares": 3974954,
            "book_valuer_per_share": 36.5,
            "book_valuer_per_share_4q_avg": 34.63,
            "equity": 15111189,
            "current_ratio": 182.98,
            "debt_ratio": 36.71,
            "inventory_turnover_ratio": 1.45,
            "account_receivable_turnover_ratio": 1.26,
            "reinvestment_rate": 13.3,
            "research_to_sale_ratio": 0.84,
            "price_fair": 140.96,
            "eps_avg_yearly": 4.03,
            "eps_latest_yearly": 3.8,
            "eps_growth_yearly": 53.16
        },
        "20152": {
            "year_quarter": 20152,
            "year": 2015,
            "quarter": 2,
            "eps": 0.79,
            "eps_growth_year": 0,
            "eps_4q": 4.13,
            "eps_4q_growth_year": -2.74,
            "roe": 2,
            "roe_4q": 11.01,
            "gross_profit": 676107,
            "gross_margin": 12.19,
            "gross_margin_4q_avg": 12.77,
            "net_income": 294379,
            "net_income_4q": null,
            "revenue": 5548155,
            "revenue_4q": null,
            "common_shares": 3974954,
            "book_valuer_per_share": 34.79,
            "book_valuer_per_share_4q_avg": 35.23,
            "equity": 14367796,
            "current_ratio": 166.29,
            "debt_ratio": 40.42,
            "inventory_turnover_ratio": 1.5,
            "account_receivable_turnover_ratio": 1.26,
            "reinvestment_rate": 14.06,
            "research_to_sale_ratio": 0.81,
            "price_fair": 144.9,
            "eps_avg_yearly": 4.14,
            "eps_latest_yearly": 3.16,
            "eps_growth_yearly": 56.61
        },
        "20153": {
            "year_quarter": 20153,
            "year": 2015,
            "quarter": 3,
            "eps": 1.71,
            "eps_growth_year": 58.33,
            "eps_4q": 4.76,
            "eps_4q_growth_year": 12.37,
            "roe": 4.45,
            "roe_4q": 12.4,
            "gross_profit": 967916,
            "gross_margin": 16.36,
            "gross_margin_4q_avg": 13.62,
            "net_income": 659845,
            "net_income_4q": null,
            "revenue": 5917183,
            "revenue_4q": null,
            "common_shares": 3974954,
            "book_valuer_per_share": 37.17,
            "book_valuer_per_share_4q_avg": 36.05,
            "equity": 15295804,
            "current_ratio": 178.99,
            "debt_ratio": 36.78,
            "inventory_turnover_ratio": 1.49,
            "account_receivable_turnover_ratio": 1.27,
            "reinvestment_rate": 12.76,
            "research_to_sale_ratio": 0.86,
            "price_fair": 150.5,
            "eps_avg_yearly": 4.3,
            "eps_latest_yearly": 6.84,
            "eps_growth_yearly": 32.04
        },
        "20154": {
            "year_quarter": 20154,
            "year": 2015,
            "quarter": 4,
            "eps": 1.53,
            "eps_growth_year": 16.42,
            "eps_4q": 4.97,
            "eps_4q_growth_year": 11.78,
            "roe": 3.81,
            "roe_4q": 12.719999999999999,
            "gross_profit": 970374,
            "gross_margin": 17.04,
            "gross_margin_4q_avg": 14.67,
            "net_income": 591835,
            "net_income_4q": null,
            "revenue": 5693214,
            "revenue_4q": null,
            "common_shares": 3974954,
            "book_valuer_per_share": 38.47,
            "book_valuer_per_share_4q_avg": 36.73,
            "equity": 15797411,
            "current_ratio": 187.18,
            "debt_ratio": 35.45,
            "inventory_turnover_ratio": 1.43,
            "account_receivable_turnover_ratio": 1.17,
            "reinvestment_rate": 26.87,
            "research_to_sale_ratio": 0.96,
            "price_fair": 155.05,
            "eps_avg_yearly": 4.43,
            "eps_latest_yearly": 6.12,
            "eps_growth_yearly": 30.81
        },
        "20161": {
            "year_quarter": 20161,
            "year": 2016,
            "quarter": 1,
            "eps": 1.62,
            "eps_growth_year": 70.53,
            "eps_4q": 5.65,
            "eps_4q_growth_year": 36.47,
            "roe": 3.94,
            "roe_4q": 14.2,
            "gross_profit": 1105708,
            "gross_margin": 18.07,
            "gross_margin_4q_avg": 15.92,
            "net_income": 632425,
            "net_income_4q": null,
            "revenue": 6118393,
            "revenue_4q": null,
            "common_shares": 3974954,
            "book_valuer_per_share": 39.81,
            "book_valuer_per_share_4q_avg": 37.56,
            "equity": 16319049,
            "current_ratio": 195.93,
            "debt_ratio": 34.61,
            "inventory_turnover_ratio": 1.53,
            "account_receivable_turnover_ratio": 1.21,
            "reinvestment_rate": 24.24,
            "research_to_sale_ratio": 0.64,
            "price_fair": 161.61,
            "eps_avg_yearly": 4.62,
            "eps_latest_yearly": 6.48,
            "eps_growth_yearly": 35.75
        },
        "20162": {
            "year_quarter": 20162,
            "year": 2016,
            "quarter": 2,
            "eps": 1.53,
            "eps_growth_year": 93.67,
            "eps_4q": 6.38,
            "eps_4q_growth_year": 54.46,
            "roe": 3.68,
            "roe_4q": 15.879999999999999,
            "gross_profit": 1034806,
            "gross_margin": 17.68,
            "gross_margin_4q_avg": 17.29,
            "net_income": 590802,
            "net_income_4q": null,
            "revenue": 5854394,
            "revenue_4q": null,
            "common_shares": 3974954,
            "book_valuer_per_share": 38.42,
            "book_valuer_per_share_4q_avg": 38.47,
            "equity": 15752754,
            "current_ratio": 170.65,
            "debt_ratio": 38.26,
            "inventory_turnover_ratio": 1.41,
            "account_receivable_turnover_ratio": 1.15,
            "reinvestment_rate": 19.77,
            "research_to_sale_ratio": 0.65,
            "price_fair": 165.64,
            "eps_avg_yearly": 4.73,
            "eps_latest_yearly": 6.12,
            "eps_growth_yearly": 28.61
        },
        "20163": {
            "year_quarter": 20163,
            "year": 2016,
            "quarter": 3,
            "eps": 1.45,
            "eps_growth_year": -15.2,
            "eps_4q": 6.12,
            "eps_4q_growth_year": 28.69,
            "roe": 3.65,
            "roe_4q": 15.08,
            "gross_profit": 1110340,
            "gross_margin": 18.6,
            "gross_margin_4q_avg": 17.85,
            "net_income": 574268,
            "net_income_4q": null,
            "revenue": 5969309,
            "revenue_4q": null,
            "common_shares": 3974954,
            "book_valuer_per_share": 39.15,
            "book_valuer_per_share_4q_avg": 38.96,
            "equity": 15691488,
            "current_ratio": 177.91,
            "debt_ratio": 35.58,
            "inventory_turnover_ratio": 1.34,
            "account_receivable_turnover_ratio": 1.21,
            "reinvestment_rate": 17.39,
            "research_to_sale_ratio": 0.61,
            "price_fair": 166.74,
            "eps_avg_yearly": 4.8,
            "eps_latest_yearly": 5.8,
            "eps_growth_yearly": 24.74
        },
        "20164": {
            "year_quarter": 20164,
            "year": 2016,
            "quarter": 4,
            "eps": 1.66,
            "eps_growth_year": 9,
            "eps_4q": 6.26,
            "eps_4q_growth_year": 25.88,
            "roe": 4.13,
            "roe_4q": 15.399999999999999,
            "gross_profit": 1132996,
            "gross_margin": 18.89,
            "gross_margin_4q_avg": 18.31,
            "net_income": 659019,
            "net_income_4q": null,
            "revenue": 5997603,
            "revenue_4q": null,
            "common_shares": 3974954,
            "book_valuer_per_share": 40.59,
            "book_valuer_per_share_4q_avg": 39.49,
            "equity": 16208077,
            "current_ratio": 183.44,
            "debt_ratio": 36.15,
            "inventory_turnover_ratio": 1.28,
            "account_receivable_turnover_ratio": 1.22,
            "reinvestment_rate": 13.84,
            "research_to_sale_ratio": 0.71,
            "price_fair": 175.61,
            "eps_avg_yearly": 5.02,
            "eps_latest_yearly": 6.64,
            "eps_growth_yearly": 36.62
        },
        "20171": {
            "year_quarter": 20171,
            "year": 2017,
            "quarter": 1,
            "eps": 0.97,
            "eps_growth_year": -40.12,
            "eps_4q": 5.61,
            "eps_4q_growth_year": -0.7,
            "roe": 2.37,
            "roe_4q": 13.83,
            "gross_profit": 936709,
            "gross_margin": 15.58,
            "gross_margin_4q_avg": 17.69,
            "net_income": 383759,
            "net_income_4q": null,
            "revenue": 6012607,
            "revenue_4q": null,
            "common_shares": 3974954,
            "book_valuer_per_share": 40.65,
            "book_valuer_per_share_4q_avg": 39.7,
            "equity": 16228731,
            "current_ratio": 190.63,
            "debt_ratio": 35.02,
            "inventory_turnover_ratio": 1.27,
            "account_receivable_turnover_ratio": 1.22,
            "reinvestment_rate": 11.51,
            "research_to_sale_ratio": 0.6,
            "price_fair": 128.41,
            "eps_avg_yearly": 4.98,
            "eps_latest_yearly": 3.88,
            "eps_growth_yearly": 15.79
        },
        "20172": {
            "year_quarter": 20172,
            "year": 2017,
            "quarter": 2,
            "eps": 0.98,
            "eps_growth_year": -35.95,
            "eps_4q": 5.06,
            "eps_4q_growth_year": -20.72,
            "roe": 2.45,
            "roe_4q": 12.6,
            "gross_profit": 837432,
            "gross_margin": 14.05,
            "gross_margin_4q_avg": 16.78,
            "net_income": 387407,
            "net_income_4q": null,
            "revenue": 5959136,
            "revenue_4q": null,
            "common_shares": 3974954,
            "book_valuer_per_share": 38.71,
            "book_valuer_per_share_4q_avg": 39.78,
            "equity": 15420673,
            "current_ratio": 168.98,
            "debt_ratio": 39.34,
            "inventory_turnover_ratio": 1.23,
            "account_receivable_turnover_ratio": 1.21,
            "reinvestment_rate": 10.99,
            "research_to_sale_ratio": 0.56,
            "price_fair": 133.47,
            "eps_avg_yearly": 4.96,
            "eps_latest_yearly": 3.92,
            "eps_growth_yearly": 16.94
        },
        "20173": {
            "year_quarter": 20173,
            "year": 2017,
            "quarter": 3,
            "eps": 1.23,
            "eps_growth_year": -15.17,
            "eps_4q": 4.84,
            "eps_4q_growth_year": -21.02,
            "roe": 3.1,
            "roe_4q": 12.05,
            "gross_profit": 838690,
            "gross_margin": 13.64,
            "gross_margin_4q_avg": 15.54,
            "net_income": 486356,
            "net_income_4q": null,
            "revenue": 6147466,
            "revenue_4q": null,
            "common_shares": 3974954,
            "book_valuer_per_share": 40.08,
            "book_valuer_per_share_4q_avg": 40.01,
            "equity": 15944690,
            "current_ratio": 186.98,
            "debt_ratio": 35.1,
            "inventory_turnover_ratio": 1.27,
            "account_receivable_turnover_ratio": 1.23,
            "reinvestment_rate": 11.67,
            "research_to_sale_ratio": 0.53,
            "price_fair": 165.08,
            "eps_avg_yearly": 4.99,
            "eps_latest_yearly": 4.92,
            "eps_growth_yearly": 23.08
        },
        "20174": {
            "year_quarter": 20174,
            "year": 2017,
            "quarter": 4,
            "eps": 0.6,
            "eps_growth_year": -63.83,
            "eps_4q": 3.78,
            "eps_4q_growth_year": -39.7,
            "roe": 1.49,
            "roe_4q": 9.41,
            "gross_profit": 677733,
            "gross_margin": 12.26,
            "gross_margin_4q_avg": 13.88,
            "net_income": 238687,
            "net_income_4q": null,
            "revenue": 5526402,
            "revenue_4q": null,
            "common_shares": 3974954,
            "book_valuer_per_share": 40.68,
            "book_valuer_per_share_4q_avg": 40.03,
            "equity": 16185896,
            "current_ratio": 181.85,
            "debt_ratio": 35.85,
            "inventory_turnover_ratio": 1.18,
            "account_receivable_turnover_ratio": 1.16,
            "reinvestment_rate": 9.44,
            "research_to_sale_ratio": 0.54,
            "price_fair": 97.53,
            "eps_avg_yearly": 4.87,
            "eps_latest_yearly": 2.4,
            "eps_growth_yearly": 10.05
        },
        "20181": {
            "year_quarter": 20181,
            "year": 2018,
            "quarter": 1,
            "eps": 0.42,
            "eps_growth_year": -56.7,
            "eps_4q": 3.23,
            "eps_4q_growth_year": -42.44,
            "roe": 1.02,
            "roe_4q": 8.059999999999999,
            "gross_profit": 534779,
            "gross_margin": 9.4,
            "gross_margin_4q_avg": 12.34,
            "net_income": 167287,
            "net_income_4q": null,
            "revenue": 5690164,
            "revenue_4q": null,
            "common_shares": 3974954,
            "book_valuer_per_share": 41.37,
            "book_valuer_per_share_4q_avg": 40.21,
            "equity": 16456984,
            "current_ratio": 191.43,
            "debt_ratio": 34.11,
            "inventory_turnover_ratio": 1.28,
            "account_receivable_turnover_ratio": 1.25,
            "reinvestment_rate": 9.54,
            "research_to_sale_ratio": 0.52,
            "price_fair": 13.97,
            "eps_avg_yearly": 4.66,
            "eps_latest_yearly": 1.68,
            "eps_growth_yearly": -1.09
        },
        "20182": {
            "year_quarter": 20182,
            "year": 2018,
            "quarter": 2,
            "eps": -1.63,
            "eps_growth_year": -266.33,
            "eps_4q": 0.62,
            "eps_4q_growth_year": -87.68,
            "roe": -4.12,
            "roe_4q": 1.49,
            "gross_profit": 595669,
            "gross_margin": 11.67,
            "gross_margin_4q_avg": 11.74,
            "net_income": -646669,
            "net_income_4q": null,
            "revenue": 5102828,
            "revenue_4q": null,
            "common_shares": 3974954,
            "book_valuer_per_share": 37.49,
            "book_valuer_per_share_4q_avg": 39.91,
            "equity": 14916978,
            "current_ratio": 189.54,
            "debt_ratio": 38.03,
            "inventory_turnover_ratio": 1.21,
            "account_receivable_turnover_ratio": 1.14,
            "reinvestment_rate": 2.08,
            "research_to_sale_ratio": 0.74,
            "price_fair": 89.32,
            "eps_avg_yearly": 4.75,
            "eps_latest_yearly": 1.68,
            "eps_growth_yearly": 8.79
        },
        "20183": {
            "year_quarter": 20183,
            "year": 2018,
            "quarter": 3,
            "eps": 1.21,
            "eps_growth_year": -1.63,
            "eps_4q": 0.6,
            "eps_4q_growth_year": -87.53,
            "roe": 3.18,
            "roe_4q": 1.57,
            "gross_profit": 557348,
            "gross_margin": 11.22,
            "gross_margin_4q_avg": 11.14,
            "net_income": 479334,
            "net_income_4q": null,
            "revenue": 4965557,
            "revenue_4q": null,
            "common_shares": 3974954,
            "book_valuer_per_share": 38.25,
            "book_valuer_per_share_4q_avg": 39.45,
            "equity": 15217959,
            "current_ratio": 203.17,
            "debt_ratio": 34.6,
            "inventory_turnover_ratio": 1.25,
            "account_receivable_turnover_ratio": 1.2,
            "reinvestment_rate": -2.44,
            "research_to_sale_ratio": 0.68,
            "price_fair": 14.36,
            "eps_avg_yearly": 4.79,
            "eps_latest_yearly": 1.68,
            "eps_growth_yearly": -1.07
        },
        "20184": {
            "year_quarter": 20184,
            "year": 2018,
            "quarter": 4,
            "eps": 0.41,
            "eps_growth_year": -32.01,
            "eps_4q": 0.41,
            "eps_4q_growth_year": -89.12,
            "roe": 1.06,
            "roe_4q": 1.1400000000000001,
            "gross_profit": 388063,
            "gross_margin": 8.79,
            "gross_margin_4q_avg": 10.27,
            "net_income": 162273,
            "net_income_4q": null,
            "revenue": 4415339,
            "revenue_4q": null,
            "common_shares": 3974954,
            "book_valuer_per_share": 38.86,
            "book_valuer_per_share_4q_avg": 38.99,
            "equity": 15461472,
            "current_ratio": 203.01,
            "debt_ratio": 33.23,
            "inventory_turnover_ratio": 1.12,
            "account_receivable_turnover_ratio": 1.17,
            "reinvestment_rate": -8.33,
            "research_to_sale_ratio": 0.65,
            "price_fair": 13.59,
            "eps_avg_yearly": 4.53,
            "eps_latest_yearly": 1.64,
            "eps_growth_yearly": -26.05
        },
        "20191": {
            "year_quarter": 20191,
            "year": 2019,
            "quarter": 1,
            "eps": 0.11,
            "eps_growth_year": -73.81,
            "eps_4q": 0.1,
            "eps_4q_growth_year": -97.01,
            "roe": 0.27,
            "roe_4q": 0.3899999999999997,
            "gross_profit": 335145,
            "gross_margin": 7.19,
            "gross_margin_4q_avg": 9.72,
            "net_income": 42477,
            "net_income_4q": null,
            "revenue": 4663914,
            "revenue_4q": null,
            "common_shares": 3974954,
            "book_valuer_per_share": 39.37,
            "book_valuer_per_share_4q_avg": 38.49,
            "equity": 15662980,
            "current_ratio": 210.25,
            "debt_ratio": 32.76,
            "inventory_turnover_ratio": 1.23,
            "account_receivable_turnover_ratio": 1.24,
            "reinvestment_rate": -10.94,
            "research_to_sale_ratio": 0.63,
            "price_fair": 12.87,
            "eps_avg_yearly": 4.29,
            "eps_latest_yearly": 0.44,
            "eps_growth_yearly": -39.1
        },
        "20192": {
            "year_quarter": 20192,
            "year": 2019,
            "quarter": 2,
            "eps": 0.3,
            "eps_growth_year": null,
            "eps_4q": 2.02,
            "eps_4q_growth_year": 224.14,
            "roe": 0.76,
            "roe_4q": 5.27,
            "gross_profit": 364728,
            "gross_margin": 8.1,
            "gross_margin_4q_avg": 8.83,
            "net_income": 118024,
            "net_income_4q": null,
            "revenue": 4500565,
            "revenue_4q": null,
            "common_shares": 3974954,
            "book_valuer_per_share": 39.12,
            "book_valuer_per_share_4q_avg": 38.9,
            "equity": 15561547,
            "current_ratio": 201.65,
            "debt_ratio": 32.48,
            "inventory_turnover_ratio": 1.3,
            "account_receivable_turnover_ratio": 1.21,
            "reinvestment_rate": -10.89,
            "research_to_sale_ratio": 0.61,
            "price_fair": 103.96,
            "eps_avg_yearly": 4.15,
            "eps_latest_yearly": 1.2,
            "eps_growth_yearly": 15.06
        },
        "20193": {
            "year_quarter": 20193,
            "year": 2019,
            "quarter": 3,
            "eps": 0.8,
            "eps_growth_year": -33.88,
            "eps_4q": 1.61,
            "eps_4q_growth_year": 166.76,
            "roe": 2.02,
            "roe_4q": 4.11,
            "gross_profit": 376545,
            "gross_margin": 8.7,
            "gross_margin_4q_avg": 8.2,
            "net_income": 316055,
            "net_income_4q": null,
            "revenue": 4326103,
            "revenue_4q": null,
            "common_shares": 3974954,
            "book_valuer_per_share": 39.4,
            "book_valuer_per_share_4q_avg": 39.19,
            "equity": 15663045,
            "current_ratio": 203.8,
            "debt_ratio": 32.16,
            "inventory_turnover_ratio": 1.32,
            "account_receivable_turnover_ratio": 1.19,
            "reinvestment_rate": -3.92,
            "research_to_sale_ratio": 0.59,
            "price_fair": 136.1,
            "eps_avg_yearly": 3.89,
            "eps_latest_yearly": 3.2,
            "eps_growth_yearly": 29.4
        },
        "20194": {
            "year_quarter": 20194,
            "year": 2019,
            "quarter": 4,
            "eps": 0.46,
            "eps_growth_year": 12.98,
            "eps_4q": 1.66,
            "eps_4q_growth_year": 304.64,
            "roe": 1.17,
            "roe_4q": 4.220000000000001,
            "gross_profit": 366421,
            "gross_margin": 8.41,
            "gross_margin_4q_avg": 8.1,
            "net_income": 183416,
            "net_income_4q": null,
            "revenue": 4357916,
            "revenue_4q": null,
            "common_shares": 3974954,
            "book_valuer_per_share": 39.59,
            "book_valuer_per_share_4q_avg": 39.37,
            "equity": 15737298,
            "current_ratio": 204.02,
            "debt_ratio": 31.89,
            "inventory_turnover_ratio": 1.3,
            "account_receivable_turnover_ratio": 1.2,
            "reinvestment_rate": -22.83,
            "research_to_sale_ratio": 0.51,
            "price_fair": 108.45,
            "eps_avg_yearly": 3.58,
            "eps_latest_yearly": 1.84,
            "eps_growth_yearly": 20.27
        },
        "20201": {
            "year_quarter": 20201,
            "year": 2020,
            "quarter": 1,
            "eps": 0.06,
            "eps_growth_year": -45.45,
            "eps_4q": 1.62,
            "eps_4q_growth_year": 1574.7,
            "roe": 0.16,
            "roe_4q": 4.109999999999999,
            "gross_profit": 275697,
            "gross_margin": 6.69,
            "gross_margin_4q_avg": 7.98,
            "net_income": 25070,
            "net_income_4q": null,
            "revenue": 4123608,
            "revenue_4q": null,
            "common_shares": 3974954,
            "book_valuer_per_share": 39.33,
            "book_valuer_per_share_4q_avg": 39.36,
            "equity": 15633721,
            "current_ratio": 200.87,
            "debt_ratio": 30.97,
            "inventory_turnover_ratio": 1.26,
            "account_receivable_turnover_ratio": 1.18,
            "reinvestment_rate": -27.87,
            "research_to_sale_ratio": 0.52,
            "price_fair": 9.41,
            "eps_avg_yearly": 3.14,
            "eps_latest_yearly": 0.24,
            "eps_growth_yearly": -6.26
        },
        "20202": {
            "year_quarter": 20202,
            "year": 2020,
            "quarter": 2,
            "eps": -0.27,
            "eps_growth_year": -190,
            "eps_4q": 1.05,
            "eps_4q_growth_year": -47.86,
            "roe": -0.7,
            "roe_4q": 2.65,
            "gross_profit": 63697,
            "gross_margin": 2.08,
            "gross_margin_4q_avg": 6.47,
            "net_income": -106664,
            "net_income_4q": null,
            "revenue": 3067571,
            "revenue_4q": null,
            "common_shares": 3974954,
            "book_valuer_per_share": 37.78,
            "book_valuer_per_share_4q_avg": 39.03,
            "equity": 15018487,
            "current_ratio": 204.63,
            "debt_ratio": 30.27,
            "inventory_turnover_ratio": 1.02,
            "account_receivable_turnover_ratio": 1.01,
            "reinvestment_rate": -32.02,
            "research_to_sale_ratio": 0.64,
            "price_fair": 8.72,
            "eps_avg_yearly": 2.91,
            "eps_latest_yearly": 0.24,
            "eps_growth_yearly": -5.03
        },
        "20203": {
            "year_quarter": 20203,
            "year": 2020,
            "quarter": 3,
            "eps": 0.07,
            "eps_growth_year": -91.25,
            "eps_4q": 0.33,
            "eps_4q_growth_year": -79.72,
            "roe": 0.18,
            "roe_4q": 0.8099999999999999,
            "gross_profit": 213181,
            "gross_margin": 5.5,
            "gross_margin_4q_avg": 5.67,
            "net_income": 27334,
            "net_income_4q": null,
            "revenue": 3875408,
            "revenue_4q": null,
            "common_shares": 3974954,
            "book_valuer_per_share": 37.98,
            "book_valuer_per_share_4q_avg": 38.67,
            "equity": 15096174,
            "current_ratio": 202.01,
            "debt_ratio": 30.25,
            "inventory_turnover_ratio": 1.3,
            "account_receivable_turnover_ratio": 1.34,
            "reinvestment_rate": -32.01,
            "research_to_sale_ratio": 0.52,
            "price_fair": 8,
            "eps_avg_yearly": 2.67,
            "eps_latest_yearly": 0.24,
            "eps_growth_yearly": -3.7
        },
        "20204": {
            "year_quarter": 20204,
            "year": 2020,
            "quarter": 4,
            "eps": 0.25,
            "eps_growth_year": -45.55,
            "eps_4q": 0.12,
            "eps_4q_growth_year": -93.02,
            "roe": 0.66,
            "roe_4q": 0.30000000000000016,
            "gross_profit": 317257,
            "gross_margin": 7.47,
            "gross_margin_4q_avg": 5.44,
            "net_income": 99962,
            "net_income_4q": null,
            "revenue": 4246698,
            "revenue_4q": null,
            "common_shares": 3974954,
            "book_valuer_per_share": 38.5,
            "book_valuer_per_share_4q_avg": 38.4,
            "equity": 15306104,
            "current_ratio": 191.34,
            "debt_ratio": 31.9,
            "inventory_turnover_ratio": 1.39,
            "account_receivable_turnover_ratio": 1.3,
            "reinvestment_rate": -44.4,
            "research_to_sale_ratio": 0.49,
            "price_fair": 76.88,
            "eps_avg_yearly": 2.2,
            "eps_latest_yearly": 1,
            "eps_growth_yearly": 77.18
        },
        "20211": {
            "year_quarter": 20211,
            "year": 2021,
            "quarter": 1,
            "eps": -0.14,
            "eps_growth_year": -333.33,
            "eps_4q": -0.08,
            "eps_4q_growth_year": -105.13,
            "roe": -0.35,
            "roe_4q": -0.2099999999999999,
            "gross_profit": 249912,
            "gross_margin": 5.86,
            "gross_margin_4q_avg": 5.23,
            "net_income": -53833,
            "net_income_4q": null,
            "revenue": 4266961,
            "revenue_4q": null,
            "common_shares": 3974954,
            "book_valuer_per_share": 38.34,
            "book_valuer_per_share_4q_avg": 38.15,
            "equity": 15242041,
            "current_ratio": 193.14,
            "debt_ratio": 32.5,
            "inventory_turnover_ratio": 1.31,
            "account_receivable_turnover_ratio": 1.2,
            "reinvestment_rate": -53.45,
            "research_to_sale_ratio": 1.73,
            "price_fair": 71.53,
            "eps_avg_yearly": 2.04,
            "eps_latest_yearly": 1,
            "eps_growth_yearly": 99.31
        },
        "20212": {
            "year_quarter": 20212,
            "year": 2021,
            "quarter": 2,
            "eps": 0.22,
            "eps_growth_year": null,
            "eps_4q": 0.41,
            "eps_4q_growth_year": -61.21,
            "roe": 0.58,
            "roe_4q": 1.07,
            "gross_profit": 353795,
            "gross_margin": 8.07,
            "gross_margin_4q_avg": 6.73,
            "net_income": 88882,
            "net_income_4q": null,
            "revenue": 4381593,
            "revenue_4q": null,
            "common_shares": 3974954,
            "book_valuer_per_share": 38.3,
            "book_valuer_per_share_4q_avg": 38.28,
            "equity": 15226739,
            "current_ratio": 198.94,
            "debt_ratio": 33.72,
            "inventory_turnover_ratio": 1.13,
            "account_receivable_turnover_ratio": 1.19,
            "reinvestment_rate": -62.59,
            "research_to_sale_ratio": 1.88,
            "price_fair": 64.96,
            "eps_avg_yearly": 1.86,
            "eps_latest_yearly": 1,
            "eps_growth_yearly": 108.83
        },
        "20213": {
            "year_quarter": 20213,
            "year": 2021,
            "quarter": 3,
            "eps": 0.8,
            "eps_growth_year": 1042.86,
            "eps_4q": 1.14,
            "eps_4q_growth_year": 249.14,
            "roe": 2.09,
            "roe_4q": 2.98,
            "gross_profit": 290674,
            "gross_margin": 6.06,
            "gross_margin_4q_avg": 6.87,
            "net_income": 317983,
            "net_income_4q": null,
            "revenue": 4796296,
            "revenue_4q": null,
            "common_shares": 3974954,
            "book_valuer_per_share": 38.36,
            "book_valuer_per_share_4q_avg": 38.38,
            "equity": 15249730,
            "current_ratio": 195.85,
            "debt_ratio": 34.67,
            "inventory_turnover_ratio": 1.09,
            "account_receivable_turnover_ratio": 1.24,
            "reinvestment_rate": -31.2,
            "research_to_sale_ratio": 1.59,
            "price_fair": 58.94,
            "eps_avg_yearly": 1.68,
            "eps_latest_yearly": 3.2,
            "eps_growth_yearly": 204.08
        },
        "20214": {
            "year_quarter": 20214,
            "year": 2021,
            "quarter": 4,
            "eps": -0.04,
            "eps_growth_year": -115.28,
            "eps_4q": 0.85,
            "eps_4q_growth_year": 632.43,
            "roe": -0.1,
            "roe_4q": 2.2199999999999998,
            "gross_profit": 239266,
            "gross_margin": 5.01,
            "gross_margin_4q_avg": 6.25,
            "net_income": -15332,
            "net_income_4q": null,
            "revenue": 4774430,
            "revenue_4q": null,
            "common_shares": 3974954,
            "book_valuer_per_share": 38.42,
            "book_valuer_per_share_4q_avg": 38.36,
            "equity": 15271837,
            "current_ratio": 203.89,
            "debt_ratio": 34.22,
            "inventory_turnover_ratio": 1.06,
            "account_receivable_turnover_ratio": 1.15,
            "reinvestment_rate": -32.33,
            "research_to_sale_ratio": 1.55,
            "price_fair": 56.16,
            "eps_avg_yearly": 1.6,
            "eps_latest_yearly": 3.2,
            "eps_growth_yearly": 249.52
        },
        "20221": {
            "year_quarter": 20221,
            "year": 2022,
            "quarter": 1,
            "eps": 0.01,
            "eps_growth_year": null,
            "eps_4q": 0.99,
            "eps_4q_growth_year": null,
            "roe": 0.02,
            "roe_4q": 2.59,
            "gross_profit": 180168,
            "gross_margin": 4.14,
            "gross_margin_4q_avg": 5.82,
            "net_income": 2761,
            "net_income_4q": null,
            "revenue": 4355824,
            "revenue_4q": null,
            "common_shares": 3974954,
            "book_valuer_per_share": 39.13,
            "book_valuer_per_share_4q_avg": 38.55,
            "equity": 15553805,
            "current_ratio": 227.56,
            "debt_ratio": 31.65,
            "inventory_turnover_ratio": 0.99,
            "account_receivable_turnover_ratio": 1.03,
            "reinvestment_rate": -35.32,
            "research_to_sale_ratio": 1.93,
            "price_fair": 55.83,
            "eps_avg_yearly": 1.6,
            "eps_latest_yearly": 3.2,
            "eps_growth_yearly": 295.72
        },
        "20222": {
            "year_quarter": 20222,
            "year": 2022,
            "quarter": 2,
            "eps": 0.3,
            "eps_growth_year": 36.36,
            "eps_4q": 1.07,
            "eps_4q_growth_year": 161.94,
            "roe": 0.77,
            "roe_4q": 2.78,
            "gross_profit": 345705,
            "gross_margin": 7.95,
            "gross_margin_4q_avg": 5.79,
            "net_income": 119770,
            "net_income_4q": null,
            "revenue": 4347230,
            "revenue_4q": null,
            "common_shares": 3974954,
            "book_valuer_per_share": 38.72,
            "book_valuer_per_share_4q_avg": 38.66,
            "equity": 15393146,
            "current_ratio": 213.91,
            "debt_ratio": 32.83,
            "inventory_turnover_ratio": 0.94,
            "account_receivable_turnover_ratio": 1.06,
            "reinvestment_rate": -0.11,
            "research_to_sale_ratio": 1.89,
            "price_fair": 54.29,
            "eps_avg_yearly": 1.55,
            "eps_latest_yearly": 1.2,
            "eps_growth_yearly": 1551.75
        },
        "20223": {
            "year_quarter": 20223,
            "year": 2022,
            "quarter": 3,
            "eps": 0.52,
            "eps_growth_year": -35,
            "eps_4q": 0.79,
            "eps_4q_growth_year": -30.81,
            "roe": 1.32,
            "roe_4q": 2.01,
            "gross_profit": 325799,
            "gross_margin": 7.63,
            "gross_margin_4q_avg": 6.18,
            "net_income": 205967,
            "net_income_4q": null,
            "revenue": 4267521,
            "revenue_4q": null,
            "common_shares": 3974954,
            "book_valuer_per_share": 39.52,
            "book_valuer_per_share_4q_avg": 38.95,
            "equity": 15709285,
            "current_ratio": 239.43,
            "debt_ratio": 30.21,
            "inventory_turnover_ratio": 0.9,
            "account_receivable_turnover_ratio": 1.04,
            "reinvestment_rate": -10.6,
            "research_to_sale_ratio": 1.77,
            "price_fair": 56.14,
            "eps_avg_yearly": 1.6,
            "eps_latest_yearly": 2.08,
            "eps_growth_yearly": 1425.91
        },
        "20224": {
            "year_quarter": 20224,
            "year": 2022,
            "quarter": 4,
            "eps": 0.42,
            "eps_growth_year": null,
            "eps_4q": 1.25,
            "eps_4q_growth_year": 47.02,
            "roe": 1.06,
            "roe_4q": 3.17,
            "gross_profit": 655455,
            "gross_margin": 14.11,
            "gross_margin_4q_avg": 8.46,
            "net_income": 167740,
            "net_income_4q": null,
            "revenue": 4643753,
            "revenue_4q": null,
            "common_shares": 3974954,
            "book_valuer_per_share": 39.88,
            "book_valuer_per_share_4q_avg": 39.31,
            "equity": 15853490,
            "current_ratio": 245.26,
            "debt_ratio": 29.79,
            "inventory_turnover_ratio": 0.95,
            "account_receivable_turnover_ratio": 1.14,
            "reinvestment_rate": -25.71,
            "research_to_sale_ratio": 1.72,
            "price_fair": 56.28,
            "eps_avg_yearly": 1.61,
            "eps_latest_yearly": 1.68,
            "eps_growth_yearly": 1444.66
        },
        "20231": {
            "year_quarter": 20231,
            "year": 2023,
            "quarter": 1,
            "eps": 0.11,
            "eps_growth_year": 1000,
            "eps_4q": 1.35,
            "eps_4q_growth_year": 35.84,
            "roe": 0.26,
            "roe_4q": 3.41,
            "gross_profit": 349928,
            "gross_margin": 8.81,
            "gross_margin_4q_avg": 9.63,
            "net_income": 41920,
            "net_income_4q": null,
            "revenue": 3970344,
            "revenue_4q": null,
            "common_shares": 3974954,
            "book_valuer_per_share": 40.07,
            "book_valuer_per_share_4q_avg": 39.55,
            "equity": 15929011,
            "current_ratio": 265.52,
            "debt_ratio": 28.17,
            "inventory_turnover_ratio": 0.95,
            "account_receivable_turnover_ratio": 1.08,
            "reinvestment_rate": -49.01,
            "research_to_sale_ratio": 1.95,
            "price_fair": 56.28,
            "eps_avg_yearly": 1.61,
            "eps_latest_yearly": 0.44,
            "eps_growth_yearly": 1444.4
        },
        "20232": {
            "year_quarter": 20232,
            "year": 2023,
            "quarter": 2,
            "eps": 0.41,
            "eps_growth_year": 36.67,
            "eps_4q": 1.46,
            "eps_4q_growth_year": 36.03,
            "roe": 1.03,
            "roe_4q": 3.67,
            "gross_profit": 433577,
            "gross_margin": 10.8,
            "gross_margin_4q_avg": 10.34,
            "net_income": 162689,
            "net_income_4q": null,
            "revenue": 4014165,
            "revenue_4q": null,
            "common_shares": 3974954,
            "book_valuer_per_share": 39.02,
            "book_valuer_per_share_4q_avg": 39.62,
            "equity": 15512071,
            "current_ratio": 264.18,
            "debt_ratio": 28.81,
            "inventory_turnover_ratio": 1.04,
            "account_receivable_turnover_ratio": 1.15,
            "reinvestment_rate": -67.5,
            "research_to_sale_ratio": 1.77,
            "price_fair": 57.82,
            "eps_avg_yearly": 1.65,
            "eps_latest_yearly": 1.64,
            "eps_growth_yearly": 1484.4
        },
        "20233": {
            "year_quarter": 20233,
            "year": 2023,
            "quarter": 3,
            "eps": 0.91,
            "eps_growth_year": 75,
            "eps_4q": 1.84,
            "eps_4q_growth_year": 133.75,
            "roe": 2.28,
            "roe_4q": 4.629999999999999,
            "gross_profit": 724343,
            "gross_margin": 16.38,
            "gross_margin_4q_avg": 12.53,
            "net_income": 359959,
            "net_income_4q": null,
            "revenue": 4421455,
            "revenue_4q": null,
            "common_shares": 3974954,
            "book_valuer_per_share": 40.52,
            "book_valuer_per_share_4q_avg": 39.87,
            "equity": 16105893,
            "current_ratio": 276.39,
            "debt_ratio": 28.09,
            "inventory_turnover_ratio": 1.12,
            "account_receivable_turnover_ratio": 1.19,
            "reinvestment_rate": -106.05,
            "research_to_sale_ratio": 1.86,
            "price_fair": 59.36,
            "eps_avg_yearly": 1.7,
            "eps_latest_yearly": 3.64,
            "eps_growth_yearly": 1466.52
        },
        "20234": {
            "year_quarter": 20234,
            "year": 2023,
            "quarter": 4,
            "eps": 0.5,
            "eps_growth_year": 18.09,
            "eps_4q": 1.92,
            "eps_4q_growth_year": 53.65,
            "roe": 1.23,
            "roe_4q": 4.8,
            "gross_profit": 681734,
            "gross_margin": 15.7,
            "gross_margin_4q_avg": 12.92,
            "net_income": 198185,
            "net_income_4q": null,
            "revenue": 4343451,
            "revenue_4q": null,
            "common_shares": 3974954,
            "book_valuer_per_share": 40.51,
            "book_valuer_per_share_4q_avg": 40.03,
            "equity": 16102457,
            "current_ratio": 250.6,
            "debt_ratio": 29.19,
            "inventory_turnover_ratio": 1.13,
            "account_receivable_turnover_ratio": 1.13,
            "reinvestment_rate": -118.31,
            "research_to_sale_ratio": 2.29,
            "price_fair": 59.92,
            "eps_avg_yearly": 1.71,
            "eps_latest_yearly": 2,
            "eps_growth_yearly": 1465.5
        }
    },
    "months": {
        "2001-06": {
            "month": "2001-06",
            "price": "29.24",
            "revenue": 387475
        },
        "2001-07": {
            "month": "2001-07",
            "price": "25.01",
            "revenue": 397627
        },
        "2001-08": {
            "month": "2001-08",
            "price": "26.79",
            "revenue": 469345
        },
        "2001-09": {
            "month": "2001-09",
            "price": "23.64",
            "revenue": 401597
        },
        "2001-10": {
            "month": "2001-10",
            "price": "23.26",
            "revenue": 424622
        },
        "2001-11": {
            "month": "2001-11",
            "price": "27.29",
            "revenue": 415056
        },
        "2001-12": {
            "month": "2001-12",
            "price": "39.24",
            "revenue": 336553
        },
        "2002-01": {
            "month": "2002-01",
            "price": "39.40",
            "revenue": 406681
        },
        "2002-02": {
            "month": "2002-02",
            "price": "38.12",
            "revenue": 304688
        },
        "2002-03": {
            "month": "2002-03",
            "price": "39.14",
            "revenue": 404368
        },
        "2002-04": {
            "month": "2002-04",
            "price": "44.34",
            "revenue": 424046
        },
        "2002-05": {
            "month": "2002-05",
            "price": "37.95",
            "revenue": 457273
        },
        "2002-06": {
            "month": "2002-06",
            "price": "34.51",
            "revenue": 401623
        },
        "2002-07": {
            "month": "2002-07",
            "price": "27.67",
            "revenue": 466262
        },
        "2002-08": {
            "month": "2002-08",
            "price": "28.47",
            "revenue": 432190
        },
        "2002-09": {
            "month": "2002-09",
            "price": "26.20",
            "revenue": 462195
        },
        "2002-10": {
            "month": "2002-10",
            "price": "25.94",
            "revenue": 481345
        },
        "2002-11": {
            "month": "2002-11",
            "price": "29.24",
            "revenue": 422386
        },
        "2002-12": {
            "month": "2002-12",
            "price": "27.39",
            "revenue": 418029
        },
        "2003-01": {
            "month": "2003-01",
            "price": "26.79",
            "revenue": 468234
        },
        "2003-02": {
            "month": "2003-02",
            "price": "24.57",
            "revenue": 403654
        },
        "2003-03": {
            "month": "2003-03",
            "price": "23.43",
            "revenue": 546231
        },
        "2003-04": {
            "month": "2003-04",
            "price": "23.22",
            "revenue": 525530
        },
        "2003-05": {
            "month": "2003-05",
            "price": "20.21",
            "revenue": 543394
        },
        "2003-06": {
            "month": "2003-06",
            "price": "24.14",
            "revenue": 544707
        },
        "2003-07": {
            "month": "2003-07",
            "price": "25.59",
            "revenue": 592455
        },
        "2003-08": {
            "month": "2003-08",
            "price": "22.17",
            "revenue": 624428
        },
        "2003-09": {
            "month": "2003-09",
            "price": "21.37",
            "revenue": 681708
        },
        "2003-10": {
            "month": "2003-10",
            "price": "21.65",
            "revenue": 655325
        },
        "2003-11": {
            "month": "2003-11",
            "price": "23.30",
            "revenue": 609861
        },
        "2003-12": {
            "month": "2003-12",
            "price": "22.43",
            "revenue": 622301
        },
        "2004-01": {
            "month": "2004-01",
            "price": "22.87",
            "revenue": 501750
        },
        "2004-02": {
            "month": "2004-02",
            "price": "24.64",
            "revenue": 662547
        },
        "2004-03": {
            "month": "2004-03",
            "price": "25.90",
            "revenue": 726880
        },
        "2004-04": {
            "month": "2004-04",
            "price": "25.64",
            "revenue": 727922
        },
        "2004-05": {
            "month": "2004-05",
            "price": "22.46",
            "revenue": 688350
        },
        "2004-06": {
            "month": "2004-06",
            "price": "21.55",
            "revenue": 654911
        },
        "2004-07": {
            "month": "2004-07",
            "price": "20.75",
            "revenue": 632726
        },
        "2004-08": {
            "month": "2004-08",
            "price": "19.67",
            "revenue": 618372
        },
        "2004-09": {
            "month": "2004-09",
            "price": "21.56",
            "revenue": 624185
        },
        "2004-10": {
            "month": "2004-10",
            "price": "20.02",
            "revenue": 642147
        },
        "2004-11": {
            "month": "2004-11",
            "price": "19.31",
            "revenue": 625472
        },
        "2004-12": {
            "month": "2004-12",
            "price": "19.01",
            "revenue": 558336
        },
        "2005-01": {
            "month": "2005-01",
            "price": "18.64",
            "revenue": 615094
        },
        "2005-02": {
            "month": "2005-02",
            "price": "19.85",
            "revenue": 499441
        },
        "2005-03": {
            "month": "2005-03",
            "price": "20.03",
            "revenue": 720054
        },
        "2005-04": {
            "month": "2005-04",
            "price": "18.75",
            "revenue": 666312
        },
        "2005-05": {
            "month": "2005-05",
            "price": "16.83",
            "revenue": 792578
        },
        "2005-06": {
            "month": "2005-06",
            "price": "18.05",
            "revenue": 666893
        },
        "2005-07": {
            "month": "2005-07",
            "price": "17.58",
            "revenue": 695196
        },
        "2005-08": {
            "month": "2005-08",
            "price": "16.72",
            "revenue": 734547
        },
        "2005-09": {
            "month": "2005-09",
            "price": "15.86",
            "revenue": 713370
        },
        "2005-10": {
            "month": "2005-10",
            "price": "15.93",
            "revenue": 853472
        },
        "2005-11": {
            "month": "2005-11",
            "price": "16.62",
            "revenue": 862871
        },
        "2005-12": {
            "month": "2005-12",
            "price": "20.08",
            "revenue": 830658
        },
        "2006-01": {
            "month": "2006-01",
            "price": "21.88",
            "revenue": 812992
        },
        "2006-02": {
            "month": "2006-02",
            "price": "21.30",
            "revenue": 737401
        },
        "2006-03": {
            "month": "2006-03",
            "price": "20.40",
            "revenue": 901951
        },
        "2006-04": {
            "month": "2006-04",
            "price": "22.37",
            "revenue": 816545
        },
        "2006-05": {
            "month": "2006-05",
            "price": "23.64",
            "revenue": 765282
        },
        "2006-06": {
            "month": "2006-06",
            "price": "21.64",
            "revenue": 836098
        },
        "2006-07": {
            "month": "2006-07",
            "price": "21.44",
            "revenue": 944946
        },
        "2006-08": {
            "month": "2006-08",
            "price": "20.58",
            "revenue": 971748
        },
        "2006-09": {
            "month": "2006-09",
            "price": "20.86",
            "revenue": 952491
        },
        "2006-10": {
            "month": "2006-10",
            "price": "21.30",
            "revenue": 908882
        },
        "2006-11": {
            "month": "2006-11",
            "price": "20.84",
            "revenue": 930209
        },
        "2006-12": {
            "month": "2006-12",
            "price": "21.78",
            "revenue": 845890
        },
        "2007-01": {
            "month": "2007-01",
            "price": "23.25",
            "revenue": 948240
        },
        "2007-02": {
            "month": "2007-02",
            "price": "23.58",
            "revenue": 759541
        },
        "2007-03": {
            "month": "2007-03",
            "price": "24.18",
            "revenue": 1044147
        },
        "2007-04": {
            "month": "2007-04",
            "price": "26.06",
            "revenue": 952734
        },
        "2007-05": {
            "month": "2007-05",
            "price": "27.52",
            "revenue": 999230
        },
        "2007-06": {
            "month": "2007-06",
            "price": "28.44",
            "revenue": 953034
        },
        "2007-07": {
            "month": "2007-07",
            "price": "29.95",
            "revenue": 944716
        },
        "2007-08": {
            "month": "2007-08",
            "price": "31.42",
            "revenue": 1022862
        },
        "2007-09": {
            "month": "2007-09",
            "price": "34.34",
            "revenue": 1021534
        },
        "2007-10": {
            "month": "2007-10",
            "price": "33.95",
            "revenue": 1114823
        },
        "2007-11": {
            "month": "2007-11",
            "price": "30.93",
            "revenue": 1087819
        },
        "2007-12": {
            "month": "2007-12",
            "price": "27.11",
            "revenue": 978278
        },
        "2008-01": {
            "month": "2008-01",
            "price": "26.01",
            "revenue": 1000242
        },
        "2008-02": {
            "month": "2008-02",
            "price": "25.86",
            "revenue": 734199
        },
        "2008-03": {
            "month": "2008-03",
            "price": "26.21",
            "revenue": 975014
        },
        "2008-04": {
            "month": "2008-04",
            "price": "26.68",
            "revenue": 935322
        },
        "2008-05": {
            "month": "2008-05",
            "price": "25.97",
            "revenue": 1007658
        },
        "2008-06": {
            "month": "2008-06",
            "price": "24.57",
            "revenue": 1021873
        },
        "2008-07": {
            "month": "2008-07",
            "price": "21.61",
            "revenue": 990415
        },
        "2008-08": {
            "month": "2008-08",
            "price": "18.30",
            "revenue": 958870
        },
        "2008-09": {
            "month": "2008-09",
            "price": "15.34",
            "revenue": 933650
        },
        "2008-10": {
            "month": "2008-10",
            "price": "13.05",
            "revenue": 905039
        },
        "2008-11": {
            "month": "2008-11",
            "price": "10.32",
            "revenue": 617780
        },
        "2008-12": {
            "month": "2008-12",
            "price": "10.11",
            "revenue": 555688
        },
        "2009-01": {
            "month": "2009-01",
            "price": "9.75",
            "revenue": 479048
        },
        "2009-02": {
            "month": "2009-02",
            "price": "10.04",
            "revenue": 587744
        },
        "2009-03": {
            "month": "2009-03",
            "price": "12.05",
            "revenue": 794302
        },
        "2009-04": {
            "month": "2009-04",
            "price": "13.66",
            "revenue": 771803
        },
        "2009-05": {
            "month": "2009-05",
            "price": "16.48",
            "revenue": 678284
        },
        "2009-06": {
            "month": "2009-06",
            "price": "14.75",
            "revenue": 789427
        },
        "2009-07": {
            "month": "2009-07",
            "price": "16.37",
            "revenue": 807284
        },
        "2009-08": {
            "month": "2009-08",
            "price": "18.80",
            "revenue": 936248
        },
        "2009-09": {
            "month": "2009-09",
            "price": "23.23",
            "revenue": 1069063
        },
        "2009-10": {
            "month": "2009-10",
            "price": "26.94",
            "revenue": 1162430
        },
        "2009-11": {
            "month": "2009-11",
            "price": "26.40",
            "revenue": 1055061
        },
        "2009-12": {
            "month": "2009-12",
            "price": "28.62",
            "revenue": 1084725
        },
        "2010-01": {
            "month": "2010-01",
            "price": "27.37",
            "revenue": 953050
        },
        "2010-02": {
            "month": "2010-02",
            "price": "25.12",
            "revenue": 694254
        },
        "2010-03": {
            "month": "2010-03",
            "price": "25.99",
            "revenue": 1098873
        },
        "2010-04": {
            "month": "2010-04",
            "price": "25.48",
            "revenue": 1117215
        },
        "2010-05": {
            "month": "2010-05",
            "price": "23.12",
            "revenue": 1110773
        },
        "2010-06": {
            "month": "2010-06",
            "price": "22.88",
            "revenue": 1210642
        },
        "2010-07": {
            "month": "2010-07",
            "price": "24.35",
            "revenue": 1166214
        },
        "2010-08": {
            "month": "2010-08",
            "price": "23.42",
            "revenue": 1255453
        },
        "2010-09": {
            "month": "2010-09",
            "price": "24.61",
            "revenue": 1176957
        },
        "2010-10": {
            "month": "2010-10",
            "price": "24.39",
            "revenue": 1148799
        },
        "2010-11": {
            "month": "2010-11",
            "price": "24.52",
            "revenue": 1033846
        },
        "2010-12": {
            "month": "2010-12",
            "price": "25.45",
            "revenue": 979655
        },
        "2011-01": {
            "month": "2011-01",
            "price": "25.28",
            "revenue": 1136470
        },
        "2011-02": {
            "month": "2011-02",
            "price": "25.16",
            "revenue": 910595
        },
        "2011-03": {
            "month": "2011-03",
            "price": "24.26",
            "revenue": 1157945
        },
        "2011-04": {
            "month": "2011-04",
            "price": "24.32",
            "revenue": 1026952
        },
        "2011-05": {
            "month": "2011-05",
            "price": "23.61",
            "revenue": 1075205
        },
        "2011-06": {
            "month": "2011-06",
            "price": "22.76",
            "revenue": 963005
        },
        "2011-07": {
            "month": "2011-07",
            "price": "22.39",
            "revenue": 1028925
        },
        "2011-08": {
            "month": "2011-08",
            "price": "19.01",
            "revenue": 1117237
        },
        "2011-09": {
            "month": "2011-09",
            "price": "18.10",
            "revenue": 1213854
        },
        "2011-10": {
            "month": "2011-10",
            "price": "19.04",
            "revenue": 1158454
        },
        "2011-11": {
            "month": "2011-11",
            "price": "19.52",
            "revenue": 1236465
        },
        "2011-12": {
            "month": "2011-12",
            "price": "19.54",
            "revenue": 1036897
        },
        "2012-01": {
            "month": "2012-01",
            "price": "20.15",
            "revenue": 1168568
        },
        "2012-02": {
            "month": "2012-02",
            "price": "23.58",
            "revenue": 1153460
        },
        "2012-03": {
            "month": "2012-03",
            "price": "26.54",
            "revenue": 1248508
        },
        "2012-04": {
            "month": "2012-04",
            "price": "26.67",
            "revenue": 1219197
        },
        "2012-05": {
            "month": "2012-05",
            "price": "26.88",
            "revenue": 1218615
        },
        "2012-06": {
            "month": "2012-06",
            "price": "27.05",
            "revenue": 1182810
        },
        "2012-07": {
            "month": "2012-07",
            "price": "30.18",
            "revenue": 1342004
        },
        "2012-08": {
            "month": "2012-08",
            "price": "34.98",
            "revenue": 1272300
        },
        "2012-09": {
            "month": "2012-09",
            "price": "35.47",
            "revenue": 1130742
        },
        "2012-10": {
            "month": "2012-10",
            "price": "32.09",
            "revenue": 1237949
        },
        "2012-11": {
            "month": "2012-11",
            "price": "32.01",
            "revenue": 1044247
        },
        "2012-12": {
            "month": "2012-12",
            "price": "32.00",
            "revenue": 920332
        },
        "2013-01": {
            "month": "2013-01",
            "price": "31.09",
            "revenue": 1622860
        },
        "2013-02": {
            "month": "2013-02",
            "price": "32.61",
            "revenue": 1252349
        },
        "2013-03": {
            "month": "2013-03",
            "price": "33.90",
            "revenue": 1668673
        },
        "2013-04": {
            "month": "2013-04",
            "price": "38.36",
            "revenue": 1691016
        },
        "2013-05": {
            "month": "2013-05",
            "price": "39.12",
            "revenue": 1643398
        },
        "2013-06": {
            "month": "2013-06",
            "price": "40.98",
            "revenue": 1471493
        },
        "2013-07": {
            "month": "2013-07",
            "price": "50.32",
            "revenue": 1713452
        },
        "2013-08": {
            "month": "2013-08",
            "price": "54.22",
            "revenue": 1667676
        },
        "2013-09": {
            "month": "2013-09",
            "price": "52.16",
            "revenue": 1669554
        },
        "2013-10": {
            "month": "2013-10",
            "price": "50.13",
            "revenue": 1711220
        },
        "2013-11": {
            "month": "2013-11",
            "price": "47.66",
            "revenue": 1561229
        },
        "2013-12": {
            "month": "2013-12",
            "price": "48.90",
            "revenue": 1664117
        },
        "2014-01": {
            "month": "2014-01",
            "price": "51.39",
            "revenue": 1762680
        },
        "2014-02": {
            "month": "2014-02",
            "price": "53.52",
            "revenue": 1579323
        },
        "2014-03": {
            "month": "2014-03",
            "price": "55.75",
            "revenue": 1851179
        },
        "2014-04": {
            "month": "2014-04",
            "price": "56.85",
            "revenue": 1795573
        },
        "2014-05": {
            "month": "2014-05",
            "price": "57.68",
            "revenue": 1735364
        },
        "2014-06": {
            "month": "2014-06",
            "price": "57.78",
            "revenue": 1744307
        },
        "2014-07": {
            "month": "2014-07",
            "price": "56.83",
            "revenue": 1771471
        },
        "2014-08": {
            "month": "2014-08",
            "price": "53.04",
            "revenue": 1659557
        },
        "2014-09": {
            "month": "2014-09",
            "price": "51.22",
            "revenue": 1846795
        },
        "2014-10": {
            "month": "2014-10",
            "price": "47.99",
            "revenue": 1975936
        },
        "2014-11": {
            "month": "2014-11",
            "price": "48.09",
            "revenue": 1710834
        },
        "2014-12": {
            "month": "2014-12",
            "price": "49.95",
            "revenue": 1823704
        },
        "2015-01": {
            "month": "2015-01",
            "price": "52.72",
            "revenue": 1939546
        },
        "2015-02": {
            "month": "2015-02",
            "price": "54.84",
            "revenue": 1528628
        },
        "2015-03": {
            "month": "2015-03",
            "price": "59.69",
            "revenue": 2023997
        },
        "2015-04": {
            "month": "2015-04",
            "price": "58.79",
            "revenue": 1810217
        },
        "2015-05": {
            "month": "2015-05",
            "price": "55.34",
            "revenue": 1734856
        },
        "2015-06": {
            "month": "2015-06",
            "price": "49.64",
            "revenue": 1997883
        },
        "2015-07": {
            "month": "2015-07",
            "price": "43.18",
            "revenue": 1981433
        },
        "2015-08": {
            "month": "2015-08",
            "price": "43.40",
            "revenue": 1965963
        },
        "2015-09": {
            "month": "2015-09",
            "price": "45.22",
            "revenue": 1974058
        },
        "2015-10": {
            "month": "2015-10",
            "price": "44.43",
            "revenue": 1905080
        },
        "2015-11": {
            "month": "2015-11",
            "price": "47.43",
            "revenue": 1863894
        },
        "2015-12": {
            "month": "2015-12",
            "price": "52.47",
            "revenue": 1877611
        },
        "2016-01": {
            "month": "2016-01",
            "price": "50.91",
            "revenue": 2015041
        },
        "2016-02": {
            "month": "2016-02",
            "price": "56.21",
            "revenue": 1833710
        },
        "2016-03": {
            "month": "2016-03",
            "price": "58.84",
            "revenue": 2226635
        },
        "2016-04": {
            "month": "2016-04",
            "price": "62.98",
            "revenue": 1907736
        },
        "2016-05": {
            "month": "2016-05",
            "price": "66.40",
            "revenue": 1944818
        },
        "2016-06": {
            "month": "2016-06",
            "price": "69.13",
            "revenue": 2051359
        },
        "2016-07": {
            "month": "2016-07",
            "price": "69.34",
            "revenue": 2134257
        },
        "2016-08": {
            "month": "2016-08",
            "price": "70.67",
            "revenue": 1987957
        },
        "2016-09": {
            "month": "2016-09",
            "price": "73.45",
            "revenue": 1853826
        },
        "2016-10": {
            "month": "2016-10",
            "price": "63.74",
            "revenue": 1865985
        },
        "2016-11": {
            "month": "2016-11",
            "price": "58.32",
            "revenue": 2101733
        },
        "2016-12": {
            "month": "2016-12",
            "price": "61.37",
            "revenue": 1995199
        },
        "2017-01": {
            "month": "2017-01",
            "price": "61.56",
            "revenue": 1877227
        },
        "2017-02": {
            "month": "2017-02",
            "price": "61.71",
            "revenue": 1886634
        },
        "2017-03": {
            "month": "2017-03",
            "price": "60.80",
            "revenue": 2225714
        },
        "2017-04": {
            "month": "2017-04",
            "price": "60.07",
            "revenue": 1949893
        },
        "2017-05": {
            "month": "2017-05",
            "price": "58.95",
            "revenue": 2102394
        },
        "2017-06": {
            "month": "2017-06",
            "price": "60.62",
            "revenue": 1943120
        },
        "2017-07": {
            "month": "2017-07",
            "price": "60.53",
            "revenue": 1989163
        },
        "2017-08": {
            "month": "2017-08",
            "price": "55.40",
            "revenue": 2063602
        },
        "2017-09": {
            "month": "2017-09",
            "price": "56.26",
            "revenue": 2063937
        },
        "2017-10": {
            "month": "2017-10",
            "price": "61.29",
            "revenue": 1974470
        },
        "2017-11": {
            "month": "2017-11",
            "price": "62.01",
            "revenue": 1840016
        },
        "2017-12": {
            "month": "2017-12",
            "price": "58.79",
            "revenue": 1712305
        },
        "2018-01": {
            "month": "2018-01",
            "price": "55.50",
            "revenue": 2085078
        },
        "2018-02": {
            "month": "2018-02",
            "price": "53.71",
            "revenue": 1567927
        },
        "2018-03": {
            "month": "2018-03",
            "price": "54.05",
            "revenue": 2023291
        },
        "2018-04": {
            "month": "2018-04",
            "price": "48.69",
            "revenue": 1870385
        },
        "2018-05": {
            "month": "2018-05",
            "price": "39.75",
            "revenue": 1666358
        },
        "2018-06": {
            "month": "2018-06",
            "price": "40.00",
            "revenue": 1526323
        },
        "2018-07": {
            "month": "2018-07",
            "price": "37.89",
            "revenue": 1764300
        },
        "2018-08": {
            "month": "2018-08",
            "price": "37.22",
            "revenue": 1695309
        },
        "2018-09": {
            "month": "2018-09",
            "price": "38.39",
            "revenue": 1566047
        },
        "2018-10": {
            "month": "2018-10",
            "price": "35.22",
            "revenue": 1559220
        },
        "2018-11": {
            "month": "2018-11",
            "price": "37.09",
            "revenue": 1583321
        },
        "2018-12": {
            "month": "2018-12",
            "price": "36.78",
            "revenue": 1298351
        },
        "2019-01": {
            "month": "2019-01",
            "price": "37.52",
            "revenue": 1872307
        },
        "2019-02": {
            "month": "2019-02",
            "price": "41.86",
            "revenue": 1265957
        },
        "2019-03": {
            "month": "2019-03",
            "price": "40.21",
            "revenue": 1521850
        },
        "2019-04": {
            "month": "2019-04",
            "price": "39.09",
            "revenue": 1552545
        },
        "2019-05": {
            "month": "2019-05",
            "price": "34.70",
            "revenue": 1600484
        },
        "2019-06": {
            "month": "2019-06",
            "price": "33.95",
            "revenue": 1364470
        },
        "2019-07": {
            "month": "2019-07",
            "price": "34.28",
            "revenue": 1510367
        },
        "2019-08": {
            "month": "2019-08",
            "price": "31.24",
            "revenue": 1378364
        },
        "2019-09": {
            "month": "2019-09",
            "price": "32.48",
            "revenue": 1434630
        },
        "2019-10": {
            "month": "2019-10",
            "price": "31.00",
            "revenue": 1541972
        },
        "2019-11": {
            "month": "2019-11",
            "price": "31.26",
            "revenue": 1451002
        },
        "2019-12": {
            "month": "2019-12",
            "price": "31.14",
            "revenue": 1376344
        },
        "2020-01": {
            "month": "2020-01",
            "price": "32.34",
            "revenue": 1392123
        },
        "2020-02": {
            "month": "2020-02",
            "price": "30.49",
            "revenue": 1314109
        },
        "2020-03": {
            "month": "2020-03",
            "price": "24.10",
            "revenue": 1419387
        },
        "2020-04": {
            "month": "2020-04",
            "price": "23.56",
            "revenue": 1002271
        },
        "2020-05": {
            "month": "2020-05",
            "price": "24.21",
            "revenue": 887945
        },
        "2020-06": {
            "month": "2020-06",
            "price": "26.11",
            "revenue": 1175354
        },
        "2020-07": {
            "month": "2020-07",
            "price": "26.57",
            "revenue": 1221604
        },
        "2020-08": {
            "month": "2020-08",
            "price": "25.87",
            "revenue": 1237063
        },
        "2020-09": {
            "month": "2020-09",
            "price": "26.76",
            "revenue": 1416913
        },
        "2020-10": {
            "month": "2020-10",
            "price": "29.71",
            "revenue": 1317858
        },
        "2020-11": {
            "month": "2020-11",
            "price": "30.04",
            "revenue": 1466530
        },
        "2020-12": {
            "month": "2020-12",
            "price": "30.55",
            "revenue": 1462786
        },
        "2021-01": {
            "month": "2021-01",
            "price": "35.62",
            "revenue": 1385584
        },
        "2021-02": {
            "month": "2021-02",
            "price": "33.47",
            "revenue": 1273464
        },
        "2021-03": {
            "month": "2021-03",
            "price": "33.32",
            "revenue": 1620374
        },
        "2021-04": {
            "month": "2021-04",
            "price": "34.86",
            "revenue": 1406327
        },
        "2021-05": {
            "month": "2021-05",
            "price": "28.56",
            "revenue": 1412390
        },
        "2021-06": {
            "month": "2021-06",
            "price": "30.90",
            "revenue": 1489295
        },
        "2021-07": {
            "month": "2021-07",
            "price": "33.36",
            "revenue": 1600679
        },
        "2021-08": {
            "month": "2021-08",
            "price": "31.30",
            "revenue": 1572073
        },
        "2021-09": {
            "month": "2021-09",
            "price": "30.64",
            "revenue": 1684864
        },
        "2021-10": {
            "month": "2021-10",
            "price": "28.57",
            "revenue": 1458146
        },
        "2021-11": {
            "month": "2021-11",
            "price": "31.34",
            "revenue": 1664083
        },
        "2021-12": {
            "month": "2021-12",
            "price": "36.23",
            "revenue": 1652046
        },
        "2022-01": {
            "month": "2022-01",
            "price": "37.30",
            "revenue": 1572583
        },
        "2022-02": {
            "month": "2022-02",
            "price": "36.30",
            "revenue": 1261676
        },
        "2022-03": {
            "month": "2022-03",
            "price": "34.27",
            "revenue": 1514208
        },
        "2022-04": {
            "month": "2022-04",
            "price": "31.25",
            "revenue": 1229610
        },
        "2022-05": {
            "month": "2022-05",
            "price": "30.45",
            "revenue": 1651311
        },
        "2022-06": {
            "month": "2022-06",
            "price": "30.54",
            "revenue": 1513636
        },
        "2022-07": {
            "month": "2022-07",
            "price": "27.86",
            "revenue": 1355517
        },
        "2022-08": {
            "month": "2022-08",
            "price": "29.57",
            "revenue": 1474478
        },
        "2022-09": {
            "month": "2022-09",
            "price": "29.14",
            "revenue": 1397346
        },
        "2022-10": {
            "month": "2022-10",
            "price": "27.72",
            "revenue": 1698652
        },
        "2022-11": {
            "month": "2022-11",
            "price": "30.02",
            "revenue": 1559410
        },
        "2022-12": {
            "month": "2022-12",
            "price": "30.20",
            "revenue": 1353633
        },
        "2023-01": {
            "month": "2023-01",
            "price": "29.17",
            "revenue": 1366447
        },
        "2023-02": {
            "month": "2023-02",
            "price": "30.07",
            "revenue": 1212201
        },
        "2023-03": {
            "month": "2023-03",
            "price": "30.35",
            "revenue": 1391696
        },
        "2023-04": {
            "month": "2023-04",
            "price": "32.38",
            "revenue": 1337460
        },
        "2023-05": {
            "month": "2023-05",
            "price": "31.03",
            "revenue": 1439090
        },
        "2023-06": {
            "month": "2023-06",
            "price": "32.00",
            "revenue": 1237615
        },
        "2023-07": {
            "month": "2023-07",
            "price": "34.15",
            "revenue": 1409949
        },
        "2023-08": {
            "month": "2023-08",
            "price": "35.40",
            "revenue": 1485917
        },
        "2023-09": {
            "month": "2023-09",
            "price": "38.92",
            "revenue": 1525589
        },
        "2023-10": {
            "month": "2023-10",
            "price": "37.60",
            "revenue": 1443797
        },
        "2023-11": {
            "month": "2023-11",
            "price": "42.81",
            "revenue": 1543072
        },
        "2023-12": {
            "month": "2023-12",
            "price": "51.50",
            "revenue": 1356379
        },
        "2024-01": {
            "month": "2024-01",
            "price": "45.10",
            "revenue": 1575516
        },
        "2024-02": {
            "month": "2024-02",
            "price": "49.71",
            "revenue": 1239472
        }
    }
}
