{
    "summary": {
        "stock_name": "英業達",
        "stock_id": "2356",
        "category": "電腦及週邊設備",
        "main_business": "筆記型電腦<br>伺服器",
        "website_url": "https://www.inventec.com/",
        "ceo": "蔡枝安",
        "pe_ratio": 34,
        "report_year_from": 2001,
        "report_year_to": 2023,
        "age": 23,
        "eps_negative_percentage": 0,
        "eps_growth_avg": {
            "last_all": 1.08,
            "last_2y": -17.33,
            "last_4y": -5.98,
            "last_8y": -3.81,
            "last_12y": 3.55,
            "last_16y": -1.1,
            "last_20y": 2.03,
            "at_2006_last_3y": 15.35,
            "at_2007_last_3y": 10.79,
            "at_2008_last_3y": 19.56,
            "at_2009_last_3y": 7.72,
            "at_2010_last_3y": -16.2,
            "at_2011_last_3y": -23.65,
            "at_2012_last_3y": -17.05,
            "at_2013_last_3y": 12.95,
            "at_2014_last_3y": 20.1,
            "at_2015_last_3y": 23.42,
            "at_2016_last_3y": 20.05,
            "at_2017_last_3y": -0.04,
            "at_2018_last_3y": -1.1,
            "at_2019_last_3y": 0.6,
            "at_2020_last_3y": 9.37,
            "at_2021_last_3y": 1.15,
            "at_2022_last_3y": 0.57,
            "at_2023_last_3y": -3.74,
            "at_2024_last_3y": -3.74,
            "at_2006_last_all": 8.48,
            "at_2007_last_all": 6.2,
            "at_2008_last_all": 3.74,
            "at_2009_last_all": 0.77,
            "at_2010_last_all": -2.49,
            "at_2011_last_all": -5.74,
            "at_2012_last_all": -3.82,
            "at_2013_last_all": 4.83,
            "at_2014_last_all": 4.46,
            "at_2015_last_all": 2.59,
            "at_2016_last_all": 2.55,
            "at_2017_last_all": 3.61,
            "at_2018_last_all": 3.15,
            "at_2019_last_all": 2.15,
            "at_2020_last_all": 3.98,
            "at_2021_last_all": 3.12,
            "at_2022_last_all": 2.66,
            "at_2023_last_all": 1.08,
            "at_2024_last_all": 1.08
        },
        "latest_eps": 1.54,
        "latest_price": 52.8,
        "latest_roe": 9.25,
        "latest_gross_margin": 5.21,
        "latest_equity": 59852453,
        "latest_revenue": 135840675,
        "latest_gross_profit": 7083255,
        "latest_net_income": 1841088,
        "latest_debt_ratio": 76.37,
        "latest_current_ratio": 112.42,
        "latest_account_receivable_turnover_ratio": 1.34,
        "latest_inventory_turnover_ratio": 2.5,
        "latest_reinvestment_rate": 0.87,
        "latest_research_to_sale_ratio": 2.19
    },
    "eps_dividends": {
        "1997": {
            "cash": 0,
            "stock": 12,
            "eps": 0
        },
        "1998": {
            "cash": 0,
            "stock": 6.19,
            "eps": 0
        },
        "1999": {
            "cash": 0,
            "stock": 3.2,
            "eps": 0
        },
        "2000": {
            "cash": 0.5,
            "stock": 2,
            "eps": 0
        },
        "2001": {
            "cash": 0,
            "stock": 0,
            "eps": 2.37
        },
        "2002": {
            "cash": 1,
            "stock": 1,
            "eps": 1.92
        },
        "2003": {
            "cash": 0.5,
            "stock": 1,
            "eps": 2.17
        },
        "2004": {
            "cash": 1.2,
            "stock": 0.5,
            "eps": 1.17
        },
        "2005": {
            "cash": 0.7,
            "stock": 0.3,
            "eps": 1.49
        },
        "2006": {
            "cash": 0.8,
            "stock": 0.4,
            "eps": 2.49
        },
        "2007": {
            "cash": 1.5,
            "stock": 0.5,
            "eps": 2.36
        },
        "2008": {
            "cash": 1.3,
            "stock": 0.5,
            "eps": 2.1
        },
        "2009": {
            "cash": 1,
            "stock": 1,
            "eps": 1.68
        },
        "2010": {
            "cash": 1,
            "stock": 0.5,
            "eps": 1.2
        },
        "2011": {
            "cash": 1.3,
            "stock": 0.35,
            "eps": 0.78
        },
        "2012": {
            "cash": 0,
            "stock": 0,
            "eps": 0.9
        },
        "2013": {
            "cash": 0.8,
            "stock": 0,
            "eps": 1.98
        },
        "2014": {
            "cash": 1.6,
            "stock": 0,
            "eps": 1.98
        },
        "2015": {
            "cash": 1.75,
            "stock": 0,
            "eps": 1.55
        },
        "2016": {
            "cash": 1.4,
            "stock": 0,
            "eps": 1.58
        },
        "2017": {
            "cash": 1.45,
            "stock": 0,
            "eps": 1.89
        },
        "2018": {
            "cash": 1.65,
            "stock": 0,
            "eps": 1.81
        },
        "2019": {
            "cash": 1.5,
            "stock": 0,
            "eps": 1.54
        },
        "2020": {
            "cash": 1.3,
            "stock": 0,
            "eps": 2.11
        },
        "2021": {
            "cash": 1.85,
            "stock": 0,
            "eps": 1.83
        },
        "2022": {
            "cash": 1.4,
            "stock": 0,
            "eps": 1.71
        },
        "2023": {
            "cash": 3,
            "stock": 0,
            "eps": 1.16
        }
    },
    "dividends": {
        "1997-04-24": {
            "cash": 0,
            "stock": 12
        },
        "1998-04-28": {
            "cash": 0,
            "stock": 6.19
        },
        "1999-04-29": {
            "cash": 0,
            "stock": 3.2
        },
        "2000-04-24": {
            "cash": 0.5,
            "stock": 2
        },
        "2002-05-30": {
            "cash": 1,
            "stock": 1
        },
        "2003-02-25": {
            "cash": 0.5,
            "stock": 1
        },
        "2004-02-24": {
            "cash": 1.2,
            "stock": 0.5
        },
        "2005-03-22": {
            "cash": 0.7,
            "stock": 0.3
        },
        "2006-04-25": {
            "cash": 0.8,
            "stock": 0.4
        },
        "2007-04-24": {
            "cash": 1.5,
            "stock": 0.5
        },
        "2008-04-29": {
            "cash": 1.3,
            "stock": 0.5
        },
        "2009-04-28": {
            "cash": 1,
            "stock": 1
        },
        "2010-04-27": {
            "cash": 1,
            "stock": 0.5
        },
        "2011-01-01": {
            "cash": 0.3,
            "stock": 0.35
        },
        "2011-03-22": {
            "cash": 1,
            "stock": 0
        },
        "2013-04-23": {
            "cash": 0.8,
            "stock": 0
        },
        "2014-06-12": {
            "cash": 1.6,
            "stock": 0
        },
        "2015-08-13": {
            "cash": 1.75,
            "stock": 0
        },
        "2016-08-12": {
            "cash": 1.4,
            "stock": 0
        },
        "2017-08-10": {
            "cash": 1.45,
            "stock": 0
        },
        "2018-08-10": {
            "cash": 1.65,
            "stock": 0
        },
        "2019-08-08": {
            "cash": 1.5,
            "stock": 0
        },
        "2020-08-11": {
            "cash": 1.3,
            "stock": 0
        },
        "2021-08-11": {
            "cash": 1.85,
            "stock": 0
        },
        "2022-08-11": {
            "cash": 1.4,
            "stock": 0
        },
        "2023-03-14": {
            "cash": 1.5,
            "stock": 0
        },
        "2023-08-11": {
            "cash": 1.5,
            "stock": 0
        }
    },
    "prices": {
        "200101": "33.49",
        "200102": "37.32",
        "200103": "40.84",
        "200104": "41.04",
        "200105": "34.52",
        "200106": "30.76",
        "200107": "23.01",
        "200108": "21.78",
        "200109": "17.03",
        "200110": "16.44",
        "200111": "18.48",
        "200112": "24.35",
        "200201": "30.11",
        "200202": "31.48",
        "200203": "32.25",
        "200204": "33.32",
        "200205": "30.07",
        "200206": "29.64",
        "200207": "24.67",
        "200208": "23.66",
        "200209": "23.18",
        "200210": "21.55",
        "200211": "21.47",
        "200212": "21.31",
        "200301": "21.12",
        "200302": "20.29",
        "200303": "20.52",
        "200304": "22.21",
        "200305": "20.15",
        "200306": "21.86",
        "200307": "22.40",
        "200308": "21.11",
        "200309": "22.24",
        "200310": "22.05",
        "200311": "21.46",
        "200312": "20.13",
        "200401": "20.40",
        "200402": "21.04",
        "200403": "21.33",
        "200404": "22.64",
        "200405": "20.50",
        "200406": "21.03",
        "200407": "17.94",
        "200408": "17.71",
        "200409": "17.28",
        "200410": "16.52",
        "200411": "15.96",
        "200412": "15.76",
        "200501": "15.94",
        "200502": "16.43",
        "200503": "15.58",
        "200504": "14.33",
        "200505": "14.05",
        "200506": "14.74",
        "200507": "14.48",
        "200508": "14.55",
        "200509": "15.71",
        "200510": "16.70",
        "200511": "16.58",
        "200512": "21.01",
        "200601": "22.13",
        "200602": "21.93",
        "200603": "18.77",
        "200604": "19.68",
        "200605": "22.57",
        "200606": "19.89",
        "200607": "19.71",
        "200608": "19.55",
        "200609": "20.74",
        "200610": "21.49",
        "200611": "25.48",
        "200612": "27.65",
        "200701": "27.86",
        "200702": "26.89",
        "200703": "25.52",
        "200704": "25.60",
        "200705": "24.11",
        "200706": "24.61",
        "200707": "24.80",
        "200708": "20.96",
        "200709": "20.16",
        "200710": "20.12",
        "200711": "18.97",
        "200712": "17.64",
        "200801": "17.23",
        "200802": "17.58",
        "200803": "18.32",
        "200804": "19.05",
        "200805": "19.49",
        "200806": "18.33",
        "200807": "16.08",
        "200808": "17.53",
        "200809": "16.57",
        "200810": "13.09",
        "200811": "9.16",
        "200812": "9.02",
        "200901": "9.18",
        "200902": "9.66",
        "200903": "12.29",
        "200904": "14.93",
        "200905": "19.65",
        "200906": "19.19",
        "200907": "19.58",
        "200908": "18.52",
        "200909": "18.72",
        "200910": "19.53",
        "200911": "18.45",
        "200912": "18.72",
        "201001": "19.28",
        "201002": "17.64",
        "201003": "17.98",
        "201004": "18.26",
        "201005": "17.37",
        "201006": "17.43",
        "201007": "17.55",
        "201008": "16.70",
        "201009": "15.99",
        "201010": "16.03",
        "201011": "15.78",
        "201012": "16.41",
        "201101": "16.59",
        "201102": "15.76",
        "201103": "15.03",
        "201104": "15.29",
        "201105": "15.03",
        "201106": "15.23",
        "201107": "14.41",
        "201108": "12.25",
        "201109": "10.89",
        "201110": "11.45",
        "201111": "10.62",
        "201112": "10.79",
        "201201": "11.67",
        "201202": "12.93",
        "201203": "13.74",
        "201204": "12.17",
        "201205": "10.24",
        "201206": "9.63",
        "201207": "9.31",
        "201208": "9.77",
        "201209": "10.77",
        "201210": "10.82",
        "201211": "10.07",
        "201212": "11.04",
        "201301": "11.68",
        "201302": "11.86",
        "201303": "11.30",
        "201304": "11.20",
        "201305": "13.04",
        "201306": "14.80",
        "201307": "19.67",
        "201308": "21.54",
        "201309": "27.28",
        "201310": "27.29",
        "201311": "23.36",
        "201312": "24.70",
        "201401": "27.21",
        "201402": "29.35",
        "201403": "30.22",
        "201404": "28.87",
        "201405": "27.19",
        "201406": "28.32",
        "201407": "28.48",
        "201408": "23.64",
        "201409": "21.59",
        "201410": "20.73",
        "201411": "20.76",
        "201412": "21.08",
        "201501": "22.68",
        "201502": "23.45",
        "201503": "23.55",
        "201504": "21.90",
        "201505": "21.84",
        "201506": "21.16",
        "201507": "19.44",
        "201508": "15.80",
        "201509": "15.98",
        "201510": "17.83",
        "201511": "18.80",
        "201512": "20.26",
        "201601": "22.76",
        "201602": "24.18",
        "201603": "22.77",
        "201604": "21.19",
        "201605": "20.84",
        "201606": "22.57",
        "201607": "24.25",
        "201608": "23.81",
        "201609": "24.11",
        "201610": "25.58",
        "201611": "23.01",
        "201612": "21.51",
        "201701": "23.15",
        "201702": "23.23",
        "201703": "22.95",
        "201704": "21.91",
        "201705": "22.98",
        "201706": "24.13",
        "201707": "24.88",
        "201708": "24.14",
        "201709": "23.51",
        "201710": "23.40",
        "201711": "22.93",
        "201712": "23.12",
        "201801": "23.86",
        "201802": "23.16",
        "201803": "23.12",
        "201804": "22.72",
        "201805": "23.17",
        "201806": "24.41",
        "201807": "23.95",
        "201808": "25.68",
        "201809": "27.12",
        "201810": "25.01",
        "201811": "23.58",
        "201812": "21.97",
        "201901": "22.68",
        "201902": "23.50",
        "201903": "23.82",
        "201904": "24.39",
        "201905": "23.70",
        "201906": "23.87",
        "201907": "24.16",
        "201908": "21.59",
        "201909": "21.73",
        "201910": "21.85",
        "201911": "22.87",
        "201912": "23.08",
        "202001": "22.95",
        "202002": "23.02",
        "202003": "21.66",
        "202004": "23.37",
        "202005": "23.67",
        "202006": "25.57",
        "202007": "25.94",
        "202008": "23.60",
        "202009": "22.67",
        "202010": "21.98",
        "202011": "22.81",
        "202012": "23.91",
        "202101": "23.58",
        "202102": "23.83",
        "202103": "26.18",
        "202104": "27.16",
        "202105": "25.80",
        "202106": "25.72",
        "202107": "25.25",
        "202108": "23.80",
        "202109": "25.02",
        "202110": "26.44",
        "202111": "26.32",
        "202112": "25.33",
        "202201": "25.17",
        "202202": "25.66",
        "202203": "25.11",
        "202204": "25.08",
        "202205": "25.80",
        "202206": "25.38",
        "202207": "23.48",
        "202208": "23.97",
        "202209": "22.96",
        "202210": "23.17",
        "202211": "24.35",
        "202212": "25.23",
        "202301": "25.98",
        "202302": "26.08",
        "202303": "28.72",
        "202304": "32.44",
        "202305": "32.66",
        "202306": "40.82",
        "202307": "57.39",
        "202308": "57.83",
        "202309": "51.42",
        "202310": "46.06",
        "202311": "42.31",
        "202312": "46.84"
    },
    "quarters": {
        "20011": {
            "year_quarter": 20011,
            "year": 2001,
            "quarter": 1,
            "eps": 0.57,
            "eps_growth_year": 14,
            "eps_4q": 2.93,
            "eps_4q_growth_year": 15.78,
            "roe": 3.63,
            "roe_4q": 3.63,
            "gross_profit": 1428357,
            "gross_margin": 7.6,
            "gross_margin_4q_avg": 7.6,
            "net_income": 790549,
            "net_income_4q": null,
            "revenue": 18793997,
            "revenue_4q": null,
            "common_shares": 13758600,
            "book_valuer_per_share": 15.88,
            "book_valuer_per_share_4q_avg": 15.88,
            "equity": 21854432,
            "current_ratio": 192.91,
            "debt_ratio": 40.64,
            "inventory_turnover_ratio": 3.07,
            "account_receivable_turnover_ratio": null,
            "reinvestment_rate": null,
            "research_to_sale_ratio": null,
            "price_fair": 0,
            "eps_avg_yearly": 0,
            "eps_latest_yearly": 0,
            "eps_growth_yearly": 0
        },
        "20012": {
            "year_quarter": 20012,
            "year": 2001,
            "quarter": 2,
            "eps": 0.7,
            "eps_growth_year": -10.26,
            "eps_4q": 2.5,
            "eps_4q_growth_year": -0.09,
            "roe": 5.28,
            "roe_4q": 8.91,
            "gross_profit": 1039178,
            "gross_margin": 6.83,
            "gross_margin_4q_avg": 7.22,
            "net_income": 1161354,
            "net_income_4q": null,
            "revenue": 15204210,
            "revenue_4q": null,
            "common_shares": 16607000,
            "book_valuer_per_share": 13.35,
            "book_valuer_per_share_4q_avg": 14.62,
            "equity": 22163645,
            "current_ratio": 208.37,
            "debt_ratio": 37.43,
            "inventory_turnover_ratio": 4.36,
            "account_receivable_turnover_ratio": null,
            "reinvestment_rate": null,
            "research_to_sale_ratio": null,
            "price_fair": 0,
            "eps_avg_yearly": 0,
            "eps_latest_yearly": 0,
            "eps_growth_yearly": 0
        },
        "20013": {
            "year_quarter": 20013,
            "year": 2001,
            "quarter": 3,
            "eps": 0.5,
            "eps_growth_year": -12.28,
            "eps_4q": 2.53,
            "eps_4q_growth_year": 4.71,
            "roe": 3.67,
            "roe_4q": 12.579999999999998,
            "gross_profit": 1015917,
            "gross_margin": 7.03,
            "gross_margin_4q_avg": 7.15,
            "net_income": 828788,
            "net_income_4q": null,
            "revenue": 14444077,
            "revenue_4q": null,
            "common_shares": 16607000,
            "book_valuer_per_share": 13.84,
            "book_valuer_per_share_4q_avg": 14.36,
            "equity": 22990723,
            "current_ratio": 222.28,
            "debt_ratio": 35,
            "inventory_turnover_ratio": 4.83,
            "account_receivable_turnover_ratio": null,
            "reinvestment_rate": null,
            "research_to_sale_ratio": null,
            "price_fair": 0,
            "eps_avg_yearly": 0,
            "eps_latest_yearly": 0,
            "eps_growth_yearly": 0
        },
        "20014": {
            "year_quarter": 20014,
            "year": 2001,
            "quarter": 4,
            "eps": 0.6,
            "eps_growth_year": -41.75,
            "eps_4q": 2.27,
            "eps_4q_growth_year": -18.74,
            "roe": 4.17,
            "roe_4q": 16.75,
            "gross_profit": 1177031,
            "gross_margin": 8.49,
            "gross_margin_4q_avg": 7.49,
            "net_income": 996529,
            "net_income_4q": null,
            "revenue": 13855828,
            "revenue_4q": null,
            "common_shares": 16607000,
            "book_valuer_per_share": 14.47,
            "book_valuer_per_share_4q_avg": 14.39,
            "equity": 24814400,
            "current_ratio": 216.37,
            "debt_ratio": 37.88,
            "inventory_turnover_ratio": 3.79,
            "account_receivable_turnover_ratio": null,
            "reinvestment_rate": null,
            "research_to_sale_ratio": null,
            "price_fair": 0,
            "eps_avg_yearly": 0,
            "eps_latest_yearly": 0,
            "eps_growth_yearly": 0
        },
        "20021": {
            "year_quarter": 20021,
            "year": 2002,
            "quarter": 1,
            "eps": 0.5,
            "eps_growth_year": -12.28,
            "eps_4q": 2.29,
            "eps_4q_growth_year": -21.91,
            "roe": 3.36,
            "roe_4q": 16.48,
            "gross_profit": 1363213,
            "gross_margin": 8.85,
            "gross_margin_4q_avg": 7.8,
            "net_income": 836229,
            "net_income_4q": null,
            "revenue": 15395144,
            "revenue_4q": null,
            "common_shares": 16607000,
            "book_valuer_per_share": 14.99,
            "book_valuer_per_share_4q_avg": 14.16,
            "equity": 24886789,
            "current_ratio": 224.14,
            "debt_ratio": 35.09,
            "inventory_turnover_ratio": 3.88,
            "account_receivable_turnover_ratio": null,
            "reinvestment_rate": null,
            "research_to_sale_ratio": null,
            "price_fair": 6,
            "eps_avg_yearly": 2,
            "eps_latest_yearly": 2,
            "eps_growth_yearly": -66.67
        },
        "20022": {
            "year_quarter": 20022,
            "year": 2002,
            "quarter": 2,
            "eps": 0.51,
            "eps_growth_year": -27.14,
            "eps_4q": 2.1,
            "eps_4q_growth_year": -15.88,
            "roe": 3.43,
            "roe_4q": 14.63,
            "gross_profit": 1596020,
            "gross_margin": 8.74,
            "gross_margin_4q_avg": 8.28,
            "net_income": 852189,
            "net_income_4q": null,
            "revenue": 18258678,
            "revenue_4q": null,
            "common_shares": 16607000,
            "book_valuer_per_share": 14.9,
            "book_valuer_per_share_4q_avg": 14.55,
            "equity": 24751645,
            "current_ratio": 196.51,
            "debt_ratio": 36.76,
            "inventory_turnover_ratio": 5.59,
            "account_receivable_turnover_ratio": null,
            "reinvestment_rate": null,
            "research_to_sale_ratio": null,
            "price_fair": 6.06,
            "eps_avg_yearly": 2.02,
            "eps_latest_yearly": 2.04,
            "eps_growth_yearly": -29.33
        },
        "20023": {
            "year_quarter": 20023,
            "year": 2002,
            "quarter": 3,
            "eps": 0.42,
            "eps_growth_year": -16,
            "eps_4q": 1.9,
            "eps_4q_growth_year": -25.03,
            "roe": 3.09,
            "roe_4q": 14.049999999999999,
            "gross_profit": 972830,
            "gross_margin": 6.36,
            "gross_margin_4q_avg": 8.11,
            "net_income": 763829,
            "net_income_4q": null,
            "revenue": 15303285,
            "revenue_4q": null,
            "common_shares": 18350000,
            "book_valuer_per_share": 13.43,
            "book_valuer_per_share_4q_avg": 14.45,
            "equity": 24641838,
            "current_ratio": 191.3,
            "debt_ratio": 37.6,
            "inventory_turnover_ratio": 5.19,
            "account_receivable_turnover_ratio": null,
            "reinvestment_rate": null,
            "research_to_sale_ratio": null,
            "price_fair": 5.72,
            "eps_avg_yearly": 1.91,
            "eps_latest_yearly": 1.68,
            "eps_growth_yearly": -43.08
        },
        "20024": {
            "year_quarter": 20024,
            "year": 2002,
            "quarter": 4,
            "eps": 0.49,
            "eps_growth_year": -18.33,
            "eps_4q": 1.83,
            "eps_4q_growth_year": -19.6,
            "roe": 3.51,
            "roe_4q": 13.389999999999999,
            "gross_profit": 1806577,
            "gross_margin": 9.34,
            "gross_margin_4q_avg": 8.32,
            "net_income": 897684,
            "net_income_4q": null,
            "revenue": 19342809,
            "revenue_4q": null,
            "common_shares": 18350000,
            "book_valuer_per_share": 13.92,
            "book_valuer_per_share_4q_avg": 14.31,
            "equity": 26508674,
            "current_ratio": 176.62,
            "debt_ratio": 44.69,
            "inventory_turnover_ratio": 4.01,
            "account_receivable_turnover_ratio": null,
            "reinvestment_rate": 10.97,
            "research_to_sale_ratio": null,
            "price_fair": 5.76,
            "eps_avg_yearly": 1.92,
            "eps_latest_yearly": 1.96,
            "eps_growth_yearly": -15.65
        },
        "20031": {
            "year_quarter": 20031,
            "year": 2003,
            "quarter": 1,
            "eps": 0.23,
            "eps_growth_year": -54,
            "eps_4q": 1.58,
            "eps_4q_growth_year": -30.96,
            "roe": 1.64,
            "roe_4q": 11.669999999999998,
            "gross_profit": 1287674,
            "gross_margin": 6.78,
            "gross_margin_4q_avg": 7.81,
            "net_income": 428874,
            "net_income_4q": null,
            "revenue": 19002426,
            "revenue_4q": null,
            "common_shares": 18350000,
            "book_valuer_per_share": 14.12,
            "book_valuer_per_share_4q_avg": 14.09,
            "equity": 25914657,
            "current_ratio": 157.8,
            "debt_ratio": 45.95,
            "inventory_turnover_ratio": 4.16,
            "account_receivable_turnover_ratio": null,
            "reinvestment_rate": -9.77,
            "research_to_sale_ratio": null,
            "price_fair": 5.16,
            "eps_avg_yearly": 1.72,
            "eps_latest_yearly": 0.92,
            "eps_growth_yearly": -54.97
        },
        "20032": {
            "year_quarter": 20032,
            "year": 2003,
            "quarter": 2,
            "eps": 0.56,
            "eps_growth_year": 9.8,
            "eps_4q": 1.7,
            "eps_4q_growth_year": -19.1,
            "roe": 3.97,
            "roe_4q": 12.21,
            "gross_profit": 1556849,
            "gross_margin": 8.05,
            "gross_margin_4q_avg": 7.63,
            "net_income": 1025796,
            "net_income_4q": null,
            "revenue": 19329918,
            "revenue_4q": null,
            "common_shares": 18350000,
            "book_valuer_per_share": 14.05,
            "book_valuer_per_share_4q_avg": 13.88,
            "equity": 25789914,
            "current_ratio": 177.71,
            "debt_ratio": 38.26,
            "inventory_turnover_ratio": 8.22,
            "account_receivable_turnover_ratio": null,
            "reinvestment_rate": -12.08,
            "research_to_sale_ratio": null,
            "price_fair": 63.23,
            "eps_avg_yearly": 1.81,
            "eps_latest_yearly": 2.24,
            "eps_growth_yearly": 49.85
        },
        "20033": {
            "year_quarter": 20033,
            "year": 2003,
            "quarter": 3,
            "eps": 0.79,
            "eps_growth_year": 88.1,
            "eps_4q": 1.95,
            "eps_4q_growth_year": 2.75,
            "roe": 6.04,
            "roe_4q": 15.16,
            "gross_profit": 1352175,
            "gross_margin": 7.06,
            "gross_margin_4q_avg": 7.81,
            "net_income": 1604108,
            "net_income_4q": null,
            "revenue": 19150040,
            "revenue_4q": null,
            "common_shares": 20260000,
            "book_valuer_per_share": 13.49,
            "book_valuer_per_share_4q_avg": 13.9,
            "equity": 27332438,
            "current_ratio": 187.51,
            "debt_ratio": 40,
            "inventory_turnover_ratio": 9.96,
            "account_receivable_turnover_ratio": null,
            "reinvestment_rate": -12.67,
            "research_to_sale_ratio": null,
            "price_fair": 70,
            "eps_avg_yearly": 2,
            "eps_latest_yearly": 3.16,
            "eps_growth_yearly": 66.2
        },
        "20034": {
            "year_quarter": 20034,
            "year": 2003,
            "quarter": 4,
            "eps": 0.59,
            "eps_growth_year": 20.41,
            "eps_4q": 2.11,
            "eps_4q_growth_year": 15.24,
            "roe": 4.26,
            "roe_4q": 15.910000000000002,
            "gross_profit": 1528474,
            "gross_margin": 6.34,
            "gross_margin_4q_avg": 7.06,
            "net_income": 1189422,
            "net_income_4q": null,
            "revenue": 24095693,
            "revenue_4q": null,
            "common_shares": 20260000,
            "book_valuer_per_share": 14.07,
            "book_valuer_per_share_4q_avg": 13.93,
            "equity": 28510336,
            "current_ratio": 164.65,
            "debt_ratio": 45.3,
            "inventory_turnover_ratio": 4.75,
            "account_receivable_turnover_ratio": null,
            "reinvestment_rate": 0.34,
            "research_to_sale_ratio": null,
            "price_fair": 71.58,
            "eps_avg_yearly": 2.05,
            "eps_latest_yearly": 2.36,
            "eps_growth_yearly": 45.26
        },
        "20041": {
            "year_quarter": 20041,
            "year": 2004,
            "quarter": 1,
            "eps": 0.23,
            "eps_growth_year": 0,
            "eps_4q": 2.13,
            "eps_4q_growth_year": 34.93,
            "roe": 1.61,
            "roe_4q": 15.88,
            "gross_profit": 1615192,
            "gross_margin": 5.84,
            "gross_margin_4q_avg": 6.82,
            "net_income": 462527,
            "net_income_4q": null,
            "revenue": 27664422,
            "revenue_4q": null,
            "common_shares": 20260000,
            "book_valuer_per_share": 14.26,
            "book_valuer_per_share_4q_avg": 13.97,
            "equity": 28898101,
            "current_ratio": 139.57,
            "debt_ratio": 58.05,
            "inventory_turnover_ratio": 5.43,
            "account_receivable_turnover_ratio": null,
            "reinvestment_rate": -12.82,
            "research_to_sale_ratio": null,
            "price_fair": 44.38,
            "eps_avg_yearly": 1.92,
            "eps_latest_yearly": 0.92,
            "eps_growth_yearly": 13.11
        },
        "20042": {
            "year_quarter": 20042,
            "year": 2004,
            "quarter": 2,
            "eps": 0.39,
            "eps_growth_year": -30.36,
            "eps_4q": 1.98,
            "eps_4q_growth_year": 16.56,
            "roe": 2.85,
            "roe_4q": 14.759999999999998,
            "gross_profit": 1541527,
            "gross_margin": 4.98,
            "gross_margin_4q_avg": 6.06,
            "net_income": 797226,
            "net_income_4q": null,
            "revenue": 30953406,
            "revenue_4q": null,
            "common_shares": 20260000,
            "book_valuer_per_share": 13.35,
            "book_valuer_per_share_4q_avg": 13.79,
            "equity": 27049630,
            "current_ratio": 137.79,
            "debt_ratio": 57.91,
            "inventory_turnover_ratio": 16.28,
            "account_receivable_turnover_ratio": null,
            "reinvestment_rate": -8.88,
            "research_to_sale_ratio": null,
            "price_fair": 65.94,
            "eps_avg_yearly": 1.88,
            "eps_latest_yearly": 1.56,
            "eps_growth_yearly": 39.63
        },
        "20043": {
            "year_quarter": 20043,
            "year": 2004,
            "quarter": 3,
            "eps": 0.33,
            "eps_growth_year": -58.23,
            "eps_4q": 1.49,
            "eps_4q_growth_year": -23.69,
            "roe": 2.55,
            "roe_4q": 11.27,
            "gross_profit": 1702412,
            "gross_margin": 4.4,
            "gross_margin_4q_avg": 5.39,
            "net_income": 698667,
            "net_income_4q": null,
            "revenue": 38683457,
            "revenue_4q": null,
            "common_shares": 21370000,
            "book_valuer_per_share": 13,
            "book_valuer_per_share_4q_avg": 13.67,
            "equity": 27786394,
            "current_ratio": 142.77,
            "debt_ratio": 55.11,
            "inventory_turnover_ratio": 20.4,
            "account_receivable_turnover_ratio": null,
            "reinvestment_rate": -9.39,
            "research_to_sale_ratio": null,
            "price_fair": 64.15,
            "eps_avg_yearly": 1.83,
            "eps_latest_yearly": 1.32,
            "eps_growth_yearly": 30.43
        },
        "20044": {
            "year_quarter": 20044,
            "year": 2004,
            "quarter": 4,
            "eps": 0.22,
            "eps_growth_year": -62.71,
            "eps_4q": 1.15,
            "eps_4q_growth_year": -45.66,
            "roe": 1.67,
            "roe_4q": 8.68,
            "gross_profit": 2271297,
            "gross_margin": 6.67,
            "gross_margin_4q_avg": 5.47,
            "net_income": 465747,
            "net_income_4q": null,
            "revenue": 34068441,
            "revenue_4q": null,
            "common_shares": 21370000,
            "book_valuer_per_share": 13.13,
            "book_valuer_per_share_4q_avg": 13.44,
            "equity": 28055751,
            "current_ratio": 131.51,
            "debt_ratio": 52.22,
            "inventory_turnover_ratio": 5.12,
            "account_receivable_turnover_ratio": null,
            "reinvestment_rate": 22.98,
            "research_to_sale_ratio": null,
            "price_fair": 46.96,
            "eps_avg_yearly": 1.75,
            "eps_latest_yearly": 0.88,
            "eps_growth_yearly": 16.79
        },
        "20051": {
            "year_quarter": 20051,
            "year": 2005,
            "quarter": 1,
            "eps": 0.19,
            "eps_growth_year": -17.39,
            "eps_4q": 1.13,
            "eps_4q_growth_year": -47.11,
            "roe": 1.41,
            "roe_4q": 8.48,
            "gross_profit": 1851619,
            "gross_margin": 5.62,
            "gross_margin_4q_avg": 5.42,
            "net_income": 398124,
            "net_income_4q": null,
            "revenue": 32966138,
            "revenue_4q": null,
            "common_shares": 21370000,
            "book_valuer_per_share": 13.28,
            "book_valuer_per_share_4q_avg": 13.19,
            "equity": 28388557,
            "current_ratio": 135.13,
            "debt_ratio": 60.07,
            "inventory_turnover_ratio": 4.99,
            "account_receivable_turnover_ratio": null,
            "reinvestment_rate": -8.92,
            "research_to_sale_ratio": null,
            "price_fair": 35.72,
            "eps_avg_yearly": 1.68,
            "eps_latest_yearly": 0.76,
            "eps_growth_yearly": 11.3
        },
        "20052": {
            "year_quarter": 20052,
            "year": 2005,
            "quarter": 2,
            "eps": 0.22,
            "eps_growth_year": -43.59,
            "eps_4q": 0.94,
            "eps_4q_growth_year": -52.58,
            "roe": 1.72,
            "roe_4q": 7.35,
            "gross_profit": 1670446,
            "gross_margin": 4.51,
            "gross_margin_4q_avg": 5.3,
            "net_income": 477285,
            "net_income_4q": null,
            "revenue": 37050794,
            "revenue_4q": null,
            "common_shares": 21370000,
            "book_valuer_per_share": 12.73,
            "book_valuer_per_share_4q_avg": 13.04,
            "equity": 27206613,
            "current_ratio": 131.27,
            "debt_ratio": 62.97,
            "inventory_turnover_ratio": 20.03,
            "account_receivable_turnover_ratio": null,
            "reinvestment_rate": -8.42,
            "research_to_sale_ratio": null,
            "price_fair": 40.5,
            "eps_avg_yearly": 1.62,
            "eps_latest_yearly": 0.88,
            "eps_growth_yearly": 15
        },
        "20053": {
            "year_quarter": 20053,
            "year": 2005,
            "quarter": 3,
            "eps": 0.58,
            "eps_growth_year": 75.76,
            "eps_4q": 1.19,
            "eps_4q_growth_year": -19.77,
            "roe": 4.54,
            "roe_4q": 9.34,
            "gross_profit": 1803118,
            "gross_margin": 4.28,
            "gross_margin_4q_avg": 5.27,
            "net_income": 1269357,
            "net_income_4q": null,
            "revenue": 42169712,
            "revenue_4q": null,
            "common_shares": 22057000,
            "book_valuer_per_share": 13.03,
            "book_valuer_per_share_4q_avg": 13.04,
            "equity": 28731790,
            "current_ratio": 127.88,
            "debt_ratio": 65.94,
            "inventory_turnover_ratio": 23.33,
            "account_receivable_turnover_ratio": null,
            "reinvestment_rate": -7.86,
            "research_to_sale_ratio": null,
            "price_fair": 58.33,
            "eps_avg_yearly": 1.67,
            "eps_latest_yearly": 2.32,
            "eps_growth_yearly": 57.64
        },
        "20054": {
            "year_quarter": 20054,
            "year": 2005,
            "quarter": 4,
            "eps": 0.5,
            "eps_growth_year": 127.27,
            "eps_4q": 1.47,
            "eps_4q_growth_year": 28.11,
            "roe": 3.56,
            "roe_4q": 11.23,
            "gross_profit": 2340929,
            "gross_margin": 4.65,
            "gross_margin_4q_avg": 4.77,
            "net_income": 1109009,
            "net_income_4q": null,
            "revenue": 50367551,
            "revenue_4q": null,
            "common_shares": 22057000,
            "book_valuer_per_share": 13.87,
            "book_valuer_per_share_4q_avg": 13.23,
            "equity": 33509137,
            "current_ratio": 125.61,
            "debt_ratio": 58.43,
            "inventory_turnover_ratio": 5.69,
            "account_receivable_turnover_ratio": null,
            "reinvestment_rate": 48.99,
            "research_to_sale_ratio": null,
            "price_fair": 59.06,
            "eps_avg_yearly": 1.69,
            "eps_latest_yearly": 2,
            "eps_growth_yearly": 50.59
        },
        "20061": {
            "year_quarter": 20061,
            "year": 2006,
            "quarter": 1,
            "eps": 0.46,
            "eps_growth_year": 142.11,
            "eps_4q": 1.75,
            "eps_4q_growth_year": 55.36,
            "roe": 3.13,
            "roe_4q": 12.950000000000001,
            "gross_profit": 2565374,
            "gross_margin": 5.14,
            "gross_margin_4q_avg": 4.65,
            "net_income": 1018552,
            "net_income_4q": null,
            "revenue": 49931953,
            "revenue_4q": null,
            "common_shares": 22057000,
            "book_valuer_per_share": 14.32,
            "book_valuer_per_share_4q_avg": 13.49,
            "equity": 31586024,
            "current_ratio": 132.47,
            "debt_ratio": 60.77,
            "inventory_turnover_ratio": 5.69,
            "account_receivable_turnover_ratio": null,
            "reinvestment_rate": -6.66,
            "research_to_sale_ratio": null,
            "price_fair": 58.71,
            "eps_avg_yearly": 1.68,
            "eps_latest_yearly": 1.84,
            "eps_growth_yearly": 52.75
        },
        "20062": {
            "year_quarter": 20062,
            "year": 2006,
            "quarter": 2,
            "eps": 0.6,
            "eps_growth_year": 172.73,
            "eps_4q": 2.14,
            "eps_4q_growth_year": 127.13,
            "roe": 4.24,
            "roe_4q": 15.469999999999999,
            "gross_profit": 2641586,
            "gross_margin": 4.99,
            "gross_margin_4q_avg": 4.77,
            "net_income": 1327305,
            "net_income_4q": null,
            "revenue": 52933238,
            "revenue_4q": null,
            "common_shares": 22057000,
            "book_valuer_per_share": 14.05,
            "book_valuer_per_share_4q_avg": 13.82,
            "equity": 30992601,
            "current_ratio": 135.63,
            "debt_ratio": 59.05,
            "inventory_turnover_ratio": 35.98,
            "account_receivable_turnover_ratio": null,
            "reinvestment_rate": -6.35,
            "research_to_sale_ratio": null,
            "price_fair": 59.5,
            "eps_avg_yearly": 1.7,
            "eps_latest_yearly": 2.4,
            "eps_growth_yearly": 59.86
        },
        "20063": {
            "year_quarter": 20063,
            "year": 2006,
            "quarter": 3,
            "eps": 0.77,
            "eps_growth_year": 32.76,
            "eps_4q": 2.27,
            "eps_4q_growth_year": 90.39,
            "roe": 5.55,
            "roe_4q": 16.479999999999997,
            "gross_profit": 3079706,
            "gross_margin": 5.13,
            "gross_margin_4q_avg": 4.98,
            "net_income": 1772348,
            "net_income_4q": null,
            "revenue": 59985777,
            "revenue_4q": null,
            "common_shares": 23010000,
            "book_valuer_per_share": 14.29,
            "book_valuer_per_share_4q_avg": 14.13,
            "equity": 32871173,
            "current_ratio": 129.31,
            "debt_ratio": 64.13,
            "inventory_turnover_ratio": 43.22,
            "account_receivable_turnover_ratio": null,
            "reinvestment_rate": -5.76,
            "research_to_sale_ratio": null,
            "price_fair": 62.56,
            "eps_avg_yearly": 1.79,
            "eps_latest_yearly": 3.08,
            "eps_growth_yearly": 71.36
        },
        "20064": {
            "year_quarter": 20064,
            "year": 2006,
            "quarter": 4,
            "eps": 0.66,
            "eps_growth_year": 32,
            "eps_4q": 2.45,
            "eps_4q_growth_year": 66.91,
            "roe": 4.44,
            "roe_4q": 17.36,
            "gross_profit": 3728545,
            "gross_margin": 5.1,
            "gross_margin_4q_avg": 5.09,
            "net_income": 1519641,
            "net_income_4q": null,
            "revenue": 73120067,
            "revenue_4q": null,
            "common_shares": 23010000,
            "book_valuer_per_share": 14.91,
            "book_valuer_per_share_4q_avg": 14.39,
            "equity": 35597474,
            "current_ratio": 121.71,
            "debt_ratio": 61.96,
            "inventory_turnover_ratio": 7.3,
            "account_receivable_turnover_ratio": null,
            "reinvestment_rate": 56.05,
            "research_to_sale_ratio": null,
            "price_fair": 64.05,
            "eps_avg_yearly": 1.83,
            "eps_latest_yearly": 2.64,
            "eps_growth_yearly": 63.62
        },
        "20071": {
            "year_quarter": 20071,
            "year": 2007,
            "quarter": 1,
            "eps": 0.71,
            "eps_growth_year": 54.35,
            "eps_4q": 2.73,
            "eps_4q_growth_year": 55.86,
            "roe": 4.54,
            "roe_4q": 18.770000000000003,
            "gross_profit": 2948453,
            "gross_margin": 5.07,
            "gross_margin_4q_avg": 5.07,
            "net_income": 1625987,
            "net_income_4q": null,
            "revenue": 58174928,
            "revenue_4q": null,
            "common_shares": 23010000,
            "book_valuer_per_share": 15.69,
            "book_valuer_per_share_4q_avg": 14.74,
            "equity": 36110149,
            "current_ratio": 155.75,
            "debt_ratio": 50.09,
            "inventory_turnover_ratio": 5.87,
            "account_receivable_turnover_ratio": null,
            "reinvestment_rate": -1.52,
            "research_to_sale_ratio": null,
            "price_fair": 68.25,
            "eps_avg_yearly": 1.95,
            "eps_latest_yearly": 2.84,
            "eps_growth_yearly": 78.78
        },
        "20072": {
            "year_quarter": 20072,
            "year": 2007,
            "quarter": 2,
            "eps": 0.37,
            "eps_growth_year": -38.33,
            "eps_4q": 2.4,
            "eps_4q_growth_year": 12.23,
            "roe": 2.59,
            "roe_4q": 17.12,
            "gross_profit": 2376016,
            "gross_margin": 5.06,
            "gross_margin_4q_avg": 5.09,
            "net_income": 897866,
            "net_income_4q": null,
            "revenue": 46914860,
            "revenue_4q": null,
            "common_shares": 23010000,
            "book_valuer_per_share": 14.44,
            "book_valuer_per_share_4q_avg": 14.83,
            "equity": 33230869,
            "current_ratio": 151.1,
            "debt_ratio": 50.31,
            "inventory_turnover_ratio": 42.04,
            "account_receivable_turnover_ratio": null,
            "reinvestment_rate": 3.58,
            "research_to_sale_ratio": null,
            "price_fair": 66.59,
            "eps_avg_yearly": 1.9,
            "eps_latest_yearly": 1.48,
            "eps_growth_yearly": 30.94
        },
        "20073": {
            "year_quarter": 20073,
            "year": 2007,
            "quarter": 3,
            "eps": 0.55,
            "eps_growth_year": -28.57,
            "eps_4q": 2.21,
            "eps_4q_growth_year": -2.73,
            "roe": 3.95,
            "roe_4q": 15.52,
            "gross_profit": 2937087,
            "gross_margin": 5.16,
            "gross_margin_4q_avg": 5.1,
            "net_income": 1340501,
            "net_income_4q": null,
            "revenue": 56928650,
            "revenue_4q": null,
            "common_shares": 24278000,
            "book_valuer_per_share": 14.24,
            "book_valuer_per_share_4q_avg": 14.82,
            "equity": 34560061,
            "current_ratio": 137.65,
            "debt_ratio": 56.63,
            "inventory_turnover_ratio": 64.89,
            "account_receivable_turnover_ratio": null,
            "reinvestment_rate": 11.85,
            "research_to_sale_ratio": null,
            "price_fair": 64.49,
            "eps_avg_yearly": 1.84,
            "eps_latest_yearly": 2.2,
            "eps_growth_yearly": 32.83
        },
        "20074": {
            "year_quarter": 20074,
            "year": 2007,
            "quarter": 4,
            "eps": 0.73,
            "eps_growth_year": 10.61,
            "eps_4q": 2.32,
            "eps_4q_growth_year": -5.22,
            "roe": 4.94,
            "roe_4q": 16.02,
            "gross_profit": 3405727,
            "gross_margin": 4.41,
            "gross_margin_4q_avg": 4.93,
            "net_income": 1773261,
            "net_income_4q": null,
            "revenue": 77156172,
            "revenue_4q": null,
            "common_shares": 24278000,
            "book_valuer_per_share": 15.03,
            "book_valuer_per_share_4q_avg": 14.85,
            "equity": 37266853,
            "current_ratio": 113.43,
            "debt_ratio": 65.15,
            "inventory_turnover_ratio": 7.5,
            "account_receivable_turnover_ratio": null,
            "reinvestment_rate": 77.3,
            "research_to_sale_ratio": null,
            "price_fair": 65.71,
            "eps_avg_yearly": 1.88,
            "eps_latest_yearly": 2.92,
            "eps_growth_yearly": 47.34
        },
        "20081": {
            "year_quarter": 20081,
            "year": 2008,
            "quarter": 1,
            "eps": 0.21,
            "eps_growth_year": -70.42,
            "eps_4q": 1.97,
            "eps_4q_growth_year": -27.88,
            "roe": 1.29,
            "roe_4q": 12.77,
            "gross_profit": 3441215,
            "gross_margin": 4.79,
            "gross_margin_4q_avg": 4.86,
            "net_income": 482933,
            "net_income_4q": null,
            "revenue": 71891298,
            "revenue_4q": null,
            "common_shares": 24278000,
            "book_valuer_per_share": 15.15,
            "book_valuer_per_share_4q_avg": 14.72,
            "equity": 37518774,
            "current_ratio": 114.45,
            "debt_ratio": 63.01,
            "inventory_turnover_ratio": 3.56,
            "account_receivable_turnover_ratio": null,
            "reinvestment_rate": 101,
            "research_to_sale_ratio": null,
            "price_fair": 65.54,
            "eps_avg_yearly": 1.87,
            "eps_latest_yearly": 0.84,
            "eps_growth_yearly": 44.79
        },
        "20082": {
            "year_quarter": 20082,
            "year": 2008,
            "quarter": 2,
            "eps": 0.57,
            "eps_growth_year": 54.05,
            "eps_4q": 1.88,
            "eps_4q_growth_year": -21.75,
            "roe": 4.22,
            "roe_4q": 14.399999999999999,
            "gross_profit": 3264691,
            "gross_margin": 4.2,
            "gross_margin_4q_avg": 4.64,
            "net_income": 1543422,
            "net_income_4q": null,
            "revenue": 77741620,
            "revenue_4q": null,
            "common_shares": 24278000,
            "book_valuer_per_share": 14.37,
            "book_valuer_per_share_4q_avg": 14.7,
            "equity": 35701040,
            "current_ratio": 109.87,
            "debt_ratio": 67.95,
            "inventory_turnover_ratio": 3.75,
            "account_receivable_turnover_ratio": null,
            "reinvestment_rate": 101.62,
            "research_to_sale_ratio": null,
            "price_fair": 67.11,
            "eps_avg_yearly": 1.92,
            "eps_latest_yearly": 2.28,
            "eps_growth_yearly": 70.26
        },
        "20083": {
            "year_quarter": 20083,
            "year": 2008,
            "quarter": 3,
            "eps": 0.75,
            "eps_growth_year": 36.36,
            "eps_4q": 2.24,
            "eps_4q_growth_year": 1.25,
            "roe": 5.14,
            "roe_4q": 15.59,
            "gross_profit": 2539932,
            "gross_margin": 2.22,
            "gross_margin_4q_avg": 3.91,
            "net_income": 1895453,
            "net_income_4q": null,
            "revenue": 114209914,
            "revenue_4q": null,
            "common_shares": 25610000,
            "book_valuer_per_share": 14.55,
            "book_valuer_per_share_4q_avg": 14.78,
            "equity": 38062799,
            "current_ratio": 105.18,
            "debt_ratio": 75.41,
            "inventory_turnover_ratio": 4.68,
            "account_receivable_turnover_ratio": null,
            "reinvestment_rate": 109.69,
            "research_to_sale_ratio": null,
            "price_fair": 70.79,
            "eps_avg_yearly": 2.02,
            "eps_latest_yearly": 3,
            "eps_growth_yearly": 82
        },
        "20084": {
            "year_quarter": 20084,
            "year": 2008,
            "quarter": 4,
            "eps": 0.57,
            "eps_growth_year": -21.92,
            "eps_4q": 2.14,
            "eps_4q_growth_year": -7.87,
            "roe": 3.67,
            "roe_4q": 14.319999999999997,
            "gross_profit": 4381047,
            "gross_margin": 3.8,
            "gross_margin_4q_avg": 3.75,
            "net_income": 1422317,
            "net_income_4q": null,
            "revenue": 115342242,
            "revenue_4q": null,
            "common_shares": 25610000,
            "book_valuer_per_share": 15.07,
            "book_valuer_per_share_4q_avg": 14.79,
            "equity": 39357024,
            "current_ratio": 118.94,
            "debt_ratio": 69.55,
            "inventory_turnover_ratio": 4.59,
            "account_receivable_turnover_ratio": 3.57,
            "reinvestment_rate": 65.87,
            "research_to_sale_ratio": null,
            "price_fair": 73.85,
            "eps_avg_yearly": 2.11,
            "eps_latest_yearly": 2.28,
            "eps_growth_yearly": 84.33
        },
        "20091": {
            "year_quarter": 20091,
            "year": 2009,
            "quarter": 1,
            "eps": 0.55,
            "eps_growth_year": 161.9,
            "eps_4q": 2.28,
            "eps_4q_growth_year": 16.14,
            "roe": 3.74,
            "roe_4q": 16.77,
            "gross_profit": 3332136,
            "gross_margin": 3.37,
            "gross_margin_4q_avg": 3.4,
            "net_income": 1501619,
            "net_income_4q": null,
            "revenue": 98932235,
            "revenue_4q": null,
            "common_shares": 25610000,
            "book_valuer_per_share": 15.71,
            "book_valuer_per_share_4q_avg": 14.93,
            "equity": 41016017,
            "current_ratio": 119.64,
            "debt_ratio": 70.07,
            "inventory_turnover_ratio": 4.45,
            "account_receivable_turnover_ratio": 1.48,
            "reinvestment_rate": 100.14,
            "research_to_sale_ratio": null,
            "price_fair": 77,
            "eps_avg_yearly": 2.2,
            "eps_latest_yearly": 2.2,
            "eps_growth_yearly": 86.86
        },
        "20092": {
            "year_quarter": 20092,
            "year": 2009,
            "quarter": 2,
            "eps": 0.33,
            "eps_growth_year": -42.11,
            "eps_4q": 2.17,
            "eps_4q_growth_year": 15.96,
            "roe": 2.16,
            "roe_4q": 14.71,
            "gross_profit": 3724175,
            "gross_margin": 3.49,
            "gross_margin_4q_avg": 3.22,
            "net_income": 867810,
            "net_income_4q": null,
            "revenue": 106780998,
            "revenue_4q": null,
            "common_shares": 25610000,
            "book_valuer_per_share": 15,
            "book_valuer_per_share_4q_avg": 15.08,
            "equity": 39328270,
            "current_ratio": 115.35,
            "debt_ratio": 73.53,
            "inventory_turnover_ratio": 4.25,
            "account_receivable_turnover_ratio": 1.51,
            "reinvestment_rate": 102.71,
            "research_to_sale_ratio": null,
            "price_fair": 77.96,
            "eps_avg_yearly": 2.23,
            "eps_latest_yearly": 1.32,
            "eps_growth_yearly": 72.91
        },
        "20093": {
            "year_quarter": 20093,
            "year": 2009,
            "quarter": 3,
            "eps": 0.38,
            "eps_growth_year": -49.33,
            "eps_4q": 1.82,
            "eps_4q_growth_year": -18.84,
            "roe": 2.57,
            "roe_4q": 12.14,
            "gross_profit": 4688229,
            "gross_margin": 3.76,
            "gross_margin_4q_avg": 3.61,
            "net_income": 1022156,
            "net_income_4q": null,
            "revenue": 124624716,
            "revenue_4q": null,
            "common_shares": 28214260,
            "book_valuer_per_share": 13.94,
            "book_valuer_per_share_4q_avg": 14.93,
            "equity": 40299500,
            "current_ratio": 110.8,
            "debt_ratio": 73.56,
            "inventory_turnover_ratio": 4.6,
            "account_receivable_turnover_ratio": 1.67,
            "reinvestment_rate": 106.28,
            "research_to_sale_ratio": null,
            "price_fair": 76.21,
            "eps_avg_yearly": 2.18,
            "eps_latest_yearly": 1.52,
            "eps_growth_yearly": 35.79
        },
        "20094": {
            "year_quarter": 20094,
            "year": 2009,
            "quarter": 4,
            "eps": 0.42,
            "eps_growth_year": -26.32,
            "eps_4q": 1.63,
            "eps_4q_growth_year": -23.54,
            "roe": 2.08,
            "roe_4q": 10.55,
            "gross_profit": 5411944,
            "gross_margin": 4.72,
            "gross_margin_4q_avg": 3.84,
            "net_income": 848051,
            "net_income_4q": null,
            "revenue": 114693184,
            "revenue_4q": null,
            "common_shares": 28214260,
            "book_valuer_per_share": 14.34,
            "book_valuer_per_share_4q_avg": 14.75,
            "equity": 41098774,
            "current_ratio": 116.87,
            "debt_ratio": 71.68,
            "inventory_turnover_ratio": 4.57,
            "account_receivable_turnover_ratio": 3.31,
            "reinvestment_rate": 83.21,
            "research_to_sale_ratio": null,
            "price_fair": 75.51,
            "eps_avg_yearly": 2.16,
            "eps_latest_yearly": 1.68,
            "eps_growth_yearly": 41.87
        },
        "20101": {
            "year_quarter": 20101,
            "year": 2010,
            "quarter": 1,
            "eps": 0.41,
            "eps_growth_year": -25.45,
            "eps_4q": 1.54,
            "eps_4q_growth_year": -32.54,
            "roe": 2.62,
            "roe_4q": 9.43,
            "gross_profit": 4663674,
            "gross_margin": 5.2,
            "gross_margin_4q_avg": 4.29,
            "net_income": 1092842,
            "net_income_4q": null,
            "revenue": 89638018,
            "revenue_4q": null,
            "common_shares": 28214260,
            "book_valuer_per_share": 14.69,
            "book_valuer_per_share_4q_avg": 14.49,
            "equity": 42283484,
            "current_ratio": 121.51,
            "debt_ratio": 67.73,
            "inventory_turnover_ratio": 3.72,
            "account_receivable_turnover_ratio": 1.31,
            "reinvestment_rate": 138.93,
            "research_to_sale_ratio": 1.53,
            "price_fair": 75.08,
            "eps_avg_yearly": 2.15,
            "eps_latest_yearly": 1.64,
            "eps_growth_yearly": 43.28
        },
        "20102": {
            "year_quarter": 20102,
            "year": 2010,
            "quarter": 2,
            "eps": 0.39,
            "eps_growth_year": 18.34,
            "eps_4q": 1.54,
            "eps_4q_growth_year": -29.08,
            "roe": 2.62,
            "roe_4q": 9.89,
            "gross_profit": 3907278,
            "gross_margin": 4.22,
            "gross_margin_4q_avg": 4.48,
            "net_income": 1087973,
            "net_income_4q": null,
            "revenue": 92596861,
            "revenue_4q": null,
            "common_shares": 28214260,
            "book_valuer_per_share": 14.16,
            "book_valuer_per_share_4q_avg": 14.28,
            "equity": 40727845,
            "current_ratio": 115.88,
            "debt_ratio": 71.6,
            "inventory_turnover_ratio": 3.32,
            "account_receivable_turnover_ratio": 1.44,
            "reinvestment_rate": 141.61,
            "research_to_sale_ratio": 1.5,
            "price_fair": 73.24,
            "eps_avg_yearly": 2.09,
            "eps_latest_yearly": 1.56,
            "eps_growth_yearly": 34.45
        },
        "20103": {
            "year_quarter": 20103,
            "year": 2010,
            "quarter": 3,
            "eps": 0.27,
            "eps_growth_year": -29.56,
            "eps_4q": 1.45,
            "eps_4q_growth_year": -20.39,
            "roe": 1.76,
            "roe_4q": 9.08,
            "gross_profit": 4242969,
            "gross_margin": 4.33,
            "gross_margin_4q_avg": 4.62,
            "net_income": 720266,
            "net_income_4q": null,
            "revenue": 98024344,
            "revenue_4q": null,
            "common_shares": 29624973,
            "book_valuer_per_share": 13.69,
            "book_valuer_per_share_4q_avg": 14.22,
            "equity": 41003462,
            "current_ratio": 109.28,
            "debt_ratio": 68.6,
            "inventory_turnover_ratio": 3.22,
            "account_receivable_turnover_ratio": 1.79,
            "reinvestment_rate": 149.15,
            "research_to_sale_ratio": 1.35,
            "price_fair": 58.38,
            "eps_avg_yearly": 1.97,
            "eps_latest_yearly": 1.08,
            "eps_growth_yearly": 19.67
        },
        "20104": {
            "year_quarter": 20104,
            "year": 2010,
            "quarter": 4,
            "eps": 0.13,
            "eps_growth_year": -68.95,
            "eps_4q": 1.18,
            "eps_4q_growth_year": -28.1,
            "roe": 0.82,
            "roe_4q": 7.82,
            "gross_profit": 4690612,
            "gross_margin": 4.84,
            "gross_margin_4q_avg": 4.65,
            "net_income": 342302,
            "net_income_4q": null,
            "revenue": 96895131,
            "revenue_4q": null,
            "common_shares": 29624973,
            "book_valuer_per_share": 13.69,
            "book_valuer_per_share_4q_avg": 14.06,
            "equity": 42773665,
            "current_ratio": 120.18,
            "debt_ratio": 66.37,
            "inventory_turnover_ratio": 3.51,
            "account_receivable_turnover_ratio": 1.97,
            "reinvestment_rate": 85.74,
            "research_to_sale_ratio": 1.48,
            "price_fair": 37.22,
            "eps_avg_yearly": 1.84,
            "eps_latest_yearly": 0.52,
            "eps_growth_yearly": 10.28
        },
        "20111": {
            "year_quarter": 20111,
            "year": 2011,
            "quarter": 1,
            "eps": 0.22,
            "eps_growth_year": -46.34,
            "eps_4q": 1.01,
            "eps_4q_growth_year": -34.65,
            "roe": 1.21,
            "roe_4q": 6.41,
            "gross_profit": 3665240,
            "gross_margin": 4.39,
            "gross_margin_4q_avg": 4.45,
            "net_income": 572625,
            "net_income_4q": null,
            "revenue": 83413648,
            "revenue_4q": null,
            "common_shares": 29624973,
            "book_valuer_per_share": 13.91,
            "book_valuer_per_share_4q_avg": 13.86,
            "equity": 51768531,
            "current_ratio": 119.97,
            "debt_ratio": 63.77,
            "inventory_turnover_ratio": 3.15,
            "account_receivable_turnover_ratio": 1.79,
            "reinvestment_rate": 203.55,
            "research_to_sale_ratio": 1.74,
            "price_fair": 59.94,
            "eps_avg_yearly": 1.71,
            "eps_latest_yearly": 0.88,
            "eps_growth_yearly": 25.7
        },
        "20112": {
            "year_quarter": 20112,
            "year": 2011,
            "quarter": 2,
            "eps": 0.02,
            "eps_growth_year": -95.06,
            "eps_4q": 0.64,
            "eps_4q_growth_year": -58.78,
            "roe": -3.09,
            "roe_4q": 0.7,
            "gross_profit": 1846742,
            "gross_margin": 2.12,
            "gross_margin_4q_avg": 3.92,
            "net_income": -1538401,
            "net_income_4q": null,
            "revenue": 87129825,
            "revenue_4q": null,
            "common_shares": 29624973,
            "book_valuer_per_share": 12.9,
            "book_valuer_per_share_4q_avg": 13.55,
            "equity": 47711242,
            "current_ratio": 109.21,
            "debt_ratio": 69.62,
            "inventory_turnover_ratio": 2.73,
            "account_receivable_turnover_ratio": 1.87,
            "reinvestment_rate": 216.55,
            "research_to_sale_ratio": 1.86,
            "price_fair": 40.53,
            "eps_avg_yearly": 1.63,
            "eps_latest_yearly": 0.08,
            "eps_growth_yearly": 14.94
        },
        "20113": {
            "year_quarter": 20113,
            "year": 2011,
            "quarter": 3,
            "eps": 0.28,
            "eps_growth_year": 3.22,
            "eps_4q": 0.64,
            "eps_4q_growth_year": -55.39,
            "roe": -0.45,
            "roe_4q": -1.5100000000000002,
            "gross_profit": 1950578,
            "gross_margin": 1.94,
            "gross_margin_4q_avg": 3.32,
            "net_income": -217257,
            "net_income_4q": null,
            "revenue": 100410440,
            "revenue_4q": null,
            "common_shares": 29624973,
            "book_valuer_per_share": 13.45,
            "book_valuer_per_share_4q_avg": 13.49,
            "equity": 48271484,
            "current_ratio": 107.76,
            "debt_ratio": 69.7,
            "inventory_turnover_ratio": 2.9,
            "account_receivable_turnover_ratio": 1.93,
            "reinvestment_rate": 224.39,
            "research_to_sale_ratio": 1.57,
            "price_fair": 54.51,
            "eps_avg_yearly": 1.56,
            "eps_latest_yearly": 1.12,
            "eps_growth_yearly": 327.78
        },
        "20114": {
            "year_quarter": 20114,
            "year": 2011,
            "quarter": 4,
            "eps": 0.26,
            "eps_growth_year": 99.88,
            "eps_4q": 0.7,
            "eps_4q_growth_year": -40.47,
            "roe": 0.38,
            "roe_4q": -1.9499999999999997,
            "gross_profit": 4349722,
            "gross_margin": 3.99,
            "gross_margin_4q_avg": 3.11,
            "net_income": 197166,
            "net_income_4q": null,
            "revenue": 109073875,
            "revenue_4q": null,
            "common_shares": 34661595,
            "book_valuer_per_share": 13.96,
            "book_valuer_per_share_4q_avg": 13.56,
            "equity": 55844924,
            "current_ratio": 114.64,
            "debt_ratio": 67.83,
            "inventory_turnover_ratio": 3.32,
            "account_receivable_turnover_ratio": 1.91,
            "reinvestment_rate": 131.49,
            "research_to_sale_ratio": 1.9,
            "price_fair": 50.4,
            "eps_avg_yearly": 1.44,
            "eps_latest_yearly": 1.04,
            "eps_growth_yearly": 317.81
        },
        "20121": {
            "year_quarter": 20121,
            "year": 2012,
            "quarter": 1,
            "eps": 0.12,
            "eps_growth_year": -45.45,
            "eps_4q": 0.63,
            "eps_4q_growth_year": -37.11,
            "roe": 0.12,
            "roe_4q": -3.04,
            "gross_profit": 4154980,
            "gross_margin": 4.05,
            "gross_margin_4q_avg": 3.03,
            "net_income": 65662,
            "net_income_4q": null,
            "revenue": 102550603,
            "revenue_4q": null,
            "common_shares": 34661595,
            "book_valuer_per_share": 14.11,
            "book_valuer_per_share_4q_avg": 13.61,
            "equity": 56017796,
            "current_ratio": 117.63,
            "debt_ratio": 71.81,
            "inventory_turnover_ratio": 3.29,
            "account_receivable_turnover_ratio": 1.68,
            "reinvestment_rate": 122.79,
            "research_to_sale_ratio": 1.67,
            "price_fair": 49.61,
            "eps_avg_yearly": 1.42,
            "eps_latest_yearly": 0.48,
            "eps_growth_yearly": 322.16
        },
        "20122": {
            "year_quarter": 20122,
            "year": 2012,
            "quarter": 2,
            "eps": 0.38,
            "eps_growth_year": 1875.64,
            "eps_4q": 0.98,
            "eps_4q_growth_year": 53.73,
            "roe": 1.88,
            "roe_4q": 1.93,
            "gross_profit": 5440078,
            "gross_margin": 5.42,
            "gross_margin_4q_avg": 3.85,
            "net_income": 1048031,
            "net_income_4q": null,
            "revenue": 100462252,
            "revenue_4q": null,
            "common_shares": 34661595,
            "book_valuer_per_share": 14.05,
            "book_valuer_per_share_4q_avg": 13.89,
            "equity": 55500542,
            "current_ratio": 119.05,
            "debt_ratio": 71.26,
            "inventory_turnover_ratio": 3.09,
            "account_receivable_turnover_ratio": 1.67,
            "reinvestment_rate": 115.16,
            "research_to_sale_ratio": 1.74,
            "price_fair": 47.95,
            "eps_avg_yearly": 1.37,
            "eps_latest_yearly": 1.52,
            "eps_growth_yearly": 333.47
        },
        "20123": {
            "year_quarter": 20123,
            "year": 2012,
            "quarter": 3,
            "eps": 0.23,
            "eps_growth_year": -17.36,
            "eps_4q": 0.98,
            "eps_4q_growth_year": 51.65,
            "roe": 0.63,
            "roe_4q": 3.01,
            "gross_profit": 4669236,
            "gross_margin": 4.94,
            "gross_margin_4q_avg": 4.6,
            "net_income": 346885,
            "net_income_4q": null,
            "revenue": 94582735,
            "revenue_4q": null,
            "common_shares": 35874751,
            "book_valuer_per_share": 13.7,
            "book_valuer_per_share_4q_avg": 13.96,
            "equity": 55487599,
            "current_ratio": 115.86,
            "debt_ratio": 72.6,
            "inventory_turnover_ratio": 2.61,
            "account_receivable_turnover_ratio": 1.69,
            "reinvestment_rate": 102.57,
            "research_to_sale_ratio": 2.02,
            "price_fair": 43.4,
            "eps_avg_yearly": 1.24,
            "eps_latest_yearly": 0.92,
            "eps_growth_yearly": 315.7
        },
        "20124": {
            "year_quarter": 20124,
            "year": 2012,
            "quarter": 4,
            "eps": 0.17,
            "eps_growth_year": -34.69,
            "eps_4q": 0.9,
            "eps_4q_growth_year": 28.06,
            "roe": 0.62,
            "roe_4q": 3.25,
            "gross_profit": 5013314,
            "gross_margin": 4.44,
            "gross_margin_4q_avg": 4.71,
            "net_income": 342102,
            "net_income_4q": null,
            "revenue": 113036243,
            "revenue_4q": null,
            "common_shares": 35874751,
            "book_valuer_per_share": 13.91,
            "book_valuer_per_share_4q_avg": 13.94,
            "equity": 55757196,
            "current_ratio": 120.77,
            "debt_ratio": 68.86,
            "inventory_turnover_ratio": 3.06,
            "account_receivable_turnover_ratio": 2.04,
            "reinvestment_rate": 100.74,
            "research_to_sale_ratio": 1.56,
            "price_fair": 39.9,
            "eps_avg_yearly": 1.14,
            "eps_latest_yearly": 0.68,
            "eps_growth_yearly": 315.18
        },
        "20131": {
            "year_quarter": 20131,
            "year": 2013,
            "quarter": 1,
            "eps": 0.5,
            "eps_growth_year": 316.67,
            "eps_4q": 1.28,
            "eps_4q_growth_year": 101.58,
            "roe": 2.79,
            "roe_4q": 5.92,
            "gross_profit": 4944628,
            "gross_margin": 4.91,
            "gross_margin_4q_avg": 4.93,
            "net_income": 1604685,
            "net_income_4q": null,
            "revenue": 100762046,
            "revenue_4q": null,
            "common_shares": 35874751,
            "book_valuer_per_share": 14.51,
            "book_valuer_per_share_4q_avg": 14.04,
            "equity": 59193310,
            "current_ratio": 122.38,
            "debt_ratio": 68.92,
            "inventory_turnover_ratio": 2.87,
            "account_receivable_turnover_ratio": 1.73,
            "reinvestment_rate": 110.81,
            "research_to_sale_ratio": 1.9,
            "price_fair": 39.46,
            "eps_avg_yearly": 1.13,
            "eps_latest_yearly": 2,
            "eps_growth_yearly": 364.59
        },
        "20132": {
            "year_quarter": 20132,
            "year": 2013,
            "quarter": 2,
            "eps": 0.45,
            "eps_growth_year": 17.99,
            "eps_4q": 1.34,
            "eps_4q_growth_year": 37.5,
            "roe": 2.7,
            "roe_4q": 6.74,
            "gross_profit": 5144897,
            "gross_margin": 4.98,
            "gross_margin_4q_avg": 4.82,
            "net_income": 1582645,
            "net_income_4q": null,
            "revenue": 103230011,
            "revenue_4q": null,
            "common_shares": 35874751,
            "book_valuer_per_share": 14.24,
            "book_valuer_per_share_4q_avg": 14.09,
            "equity": 58188543,
            "current_ratio": 122.28,
            "debt_ratio": 69.51,
            "inventory_turnover_ratio": 3,
            "account_receivable_turnover_ratio": 1.73,
            "reinvestment_rate": 93.5,
            "research_to_sale_ratio": 1.86,
            "price_fair": 40.51,
            "eps_avg_yearly": 1.16,
            "eps_latest_yearly": 1.8,
            "eps_growth_yearly": 372.09
        },
        "20133": {
            "year_quarter": 20133,
            "year": 2013,
            "quarter": 3,
            "eps": 0.53,
            "eps_growth_year": 132.09,
            "eps_4q": 1.64,
            "eps_4q_growth_year": 68.24,
            "roe": 2.78,
            "roe_4q": 8.889999999999999,
            "gross_profit": 6210380,
            "gross_margin": 5.07,
            "gross_margin_4q_avg": 4.85,
            "net_income": 1634196,
            "net_income_4q": null,
            "revenue": 122469284,
            "revenue_4q": null,
            "common_shares": 35874751,
            "book_valuer_per_share": 14.7,
            "book_valuer_per_share_4q_avg": 14.34,
            "equity": 59559517,
            "current_ratio": 122.38,
            "debt_ratio": 70.81,
            "inventory_turnover_ratio": 3.25,
            "account_receivable_turnover_ratio": 1.91,
            "reinvestment_rate": 80.43,
            "research_to_sale_ratio": 1.75,
            "price_fair": 41.83,
            "eps_avg_yearly": 1.2,
            "eps_latest_yearly": 2.12,
            "eps_growth_yearly": 372.75
        },
        "20134": {
            "year_quarter": 20134,
            "year": 2013,
            "quarter": 4,
            "eps": 0.5,
            "eps_growth_year": 192.12,
            "eps_4q": 1.97,
            "eps_4q_growth_year": 120.07,
            "roe": 2.29,
            "roe_4q": 10.56,
            "gross_profit": 6508565,
            "gross_margin": 4.83,
            "gross_margin_4q_avg": 4.95,
            "net_income": 1387912,
            "net_income_4q": null,
            "revenue": 134630362,
            "revenue_4q": null,
            "common_shares": 35874751,
            "book_valuer_per_share": 15.29,
            "book_valuer_per_share_4q_avg": 14.69,
            "equity": 61812188,
            "current_ratio": 124.85,
            "debt_ratio": 71.14,
            "inventory_turnover_ratio": 3.29,
            "account_receivable_turnover_ratio": 1.99,
            "reinvestment_rate": 32.31,
            "research_to_sale_ratio": 1.61,
            "price_fair": 42.53,
            "eps_avg_yearly": 1.22,
            "eps_latest_yearly": 2,
            "eps_growth_yearly": 368.7
        },
        "20141": {
            "year_quarter": 20141,
            "year": 2014,
            "quarter": 1,
            "eps": 0.53,
            "eps_growth_year": 6,
            "eps_4q": 2,
            "eps_4q_growth_year": 56.94,
            "roe": 3.09,
            "roe_4q": 10.86,
            "gross_profit": 5801667,
            "gross_margin": 4.97,
            "gross_margin_4q_avg": 4.96,
            "net_income": 1946683,
            "net_income_4q": null,
            "revenue": 116685109,
            "revenue_4q": null,
            "common_shares": 35874751,
            "book_valuer_per_share": 15.91,
            "book_valuer_per_share_4q_avg": 15.04,
            "equity": 64101305,
            "current_ratio": 130.74,
            "debt_ratio": 68.27,
            "inventory_turnover_ratio": 3.17,
            "account_receivable_turnover_ratio": 1.72,
            "reinvestment_rate": 24.73,
            "research_to_sale_ratio": 1.82,
            "price_fair": 43.58,
            "eps_avg_yearly": 1.25,
            "eps_latest_yearly": 2.12,
            "eps_growth_yearly": 370.79
        },
        "20142": {
            "year_quarter": 20142,
            "year": 2014,
            "quarter": 2,
            "eps": 0.41,
            "eps_growth_year": -8.89,
            "eps_4q": 1.97,
            "eps_4q_growth_year": 46.35,
            "roe": 2.44,
            "roe_4q": 10.6,
            "gross_profit": 5558574,
            "gross_margin": 5.3,
            "gross_margin_4q_avg": 5.04,
            "net_income": 1506901,
            "net_income_4q": null,
            "revenue": 104903602,
            "revenue_4q": null,
            "common_shares": 35874751,
            "book_valuer_per_share": 14.59,
            "book_valuer_per_share_4q_avg": 15.12,
            "equity": 59402983,
            "current_ratio": 127.93,
            "debt_ratio": 68.98,
            "inventory_turnover_ratio": 3.21,
            "account_receivable_turnover_ratio": 1.55,
            "reinvestment_rate": 24.82,
            "research_to_sale_ratio": 1.93,
            "price_fair": 43.75,
            "eps_avg_yearly": 1.25,
            "eps_latest_yearly": 1.64,
            "eps_growth_yearly": 366.35
        },
        "20143": {
            "year_quarter": 20143,
            "year": 2014,
            "quarter": 3,
            "eps": 0.51,
            "eps_growth_year": -3.77,
            "eps_4q": 1.95,
            "eps_4q_growth_year": 18.38,
            "roe": 2.77,
            "roe_4q": 10.59,
            "gross_profit": 5339676,
            "gross_margin": 5.27,
            "gross_margin_4q_avg": 5.09,
            "net_income": 1680646,
            "net_income_4q": null,
            "revenue": 101339792,
            "revenue_4q": null,
            "common_shares": 35874751,
            "book_valuer_per_share": 15.24,
            "book_valuer_per_share_4q_avg": 15.26,
            "equity": 61793585,
            "current_ratio": 133.41,
            "debt_ratio": 66.54,
            "inventory_turnover_ratio": 2.88,
            "account_receivable_turnover_ratio": 1.61,
            "reinvestment_rate": 26.52,
            "research_to_sale_ratio": 2.07,
            "price_fair": 45.85,
            "eps_avg_yearly": 1.31,
            "eps_latest_yearly": 2.04,
            "eps_growth_yearly": 380.14
        },
        "20144": {
            "year_quarter": 20144,
            "year": 2014,
            "quarter": 4,
            "eps": 0.53,
            "eps_growth_year": 6.3,
            "eps_4q": 1.98,
            "eps_4q_growth_year": 0.33,
            "roe": 2.43,
            "roe_4q": 10.73,
            "gross_profit": 6648421,
            "gross_margin": 5.9,
            "gross_margin_4q_avg": 5.36,
            "net_income": 1531331,
            "net_income_4q": null,
            "revenue": 112671465,
            "revenue_4q": null,
            "common_shares": 35874751,
            "book_valuer_per_share": 16.05,
            "book_valuer_per_share_4q_avg": 15.45,
            "equity": 64422790,
            "current_ratio": 119.29,
            "debt_ratio": 67.08,
            "inventory_turnover_ratio": 3.16,
            "account_receivable_turnover_ratio": 1.75,
            "reinvestment_rate": 26.03,
            "research_to_sale_ratio": 2.02,
            "price_fair": 49.35,
            "eps_avg_yearly": 1.41,
            "eps_latest_yearly": 2.12,
            "eps_growth_yearly": 394.09
        },
        "20151": {
            "year_quarter": 20151,
            "year": 2015,
            "quarter": 1,
            "eps": 0.41,
            "eps_growth_year": -22.64,
            "eps_4q": 1.86,
            "eps_4q_growth_year": -7.37,
            "roe": 1.98,
            "roe_4q": 9.62,
            "gross_profit": 5266150,
            "gross_margin": 5.9,
            "gross_margin_4q_avg": 5.59,
            "net_income": 1284306,
            "net_income_4q": null,
            "revenue": 89303408,
            "revenue_4q": null,
            "common_shares": 35874751,
            "book_valuer_per_share": 16.4,
            "book_valuer_per_share_4q_avg": 15.57,
            "equity": 65495644,
            "current_ratio": 124.47,
            "debt_ratio": 62.71,
            "inventory_turnover_ratio": 2.63,
            "account_receivable_turnover_ratio": 1.47,
            "reinvestment_rate": -8.67,
            "research_to_sale_ratio": 2.1,
            "price_fair": 51.01,
            "eps_avg_yearly": 1.46,
            "eps_latest_yearly": 1.64,
            "eps_growth_yearly": 371.12
        },
        "20152": {
            "year_quarter": 20152,
            "year": 2015,
            "quarter": 2,
            "eps": 0.32,
            "eps_growth_year": -21.95,
            "eps_4q": 1.77,
            "eps_4q_growth_year": -10.01,
            "roe": 1.49,
            "roe_4q": 8.67,
            "gross_profit": 5058527,
            "gross_margin": 5.58,
            "gross_margin_4q_avg": 5.66,
            "net_income": 930691,
            "net_income_4q": null,
            "revenue": 90692400,
            "revenue_4q": null,
            "common_shares": 35874751,
            "book_valuer_per_share": 14.89,
            "book_valuer_per_share_4q_avg": 15.65,
            "equity": 59840262,
            "current_ratio": 119.63,
            "debt_ratio": 65.34,
            "inventory_turnover_ratio": 2.77,
            "account_receivable_turnover_ratio": 1.71,
            "reinvestment_rate": -13.25,
            "research_to_sale_ratio": 2.43,
            "price_fair": 53.64,
            "eps_avg_yearly": 1.53,
            "eps_latest_yearly": 1.28,
            "eps_growth_yearly": 388.36
        },
        "20153": {
            "year_quarter": 20153,
            "year": 2015,
            "quarter": 3,
            "eps": 0.54,
            "eps_growth_year": 5.88,
            "eps_4q": 1.8,
            "eps_4q_growth_year": -7.48,
            "roe": 3.1,
            "roe_4q": 9,
            "gross_profit": 5603310,
            "gross_margin": 5.32,
            "gross_margin_4q_avg": 5.68,
            "net_income": 1890617,
            "net_income_4q": null,
            "revenue": 105422624,
            "revenue_4q": null,
            "common_shares": 35874751,
            "book_valuer_per_share": 15.61,
            "book_valuer_per_share_4q_avg": 15.74,
            "equity": 62149845,
            "current_ratio": 119.01,
            "debt_ratio": 67.26,
            "inventory_turnover_ratio": 2.97,
            "account_receivable_turnover_ratio": 1.78,
            "reinvestment_rate": -16.47,
            "research_to_sale_ratio": 2.14,
            "price_fair": 55.91,
            "eps_avg_yearly": 1.6,
            "eps_latest_yearly": 2.16,
            "eps_growth_yearly": 80.54
        },
        "20154": {
            "year_quarter": 20154,
            "year": 2015,
            "quarter": 4,
            "eps": 0.28,
            "eps_growth_year": -47.42,
            "eps_4q": 1.55,
            "eps_4q_growth_year": -21.61,
            "roe": 1.39,
            "roe_4q": 7.960000000000001,
            "gross_profit": 5777421,
            "gross_margin": 5.25,
            "gross_margin_4q_avg": 5.51,
            "net_income": 870121,
            "net_income_4q": null,
            "revenue": 110051789,
            "revenue_4q": null,
            "common_shares": 35874751,
            "book_valuer_per_share": 15.74,
            "book_valuer_per_share_4q_avg": 15.66,
            "equity": 62898849,
            "current_ratio": 135.24,
            "debt_ratio": 64.21,
            "inventory_turnover_ratio": 3.14,
            "account_receivable_turnover_ratio": 1.75,
            "reinvestment_rate": -14.66,
            "research_to_sale_ratio": 2.26,
            "price_fair": 56.09,
            "eps_avg_yearly": 1.6,
            "eps_latest_yearly": 1.12,
            "eps_growth_yearly": 70.29
        },
        "20161": {
            "year_quarter": 20161,
            "year": 2016,
            "quarter": 1,
            "eps": 0.34,
            "eps_growth_year": -17.07,
            "eps_4q": 1.49,
            "eps_4q_growth_year": -19.76,
            "roe": 2.16,
            "roe_4q": 8.14,
            "gross_profit": 5645077,
            "gross_margin": 5.92,
            "gross_margin_4q_avg": 5.52,
            "net_income": 1365468,
            "net_income_4q": null,
            "revenue": 95363591,
            "revenue_4q": null,
            "common_shares": 35874751,
            "book_valuer_per_share": 15.99,
            "book_valuer_per_share_4q_avg": 15.56,
            "equity": 63762083,
            "current_ratio": 126.1,
            "debt_ratio": 61.99,
            "inventory_turnover_ratio": 2.8,
            "account_receivable_turnover_ratio": 1.64,
            "reinvestment_rate": 13.82,
            "research_to_sale_ratio": 2.2,
            "price_fair": 58.01,
            "eps_avg_yearly": 1.66,
            "eps_latest_yearly": 1.36,
            "eps_growth_yearly": 89.11
        },
        "20162": {
            "year_quarter": 20162,
            "year": 2016,
            "quarter": 2,
            "eps": 0.4,
            "eps_growth_year": 25,
            "eps_4q": 1.56,
            "eps_4q_growth_year": -12.02,
            "roe": 2.12,
            "roe_4q": 8.77,
            "gross_profit": 6001487,
            "gross_margin": 5.54,
            "gross_margin_4q_avg": 5.51,
            "net_income": 1303619,
            "net_income_4q": null,
            "revenue": 108331042,
            "revenue_4q": null,
            "common_shares": 35874751,
            "book_valuer_per_share": 14.79,
            "book_valuer_per_share_4q_avg": 15.53,
            "equity": 59474926,
            "current_ratio": 119.81,
            "debt_ratio": 65.42,
            "inventory_turnover_ratio": 2.95,
            "account_receivable_turnover_ratio": 1.88,
            "reinvestment_rate": 11.49,
            "research_to_sale_ratio": 2.02,
            "price_fair": 58.19,
            "eps_avg_yearly": 1.66,
            "eps_latest_yearly": 1.6,
            "eps_growth_yearly": 39.36
        },
        "20163": {
            "year_quarter": 20163,
            "year": 2016,
            "quarter": 3,
            "eps": 0.34,
            "eps_growth_year": -37.04,
            "eps_4q": 1.35,
            "eps_4q_growth_year": -24.86,
            "roe": 1.14,
            "roe_4q": 6.81,
            "gross_profit": 5891211,
            "gross_margin": 5.28,
            "gross_margin_4q_avg": 5.5,
            "net_income": 676687,
            "net_income_4q": null,
            "revenue": 111653720,
            "revenue_4q": null,
            "common_shares": 35874751,
            "book_valuer_per_share": 14.86,
            "book_valuer_per_share_4q_avg": 15.35,
            "equity": 59179415,
            "current_ratio": 119.7,
            "debt_ratio": 65.83,
            "inventory_turnover_ratio": 3.04,
            "account_receivable_turnover_ratio": 1.76,
            "reinvestment_rate": 12.3,
            "research_to_sale_ratio": 2.02,
            "price_fair": 59.15,
            "eps_avg_yearly": 1.69,
            "eps_latest_yearly": 1.36,
            "eps_growth_yearly": 45.48
        },
        "20164": {
            "year_quarter": 20164,
            "year": 2016,
            "quarter": 4,
            "eps": 0.5,
            "eps_growth_year": 78.33,
            "eps_4q": 1.57,
            "eps_4q_growth_year": 1.32,
            "roe": 2.72,
            "roe_4q": 8.14,
            "gross_profit": 6419995,
            "gross_margin": 5.68,
            "gross_margin_4q_avg": 5.61,
            "net_income": 1625599,
            "net_income_4q": null,
            "revenue": 113117662,
            "revenue_4q": null,
            "common_shares": 35874751,
            "book_valuer_per_share": 15.27,
            "book_valuer_per_share_4q_avg": 15.23,
            "equity": 60507262,
            "current_ratio": 118.86,
            "debt_ratio": 66.82,
            "inventory_turnover_ratio": 3.18,
            "account_receivable_turnover_ratio": 1.63,
            "reinvestment_rate": 13.68,
            "research_to_sale_ratio": 1.91,
            "price_fair": 62.04,
            "eps_avg_yearly": 1.77,
            "eps_latest_yearly": 2,
            "eps_growth_yearly": 63.76
        },
        "20171": {
            "year_quarter": 20171,
            "year": 2017,
            "quarter": 1,
            "eps": 0.19,
            "eps_growth_year": -44.12,
            "eps_4q": 1.42,
            "eps_4q_growth_year": -4.82,
            "roe": 0.6,
            "roe_4q": 6.58,
            "gross_profit": 5551779,
            "gross_margin": 5.57,
            "gross_margin_4q_avg": 5.52,
            "net_income": 357473,
            "net_income_4q": null,
            "revenue": 99754988,
            "revenue_4q": null,
            "common_shares": 35874751,
            "book_valuer_per_share": 15.13,
            "book_valuer_per_share_4q_avg": 15.01,
            "equity": 59652991,
            "current_ratio": 117.73,
            "debt_ratio": 66.94,
            "inventory_turnover_ratio": 3,
            "account_receivable_turnover_ratio": 1.37,
            "reinvestment_rate": 3.03,
            "research_to_sale_ratio": 2.15,
            "price_fair": 5.09,
            "eps_avg_yearly": 1.7,
            "eps_latest_yearly": 0.76,
            "eps_growth_yearly": -0.27
        },
        "20172": {
            "year_quarter": 20172,
            "year": 2017,
            "quarter": 2,
            "eps": 0.54,
            "eps_growth_year": 35,
            "eps_4q": 1.56,
            "eps_4q_growth_year": 0.17,
            "roe": 2.96,
            "roe_4q": 7.42,
            "gross_profit": 6009027,
            "gross_margin": 5.41,
            "gross_margin_4q_avg": 5.49,
            "net_income": 1725368,
            "net_income_4q": null,
            "revenue": 111119931,
            "revenue_4q": null,
            "common_shares": 35874751,
            "book_valuer_per_share": 14.39,
            "book_valuer_per_share_4q_avg": 14.91,
            "equity": 56822186,
            "current_ratio": 113.14,
            "debt_ratio": 72.25,
            "inventory_turnover_ratio": 3.15,
            "account_receivable_turnover_ratio": 1.4,
            "reinvestment_rate": 4.47,
            "research_to_sale_ratio": 1.93,
            "price_fair": 60.11,
            "eps_avg_yearly": 1.72,
            "eps_latest_yearly": 2.16,
            "eps_growth_yearly": 48.29
        },
        "20173": {
            "year_quarter": 20173,
            "year": 2017,
            "quarter": 3,
            "eps": 0.65,
            "eps_growth_year": 91.18,
            "eps_4q": 1.87,
            "eps_4q_growth_year": 38.13,
            "roe": 3.8,
            "roe_4q": 10.08,
            "gross_profit": 6786102,
            "gross_margin": 5.47,
            "gross_margin_4q_avg": 5.53,
            "net_income": 2208456,
            "net_income_4q": null,
            "revenue": 123960048,
            "revenue_4q": null,
            "common_shares": 35874751,
            "book_valuer_per_share": 15.17,
            "book_valuer_per_share_4q_avg": 14.99,
            "equity": 59468430,
            "current_ratio": 115.76,
            "debt_ratio": 73.55,
            "inventory_turnover_ratio": 2.81,
            "account_receivable_turnover_ratio": 1.46,
            "reinvestment_rate": 5.41,
            "research_to_sale_ratio": 1.84,
            "price_fair": 61.16,
            "eps_avg_yearly": 1.75,
            "eps_latest_yearly": 2.6,
            "eps_growth_yearly": 48.93
        },
        "20174": {
            "year_quarter": 20174,
            "year": 2017,
            "quarter": 4,
            "eps": 0.51,
            "eps_growth_year": 2.66,
            "eps_4q": 1.88,
            "eps_4q_growth_year": 19.83,
            "roe": 0.08,
            "roe_4q": 7.4399999999999995,
            "gross_profit": 6692235,
            "gross_margin": 5.04,
            "gross_margin_4q_avg": 5.37,
            "net_income": 45741,
            "net_income_4q": null,
            "revenue": 132677380,
            "revenue_4q": null,
            "common_shares": 35874751,
            "book_valuer_per_share": 15.52,
            "book_valuer_per_share_4q_avg": 15.05,
            "equity": 58930614,
            "current_ratio": 117.85,
            "debt_ratio": 71.77,
            "inventory_turnover_ratio": 2.89,
            "account_receivable_turnover_ratio": 1.61,
            "reinvestment_rate": -6.42,
            "research_to_sale_ratio": 1.7,
            "price_fair": 61.25,
            "eps_avg_yearly": 1.75,
            "eps_latest_yearly": 2.04,
            "eps_growth_yearly": 44.96
        },
        "20181": {
            "year_quarter": 20181,
            "year": 2018,
            "quarter": 1,
            "eps": 0.35,
            "eps_growth_year": 84.21,
            "eps_4q": 2.05,
            "eps_4q_growth_year": 44.52,
            "roe": 1.68,
            "roe_4q": 8.52,
            "gross_profit": 5319526,
            "gross_margin": 5.08,
            "gross_margin_4q_avg": 5.25,
            "net_income": 999770,
            "net_income_4q": null,
            "revenue": 104809377,
            "revenue_4q": null,
            "common_shares": 35874751,
            "book_valuer_per_share": 15.87,
            "book_valuer_per_share_4q_avg": 15.24,
            "equity": 60233575,
            "current_ratio": 121.36,
            "debt_ratio": 69.16,
            "inventory_turnover_ratio": 2.39,
            "account_receivable_turnover_ratio": 1.49,
            "reinvestment_rate": -9.9,
            "research_to_sale_ratio": 2,
            "price_fair": 59.68,
            "eps_avg_yearly": 1.71,
            "eps_latest_yearly": 1.4,
            "eps_growth_yearly": 35.62
        },
        "20182": {
            "year_quarter": 20182,
            "year": 2018,
            "quarter": 2,
            "eps": 0.62,
            "eps_growth_year": 14.81,
            "eps_4q": 2.13,
            "eps_4q_growth_year": 36.89,
            "roe": 3.43,
            "roe_4q": 8.99,
            "gross_profit": 6356244,
            "gross_margin": 5.01,
            "gross_margin_4q_avg": 5.15,
            "net_income": 1999863,
            "net_income_4q": null,
            "revenue": 126900032,
            "revenue_4q": null,
            "common_shares": 35874751,
            "book_valuer_per_share": 14.86,
            "book_valuer_per_share_4q_avg": 15.36,
            "equity": 56371398,
            "current_ratio": 120.41,
            "debt_ratio": 74.29,
            "inventory_turnover_ratio": 2.57,
            "account_receivable_turnover_ratio": 1.67,
            "reinvestment_rate": -15.63,
            "research_to_sale_ratio": 1.8,
            "price_fair": 61.51,
            "eps_avg_yearly": 1.76,
            "eps_latest_yearly": 2.48,
            "eps_growth_yearly": 60.57
        },
        "20183": {
            "year_quarter": 20183,
            "year": 2018,
            "quarter": 3,
            "eps": 0.44,
            "eps_growth_year": -32.31,
            "eps_4q": 1.92,
            "eps_4q_growth_year": 2.94,
            "roe": 2.23,
            "roe_4q": 7.42,
            "gross_profit": 6696796,
            "gross_margin": 4.75,
            "gross_margin_4q_avg": 4.97,
            "net_income": 1260878,
            "net_income_4q": null,
            "revenue": 141072590,
            "revenue_4q": null,
            "common_shares": 35874751,
            "book_valuer_per_share": 15,
            "book_valuer_per_share_4q_avg": 15.31,
            "equity": 56518868,
            "current_ratio": 118.94,
            "debt_ratio": 73.73,
            "inventory_turnover_ratio": 2.57,
            "account_receivable_turnover_ratio": 1.52,
            "reinvestment_rate": -21.35,
            "research_to_sale_ratio": 1.54,
            "price_fair": 60.9,
            "eps_avg_yearly": 1.74,
            "eps_latest_yearly": 1.76,
            "eps_growth_yearly": 47.21
        },
        "20184": {
            "year_quarter": 20184,
            "year": 2018,
            "quarter": 4,
            "eps": 0.4,
            "eps_growth_year": -22.21,
            "eps_4q": 1.81,
            "eps_4q_growth_year": -3.78,
            "roe": 1.85,
            "roe_4q": 9.19,
            "gross_profit": 5509018,
            "gross_margin": 4.11,
            "gross_margin_4q_avg": 4.74,
            "net_income": 1058485,
            "net_income_4q": null,
            "revenue": 134102019,
            "revenue_4q": null,
            "common_shares": 35874751,
            "book_valuer_per_share": 15.43,
            "book_valuer_per_share_4q_avg": 15.29,
            "equity": 57721517,
            "current_ratio": 119.34,
            "debt_ratio": 71.95,
            "inventory_turnover_ratio": 2.64,
            "account_receivable_turnover_ratio": 1.43,
            "reinvestment_rate": -24.86,
            "research_to_sale_ratio": 1.68,
            "price_fair": 59.76,
            "eps_avg_yearly": 1.71,
            "eps_latest_yearly": 1.6,
            "eps_growth_yearly": 43.96
        },
        "20191": {
            "year_quarter": 20191,
            "year": 2019,
            "quarter": 1,
            "eps": 0.47,
            "eps_growth_year": 34.29,
            "eps_4q": 1.93,
            "eps_4q_growth_year": -5.75,
            "roe": 2.22,
            "roe_4q": 9.73,
            "gross_profit": 5404198,
            "gross_margin": 4.7,
            "gross_margin_4q_avg": 4.64,
            "net_income": 1307901,
            "net_income_4q": null,
            "revenue": 114864881,
            "revenue_4q": null,
            "common_shares": 35874751,
            "book_valuer_per_share": 16.16,
            "book_valuer_per_share_4q_avg": 15.36,
            "equity": 59984595,
            "current_ratio": 123.21,
            "debt_ratio": 69.72,
            "inventory_turnover_ratio": 2.49,
            "account_receivable_turnover_ratio": 1.33,
            "reinvestment_rate": -25.74,
            "research_to_sale_ratio": 2.12,
            "price_fair": 60.29,
            "eps_avg_yearly": 1.72,
            "eps_latest_yearly": 1.88,
            "eps_growth_yearly": 53.99
        },
        "20192": {
            "year_quarter": 20192,
            "year": 2019,
            "quarter": 2,
            "eps": 0.38,
            "eps_growth_year": -38.71,
            "eps_4q": 1.69,
            "eps_4q_growth_year": -20.97,
            "roe": 2.13,
            "roe_4q": 8.43,
            "gross_profit": 5216314,
            "gross_margin": 4.08,
            "gross_margin_4q_avg": 4.41,
            "net_income": 1232251,
            "net_income_4q": null,
            "revenue": 127802043,
            "revenue_4q": null,
            "common_shares": 35874751,
            "book_valuer_per_share": 14.97,
            "book_valuer_per_share_4q_avg": 15.39,
            "equity": 55575828,
            "current_ratio": 117.66,
            "debt_ratio": 73.77,
            "inventory_turnover_ratio": 2.71,
            "account_receivable_turnover_ratio": 1.47,
            "reinvestment_rate": -26.79,
            "research_to_sale_ratio": 1.74,
            "price_fair": 60.81,
            "eps_avg_yearly": 1.74,
            "eps_latest_yearly": 1.52,
            "eps_growth_yearly": 54.69
        },
        "20193": {
            "year_quarter": 20193,
            "year": 2019,
            "quarter": 3,
            "eps": 0.3,
            "eps_growth_year": -31.82,
            "eps_4q": 1.55,
            "eps_4q_growth_year": -19.69,
            "roe": 1.8,
            "roe_4q": 8,
            "gross_profit": 6016210,
            "gross_margin": 4.67,
            "gross_margin_4q_avg": 4.39,
            "net_income": 1004712,
            "net_income_4q": null,
            "revenue": 128707851,
            "revenue_4q": null,
            "common_shares": 35874751,
            "book_valuer_per_share": 15.18,
            "book_valuer_per_share_4q_avg": 15.44,
            "equity": 56281015,
            "current_ratio": 119.26,
            "debt_ratio": 72.68,
            "inventory_turnover_ratio": 2.67,
            "account_receivable_turnover_ratio": 1.41,
            "reinvestment_rate": -30.73,
            "research_to_sale_ratio": 1.84,
            "price_fair": 58.71,
            "eps_avg_yearly": 1.68,
            "eps_latest_yearly": 1.2,
            "eps_growth_yearly": 32.24
        },
        "20194": {
            "year_quarter": 20194,
            "year": 2019,
            "quarter": 4,
            "eps": 0.39,
            "eps_growth_year": -2.63,
            "eps_4q": 1.54,
            "eps_4q_growth_year": -15.26,
            "roe": 2.28,
            "roe_4q": 8.43,
            "gross_profit": 6194373,
            "gross_margin": 4.78,
            "gross_margin_4q_avg": 4.56,
            "net_income": 1292133,
            "net_income_4q": null,
            "revenue": 129578038,
            "revenue_4q": null,
            "common_shares": 35874751,
            "book_valuer_per_share": 15.41,
            "book_valuer_per_share_4q_avg": 15.43,
            "equity": 56971228,
            "current_ratio": 119.77,
            "debt_ratio": 70.5,
            "inventory_turnover_ratio": 2.94,
            "account_receivable_turnover_ratio": 1.46,
            "reinvestment_rate": -20.7,
            "research_to_sale_ratio": 1.93,
            "price_fair": 59.68,
            "eps_avg_yearly": 1.71,
            "eps_latest_yearly": 1.56,
            "eps_growth_yearly": 51.78
        },
        "20201": {
            "year_quarter": 20201,
            "year": 2020,
            "quarter": 1,
            "eps": 0.85,
            "eps_growth_year": 80.85,
            "eps_4q": 1.91,
            "eps_4q_growth_year": -1.19,
            "roe": 5.27,
            "roe_4q": 11.48,
            "gross_profit": 4195750,
            "gross_margin": 4.73,
            "gross_margin_4q_avg": 4.57,
            "net_income": 2934734,
            "net_income_4q": null,
            "revenue": 88679110,
            "revenue_4q": null,
            "common_shares": 35874751,
            "book_valuer_per_share": 14.96,
            "book_valuer_per_share_4q_avg": 15.13,
            "equity": 54432978,
            "current_ratio": 118.39,
            "debt_ratio": 72.29,
            "inventory_turnover_ratio": 1.83,
            "account_receivable_turnover_ratio": 1.22,
            "reinvestment_rate": -41.57,
            "research_to_sale_ratio": 2.56,
            "price_fair": 64.14,
            "eps_avg_yearly": 1.83,
            "eps_latest_yearly": 3.4,
            "eps_growth_yearly": 75.91
        },
        "20202": {
            "year_quarter": 20202,
            "year": 2020,
            "quarter": 2,
            "eps": 0.46,
            "eps_growth_year": 21.05,
            "eps_4q": 1.99,
            "eps_4q_growth_year": 17.91,
            "roe": 2.75,
            "roe_4q": 12.1,
            "gross_profit": 6034467,
            "gross_margin": 4.06,
            "gross_margin_4q_avg": 4.56,
            "net_income": 1518842,
            "net_income_4q": null,
            "revenue": 148757797,
            "revenue_4q": null,
            "common_shares": 35874751,
            "book_valuer_per_share": 15.42,
            "book_valuer_per_share_4q_avg": 15.24,
            "equity": 55947946,
            "current_ratio": 113.45,
            "debt_ratio": 77.19,
            "inventory_turnover_ratio": 2.63,
            "account_receivable_turnover_ratio": 1.81,
            "reinvestment_rate": -38.07,
            "research_to_sale_ratio": 1.54,
            "price_fair": 64.66,
            "eps_avg_yearly": 1.85,
            "eps_latest_yearly": 1.84,
            "eps_growth_yearly": 60.03
        },
        "20203": {
            "year_quarter": 20203,
            "year": 2020,
            "quarter": 3,
            "eps": 0.54,
            "eps_growth_year": 80,
            "eps_4q": 2.23,
            "eps_4q_growth_year": 44.36,
            "roe": 3.06,
            "roe_4q": 13.36,
            "gross_profit": 5851313,
            "gross_margin": 4.02,
            "gross_margin_4q_avg": 4.4,
            "net_income": 1744317,
            "net_income_4q": null,
            "revenue": 145380375,
            "revenue_4q": null,
            "common_shares": 35874751,
            "book_valuer_per_share": 16.04,
            "book_valuer_per_share_4q_avg": 15.46,
            "equity": 57985164,
            "current_ratio": 115.97,
            "debt_ratio": 74.96,
            "inventory_turnover_ratio": 2.78,
            "account_receivable_turnover_ratio": 1.36,
            "reinvestment_rate": -38.33,
            "research_to_sale_ratio": 1.74,
            "price_fair": 66.41,
            "eps_avg_yearly": 1.9,
            "eps_latest_yearly": 2.16,
            "eps_growth_yearly": 68.13
        },
        "20204": {
            "year_quarter": 20204,
            "year": 2020,
            "quarter": 4,
            "eps": 0.26,
            "eps_growth_year": -33.07,
            "eps_4q": 2.1,
            "eps_4q_growth_year": 37.04,
            "roe": 0.65,
            "roe_4q": 11.73,
            "gross_profit": 5031387,
            "gross_margin": 4.01,
            "gross_margin_4q_avg": 4.21,
            "net_income": 375085,
            "net_income_4q": null,
            "revenue": 125476916,
            "revenue_4q": null,
            "common_shares": 35874751,
            "book_valuer_per_share": 16.16,
            "book_valuer_per_share_4q_avg": 15.65,
            "equity": 57890743,
            "current_ratio": 123.43,
            "debt_ratio": 72.97,
            "inventory_turnover_ratio": 2.73,
            "account_receivable_turnover_ratio": 1.26,
            "reinvestment_rate": -40.2,
            "research_to_sale_ratio": 2.09,
            "price_fair": 64.31,
            "eps_avg_yearly": 1.84,
            "eps_latest_yearly": 1.04,
            "eps_growth_yearly": 43.4
        },
        "20211": {
            "year_quarter": 20211,
            "year": 2021,
            "quarter": 1,
            "eps": 0.32,
            "eps_growth_year": -62.35,
            "eps_4q": 1.58,
            "eps_4q_growth_year": -17.27,
            "roe": 1.95,
            "roe_4q": 8.41,
            "gross_profit": 5120184,
            "gross_margin": 4.58,
            "gross_margin_4q_avg": 4.17,
            "net_income": 1077147,
            "net_income_4q": null,
            "revenue": 111848189,
            "revenue_4q": null,
            "common_shares": 35874751,
            "book_valuer_per_share": 14.65,
            "book_valuer_per_share_4q_avg": 15.57,
            "equity": 52404150,
            "current_ratio": 116.44,
            "debt_ratio": 75.92,
            "inventory_turnover_ratio": 2.46,
            "account_receivable_turnover_ratio": 1.25,
            "reinvestment_rate": -36.94,
            "research_to_sale_ratio": 2.21,
            "price_fair": 65.45,
            "eps_avg_yearly": 1.87,
            "eps_latest_yearly": 1.28,
            "eps_growth_yearly": 64.67
        },
        "20212": {
            "year_quarter": 20212,
            "year": 2021,
            "quarter": 2,
            "eps": 0.32,
            "eps_growth_year": -30.43,
            "eps_4q": 1.43,
            "eps_4q_growth_year": -28.07,
            "roe": 1.93,
            "roe_4q": 7.59,
            "gross_profit": 5148117,
            "gross_margin": 4.48,
            "gross_margin_4q_avg": 4.27,
            "net_income": 1010090,
            "net_income_4q": null,
            "revenue": 114803528,
            "revenue_4q": null,
            "common_shares": 35874751,
            "book_valuer_per_share": 14.7,
            "book_valuer_per_share_4q_avg": 15.39,
            "equity": 52450098,
            "current_ratio": 121.95,
            "debt_ratio": 76.92,
            "inventory_turnover_ratio": 2.23,
            "account_receivable_turnover_ratio": 1.3,
            "reinvestment_rate": -37.17,
            "research_to_sale_ratio": 2.13,
            "price_fair": 51.94,
            "eps_avg_yearly": 1.82,
            "eps_latest_yearly": 1.28,
            "eps_growth_yearly": 18.62
        },
        "20213": {
            "year_quarter": 20213,
            "year": 2021,
            "quarter": 3,
            "eps": 0.78,
            "eps_growth_year": 44.44,
            "eps_4q": 1.67,
            "eps_4q_growth_year": -25.01,
            "roe": 5.02,
            "roe_4q": 9.549999999999999,
            "gross_profit": 5907252,
            "gross_margin": 4.07,
            "gross_margin_4q_avg": 4.29,
            "net_income": 2690379,
            "net_income_4q": null,
            "revenue": 145079137,
            "revenue_4q": null,
            "common_shares": 35874751,
            "book_valuer_per_share": 15.35,
            "book_valuer_per_share_4q_avg": 15.22,
            "equity": 54677097,
            "current_ratio": 120.4,
            "debt_ratio": 78.8,
            "inventory_turnover_ratio": 2.28,
            "account_receivable_turnover_ratio": 1.47,
            "reinvestment_rate": -35.64,
            "research_to_sale_ratio": 1.79,
            "price_fair": 64.66,
            "eps_avg_yearly": 1.85,
            "eps_latest_yearly": 3.12,
            "eps_growth_yearly": 49.46
        },
        "20214": {
            "year_quarter": 20214,
            "year": 2021,
            "quarter": 4,
            "eps": 0.41,
            "eps_growth_year": 57.81,
            "eps_4q": 1.82,
            "eps_4q_growth_year": -13.38,
            "roe": 2.11,
            "roe_4q": 11.009999999999998,
            "gross_profit": 6119009,
            "gross_margin": 4.13,
            "gross_margin_4q_avg": 4.32,
            "net_income": 1169477,
            "net_income_4q": null,
            "revenue": 148001194,
            "revenue_4q": null,
            "common_shares": 35874751,
            "book_valuer_per_share": 15.91,
            "book_valuer_per_share_4q_avg": 15.15,
            "equity": 56398094,
            "current_ratio": 115.3,
            "debt_ratio": 77.22,
            "inventory_turnover_ratio": 2.16,
            "account_receivable_turnover_ratio": 1.39,
            "reinvestment_rate": -21.54,
            "research_to_sale_ratio": 2.08,
            "price_fair": 63.79,
            "eps_avg_yearly": 1.82,
            "eps_latest_yearly": 1.64,
            "eps_growth_yearly": 42.99
        },
        "20221": {
            "year_quarter": 20221,
            "year": 2022,
            "quarter": 1,
            "eps": 0.41,
            "eps_growth_year": 28.12,
            "eps_4q": 1.92,
            "eps_4q_growth_year": 21.53,
            "roe": 2.64,
            "roe_4q": 11.7,
            "gross_profit": 5731307,
            "gross_margin": 4.45,
            "gross_margin_4q_avg": 4.28,
            "net_income": 1458711,
            "net_income_4q": null,
            "revenue": 128795023,
            "revenue_4q": null,
            "common_shares": 35874751,
            "book_valuer_per_share": 15.26,
            "book_valuer_per_share_4q_avg": 15.31,
            "equity": 54037777,
            "current_ratio": 112.24,
            "debt_ratio": 79.7,
            "inventory_turnover_ratio": 1.77,
            "account_receivable_turnover_ratio": 1.3,
            "reinvestment_rate": -14.19,
            "research_to_sale_ratio": 2.25,
            "price_fair": 64.31,
            "eps_avg_yearly": 1.84,
            "eps_latest_yearly": 1.64,
            "eps_growth_yearly": 50.83
        },
        "20222": {
            "year_quarter": 20222,
            "year": 2022,
            "quarter": 2,
            "eps": 0.42,
            "eps_growth_year": 31.25,
            "eps_4q": 2.02,
            "eps_4q_growth_year": 41.16,
            "roe": 2.72,
            "roe_4q": 12.49,
            "gross_profit": 5922691,
            "gross_margin": 4.36,
            "gross_margin_4q_avg": 4.25,
            "net_income": 1490451,
            "net_income_4q": null,
            "revenue": 135746794,
            "revenue_4q": null,
            "common_shares": 35874751,
            "book_valuer_per_share": 15.64,
            "book_valuer_per_share_4q_avg": 15.54,
            "equity": 55392309,
            "current_ratio": 111.65,
            "debt_ratio": 80.01,
            "inventory_turnover_ratio": 1.7,
            "account_receivable_turnover_ratio": 1.4,
            "reinvestment_rate": -5.45,
            "research_to_sale_ratio": 2.01,
            "price_fair": 62.56,
            "eps_avg_yearly": 1.79,
            "eps_latest_yearly": 1.68,
            "eps_growth_yearly": 32.15
        },
        "20223": {
            "year_quarter": 20223,
            "year": 2022,
            "quarter": 3,
            "eps": 0.49,
            "eps_growth_year": -37.18,
            "eps_4q": 1.73,
            "eps_4q_growth_year": 3.22,
            "roe": 3.06,
            "roe_4q": 10.53,
            "gross_profit": 7339927,
            "gross_margin": 5.15,
            "gross_margin_4q_avg": 4.52,
            "net_income": 1740776,
            "net_income_4q": null,
            "revenue": 142452075,
            "revenue_4q": null,
            "common_shares": 35874751,
            "book_valuer_per_share": 16.44,
            "book_valuer_per_share_4q_avg": 15.81,
            "equity": 58257907,
            "current_ratio": 118.43,
            "debt_ratio": 78.33,
            "inventory_turnover_ratio": 1.79,
            "account_receivable_turnover_ratio": 1.39,
            "reinvestment_rate": 0.72,
            "research_to_sale_ratio": 2.16,
            "price_fair": 63,
            "eps_avg_yearly": 1.8,
            "eps_latest_yearly": 1.96,
            "eps_growth_yearly": 43.58
        },
        "20224": {
            "year_quarter": 20224,
            "year": 2022,
            "quarter": 4,
            "eps": 0.39,
            "eps_growth_year": -4.63,
            "eps_4q": 1.71,
            "eps_4q_growth_year": -6.26,
            "roe": 2.34,
            "roe_4q": 10.760000000000002,
            "gross_profit": 7009217,
            "gross_margin": 5.2,
            "gross_margin_4q_avg": 4.79,
            "net_income": 1372071,
            "net_income_4q": null,
            "revenue": 134756958,
            "revenue_4q": null,
            "common_shares": 35874751,
            "book_valuer_per_share": 16.6,
            "book_valuer_per_share_4q_avg": 15.99,
            "equity": 58806254,
            "current_ratio": 121.92,
            "debt_ratio": 74.89,
            "inventory_turnover_ratio": 2.02,
            "account_receivable_turnover_ratio": 1.38,
            "reinvestment_rate": 4.98,
            "research_to_sale_ratio": 2.52,
            "price_fair": 62.91,
            "eps_avg_yearly": 1.8,
            "eps_latest_yearly": 1.56,
            "eps_growth_yearly": 40.75
        },
        "20231": {
            "year_quarter": 20231,
            "year": 2023,
            "quarter": 1,
            "eps": 0.25,
            "eps_growth_year": -39.02,
            "eps_4q": 1.54,
            "eps_4q_growth_year": -19.72,
            "roe": 1.53,
            "roe_4q": 9.65,
            "gross_profit": 5921876,
            "gross_margin": 4.93,
            "gross_margin_4q_avg": 4.91,
            "net_income": 871257,
            "net_income_4q": null,
            "revenue": 120182904,
            "revenue_4q": null,
            "common_shares": 35874751,
            "book_valuer_per_share": 15.49,
            "book_valuer_per_share_4q_avg": 16.04,
            "equity": 54816115,
            "current_ratio": 111.86,
            "debt_ratio": 76.23,
            "inventory_turnover_ratio": 2.24,
            "account_receivable_turnover_ratio": 1.36,
            "reinvestment_rate": 6.27,
            "research_to_sale_ratio": 2.34,
            "price_fair": 60.99,
            "eps_avg_yearly": 1.74,
            "eps_latest_yearly": 1,
            "eps_growth_yearly": 27.4
        },
        "20232": {
            "year_quarter": 20232,
            "year": 2023,
            "quarter": 2,
            "eps": 0.39,
            "eps_growth_year": -7.14,
            "eps_4q": 1.51,
            "eps_4q_growth_year": -25.31,
            "roe": 2.48,
            "roe_4q": 9.41,
            "gross_profit": 6018215,
            "gross_margin": 4.61,
            "gross_margin_4q_avg": 4.97,
            "net_income": 1377013,
            "net_income_4q": null,
            "revenue": 130651347,
            "revenue_4q": null,
            "common_shares": 35874751,
            "book_valuer_per_share": 15.92,
            "book_valuer_per_share_4q_avg": 16.11,
            "equity": 56318259,
            "current_ratio": 112.08,
            "debt_ratio": 75.78,
            "inventory_turnover_ratio": 2.48,
            "account_receivable_turnover_ratio": 1.42,
            "reinvestment_rate": -4.5,
            "research_to_sale_ratio": 2.13,
            "price_fair": 61.08,
            "eps_avg_yearly": 1.75,
            "eps_latest_yearly": 1.56,
            "eps_growth_yearly": 46.19
        },
        "20233": {
            "year_quarter": 20233,
            "year": 2023,
            "quarter": 3,
            "eps": 0.52,
            "eps_growth_year": 6.12,
            "eps_4q": 1.54,
            "eps_4q_growth_year": -10.65,
            "roe": 3.17,
            "roe_4q": 9.52,
            "gross_profit": 7083255,
            "gross_margin": 5.21,
            "gross_margin_4q_avg": 4.99,
            "net_income": 1841088,
            "net_income_4q": null,
            "revenue": 135840675,
            "revenue_4q": null,
            "common_shares": 35874751,
            "book_valuer_per_share": 16.91,
            "book_valuer_per_share_4q_avg": 16.23,
            "equity": 59852453,
            "current_ratio": 112.42,
            "debt_ratio": 76.37,
            "inventory_turnover_ratio": 2.5,
            "account_receivable_turnover_ratio": 1.34,
            "reinvestment_rate": 0.87,
            "research_to_sale_ratio": 2.19,
            "price_fair": 63,
            "eps_avg_yearly": 1.8,
            "eps_latest_yearly": 2.08,
            "eps_growth_yearly": 59.78
        }
    },
    "months": {
        "2001-06": {
            "month": "2001-06",
            "price": "30.76",
            "revenue": 5530005
        },
        "2001-07": {
            "month": "2001-07",
            "price": "23.01",
            "revenue": 4489224
        },
        "2001-08": {
            "month": "2001-08",
            "price": "21.78",
            "revenue": 4511953
        },
        "2001-09": {
            "month": "2001-09",
            "price": "17.03",
            "revenue": 5442898
        },
        "2001-10": {
            "month": "2001-10",
            "price": "16.44",
            "revenue": 4945114
        },
        "2001-11": {
            "month": "2001-11",
            "price": "18.48",
            "revenue": 4535022
        },
        "2001-12": {
            "month": "2001-12",
            "price": "24.35",
            "revenue": 4399244
        },
        "2002-01": {
            "month": "2002-01",
            "price": "30.11",
            "revenue": 3915280
        },
        "2002-02": {
            "month": "2002-02",
            "price": "31.48",
            "revenue": 4873968
        },
        "2002-03": {
            "month": "2002-03",
            "price": "32.25",
            "revenue": 6627434
        },
        "2002-04": {
            "month": "2002-04",
            "price": "33.32",
            "revenue": 5637419
        },
        "2002-05": {
            "month": "2002-05",
            "price": "30.07",
            "revenue": 6345266
        },
        "2002-06": {
            "month": "2002-06",
            "price": "29.64",
            "revenue": 6275992
        },
        "2002-07": {
            "month": "2002-07",
            "price": "24.67",
            "revenue": 4326221
        },
        "2002-08": {
            "month": "2002-08",
            "price": "23.66",
            "revenue": 4377515
        },
        "2002-09": {
            "month": "2002-09",
            "price": "23.18",
            "revenue": 6599547
        },
        "2002-10": {
            "month": "2002-10",
            "price": "21.55",
            "revenue": 5963203
        },
        "2002-11": {
            "month": "2002-11",
            "price": "21.47",
            "revenue": 6201408
        },
        "2002-12": {
            "month": "2002-12",
            "price": "21.31",
            "revenue": 7178195
        },
        "2003-01": {
            "month": "2003-01",
            "price": "21.12",
            "revenue": 7001611
        },
        "2003-02": {
            "month": "2003-02",
            "price": "20.29",
            "revenue": 5345758
        },
        "2003-03": {
            "month": "2003-03",
            "price": "20.52",
            "revenue": 6655055
        },
        "2003-04": {
            "month": "2003-04",
            "price": "22.21",
            "revenue": 7008183
        },
        "2003-05": {
            "month": "2003-05",
            "price": "20.15",
            "revenue": 6504045
        },
        "2003-06": {
            "month": "2003-06",
            "price": "21.86",
            "revenue": 5817688
        },
        "2003-07": {
            "month": "2003-07",
            "price": "22.40",
            "revenue": 6031971
        },
        "2003-08": {
            "month": "2003-08",
            "price": "21.11",
            "revenue": 6052881
        },
        "2003-09": {
            "month": "2003-09",
            "price": "22.24",
            "revenue": 7064116
        },
        "2003-10": {
            "month": "2003-10",
            "price": "22.05",
            "revenue": 7071189
        },
        "2003-11": {
            "month": "2003-11",
            "price": "21.46",
            "revenue": 7879452
        },
        "2003-12": {
            "month": "2003-12",
            "price": "20.13",
            "revenue": 9145051
        },
        "2004-01": {
            "month": "2004-01",
            "price": "20.40",
            "revenue": 7932826
        },
        "2004-02": {
            "month": "2004-02",
            "price": "21.04",
            "revenue": 8719669
        },
        "2004-03": {
            "month": "2004-03",
            "price": "21.33",
            "revenue": 11011925
        },
        "2004-04": {
            "month": "2004-04",
            "price": "22.64",
            "revenue": 10103920
        },
        "2004-05": {
            "month": "2004-05",
            "price": "20.50",
            "revenue": 8484209
        },
        "2004-06": {
            "month": "2004-06",
            "price": "21.03",
            "revenue": 12365276
        },
        "2004-07": {
            "month": "2004-07",
            "price": "17.94",
            "revenue": 13036889
        },
        "2004-08": {
            "month": "2004-08",
            "price": "17.71",
            "revenue": 12600940
        },
        "2004-09": {
            "month": "2004-09",
            "price": "17.28",
            "revenue": 13045625
        },
        "2004-10": {
            "month": "2004-10",
            "price": "16.52",
            "revenue": 11241896
        },
        "2004-11": {
            "month": "2004-11",
            "price": "15.96",
            "revenue": 12069300
        },
        "2004-12": {
            "month": "2004-12",
            "price": "15.76",
            "revenue": 10757243
        },
        "2005-01": {
            "month": "2005-01",
            "price": "15.94",
            "revenue": 9561281
        },
        "2005-02": {
            "month": "2005-02",
            "price": "16.43",
            "revenue": 10434411
        },
        "2005-03": {
            "month": "2005-03",
            "price": "15.58",
            "revenue": 12970446
        },
        "2005-04": {
            "month": "2005-04",
            "price": "14.33",
            "revenue": 13393508
        },
        "2005-05": {
            "month": "2005-05",
            "price": "14.05",
            "revenue": 10750959
        },
        "2005-06": {
            "month": "2005-06",
            "price": "14.74",
            "revenue": 12906324
        },
        "2005-07": {
            "month": "2005-07",
            "price": "14.48",
            "revenue": 12868790
        },
        "2005-08": {
            "month": "2005-08",
            "price": "14.55",
            "revenue": 13552238
        },
        "2005-09": {
            "month": "2005-09",
            "price": "15.71",
            "revenue": 15748683
        },
        "2005-10": {
            "month": "2005-10",
            "price": "16.70",
            "revenue": 16940911
        },
        "2005-11": {
            "month": "2005-11",
            "price": "16.58",
            "revenue": 15231779
        },
        "2005-12": {
            "month": "2005-12",
            "price": "21.01",
            "revenue": 18194860
        },
        "2006-01": {
            "month": "2006-01",
            "price": "22.13",
            "revenue": 14574741
        },
        "2006-02": {
            "month": "2006-02",
            "price": "21.93",
            "revenue": 15662142
        },
        "2006-03": {
            "month": "2006-03",
            "price": "18.77",
            "revenue": 19695069
        },
        "2006-04": {
            "month": "2006-04",
            "price": "19.68",
            "revenue": 19484812
        },
        "2006-05": {
            "month": "2006-05",
            "price": "22.57",
            "revenue": 14728053
        },
        "2006-06": {
            "month": "2006-06",
            "price": "19.89",
            "revenue": 18720372
        },
        "2006-07": {
            "month": "2006-07",
            "price": "19.71",
            "revenue": 18321989
        },
        "2006-08": {
            "month": "2006-08",
            "price": "19.55",
            "revenue": 18443619
        },
        "2006-09": {
            "month": "2006-09",
            "price": "20.74",
            "revenue": 23220168
        },
        "2006-10": {
            "month": "2006-10",
            "price": "21.49",
            "revenue": 28569692
        },
        "2006-11": {
            "month": "2006-11",
            "price": "25.48",
            "revenue": 26328549
        },
        "2006-12": {
            "month": "2006-12",
            "price": "27.65",
            "revenue": 18221825
        },
        "2007-01": {
            "month": "2007-01",
            "price": "27.86",
            "revenue": 19261989
        },
        "2007-02": {
            "month": "2007-02",
            "price": "26.89",
            "revenue": 17744536
        },
        "2007-03": {
            "month": "2007-03",
            "price": "25.52",
            "revenue": 21168403
        },
        "2007-04": {
            "month": "2007-04",
            "price": "25.60",
            "revenue": 15812097
        },
        "2007-05": {
            "month": "2007-05",
            "price": "24.11",
            "revenue": 15938226
        },
        "2007-06": {
            "month": "2007-06",
            "price": "24.61",
            "revenue": 15164535
        },
        "2007-07": {
            "month": "2007-07",
            "price": "24.80",
            "revenue": 15570328
        },
        "2007-08": {
            "month": "2007-08",
            "price": "20.96",
            "revenue": 18307225
        },
        "2007-09": {
            "month": "2007-09",
            "price": "20.16",
            "revenue": 23051095
        },
        "2007-10": {
            "month": "2007-10",
            "price": "20.12",
            "revenue": 25498502
        },
        "2007-11": {
            "month": "2007-11",
            "price": "18.97",
            "revenue": 24349136
        },
        "2007-12": {
            "month": "2007-12",
            "price": "17.64",
            "revenue": 27308532
        },
        "2008-01": {
            "month": "2008-01",
            "price": "17.23",
            "revenue": 23451226
        },
        "2008-02": {
            "month": "2008-02",
            "price": "17.58",
            "revenue": 20748809
        },
        "2008-03": {
            "month": "2008-03",
            "price": "18.32",
            "revenue": 21823500
        },
        "2008-04": {
            "month": "2008-04",
            "price": "19.05",
            "revenue": 24657243
        },
        "2008-05": {
            "month": "2008-05",
            "price": "19.49",
            "revenue": 24104197
        },
        "2008-06": {
            "month": "2008-06",
            "price": "18.33",
            "revenue": 22541254
        },
        "2008-07": {
            "month": "2008-07",
            "price": "16.08",
            "revenue": 31026055
        },
        "2008-08": {
            "month": "2008-08",
            "price": "17.53",
            "revenue": 36355624
        },
        "2008-09": {
            "month": "2008-09",
            "price": "16.57",
            "revenue": 40511367
        },
        "2008-10": {
            "month": "2008-10",
            "price": "13.09",
            "revenue": 38597925
        },
        "2008-11": {
            "month": "2008-11",
            "price": "9.16",
            "revenue": 39048055
        },
        "2008-12": {
            "month": "2008-12",
            "price": "9.02",
            "revenue": 27787730
        },
        "2009-01": {
            "month": "2009-01",
            "price": "9.18",
            "revenue": 24917514
        },
        "2009-02": {
            "month": "2009-02",
            "price": "9.66",
            "revenue": 30654715
        },
        "2009-03": {
            "month": "2009-03",
            "price": "12.29",
            "revenue": 33912883
        },
        "2009-04": {
            "month": "2009-04",
            "price": "14.93",
            "revenue": 32742008
        },
        "2009-05": {
            "month": "2009-05",
            "price": "19.65",
            "revenue": 28569252
        },
        "2009-06": {
            "month": "2009-06",
            "price": "19.19",
            "revenue": 36335775
        },
        "2009-07": {
            "month": "2009-07",
            "price": "19.58",
            "revenue": 37237972
        },
        "2009-08": {
            "month": "2009-08",
            "price": "18.52",
            "revenue": 37615840
        },
        "2009-09": {
            "month": "2009-09",
            "price": "18.72",
            "revenue": 34384036
        },
        "2009-10": {
            "month": "2009-10",
            "price": "19.53",
            "revenue": 31015776
        },
        "2009-11": {
            "month": "2009-11",
            "price": "18.45",
            "revenue": 34150283
        },
        "2009-12": {
            "month": "2009-12",
            "price": "18.72",
            "revenue": 36597928
        },
        "2010-01": {
            "month": "2010-01",
            "price": "19.28",
            "revenue": 28226511
        },
        "2010-02": {
            "month": "2010-02",
            "price": "17.64",
            "revenue": 27984408
        },
        "2010-03": {
            "month": "2010-03",
            "price": "17.98",
            "revenue": 24370603
        },
        "2010-04": {
            "month": "2010-04",
            "price": "18.26",
            "revenue": 20642478
        },
        "2010-05": {
            "month": "2010-05",
            "price": "17.37",
            "revenue": 31935153
        },
        "2010-06": {
            "month": "2010-06",
            "price": "17.43",
            "revenue": 34733329
        },
        "2010-07": {
            "month": "2010-07",
            "price": "17.55",
            "revenue": 32856760
        },
        "2010-08": {
            "month": "2010-08",
            "price": "16.70",
            "revenue": 28935035
        },
        "2010-09": {
            "month": "2010-09",
            "price": "15.99",
            "revenue": 27585426
        },
        "2010-10": {
            "month": "2010-10",
            "price": "16.03",
            "revenue": 31969300
        },
        "2010-11": {
            "month": "2010-11",
            "price": "15.78",
            "revenue": 31047737
        },
        "2010-12": {
            "month": "2010-12",
            "price": "16.41",
            "revenue": 29048252
        },
        "2011-01": {
            "month": "2011-01",
            "price": "16.59",
            "revenue": 27625908
        },
        "2011-02": {
            "month": "2011-02",
            "price": "15.76",
            "revenue": 23027217
        },
        "2011-03": {
            "month": "2011-03",
            "price": "15.03",
            "revenue": 26606737
        },
        "2011-04": {
            "month": "2011-04",
            "price": "15.29",
            "revenue": 24198753
        },
        "2011-05": {
            "month": "2011-05",
            "price": "15.03",
            "revenue": 26309939
        },
        "2011-06": {
            "month": "2011-06",
            "price": "15.23",
            "revenue": 32171515
        },
        "2011-07": {
            "month": "2011-07",
            "price": "14.41",
            "revenue": 33102602
        },
        "2011-08": {
            "month": "2011-08",
            "price": "12.25",
            "revenue": 24984605
        },
        "2011-09": {
            "month": "2011-09",
            "price": "10.89",
            "revenue": 32989651
        },
        "2011-10": {
            "month": "2011-10",
            "price": "11.45",
            "revenue": 32570807
        },
        "2011-11": {
            "month": "2011-11",
            "price": "10.62",
            "revenue": 25538831
        },
        "2011-12": {
            "month": "2011-12",
            "price": "10.79",
            "revenue": 29290815
        },
        "2012-01": {
            "month": "2012-01",
            "price": "11.67",
            "revenue": 27378466
        },
        "2012-02": {
            "month": "2012-02",
            "price": "12.93",
            "revenue": 29270858
        },
        "2012-03": {
            "month": "2012-03",
            "price": "13.74",
            "revenue": 26003194
        },
        "2012-04": {
            "month": "2012-04",
            "price": "12.17",
            "revenue": 20253793
        },
        "2012-05": {
            "month": "2012-05",
            "price": "10.24",
            "revenue": 30407565
        },
        "2012-06": {
            "month": "2012-06",
            "price": "9.63",
            "revenue": 27559847
        },
        "2012-07": {
            "month": "2012-07",
            "price": "9.31",
            "revenue": 24594811
        },
        "2012-08": {
            "month": "2012-08",
            "price": "9.77",
            "revenue": 21226478
        },
        "2012-09": {
            "month": "2012-09",
            "price": "10.77",
            "revenue": 26768305
        },
        "2012-10": {
            "month": "2012-10",
            "price": "10.82",
            "revenue": 28598657
        },
        "2012-11": {
            "month": "2012-11",
            "price": "10.07",
            "revenue": 29556171
        },
        "2012-12": {
            "month": "2012-12",
            "price": "11.04",
            "revenue": 28847299
        },
        "2013-01": {
            "month": "2013-01",
            "price": "11.68",
            "revenue": 34634060
        },
        "2013-02": {
            "month": "2013-02",
            "price": "11.86",
            "revenue": 30969745
        },
        "2013-03": {
            "month": "2013-03",
            "price": "11.30",
            "revenue": 35158241
        },
        "2013-04": {
            "month": "2013-04",
            "price": "11.20",
            "revenue": 30465275
        },
        "2013-05": {
            "month": "2013-05",
            "price": "13.04",
            "revenue": 35538437
        },
        "2013-06": {
            "month": "2013-06",
            "price": "14.80",
            "revenue": 37226299
        },
        "2013-07": {
            "month": "2013-07",
            "price": "19.67",
            "revenue": 37060644
        },
        "2013-08": {
            "month": "2013-08",
            "price": "21.54",
            "revenue": 37865846
        },
        "2013-09": {
            "month": "2013-09",
            "price": "27.28",
            "revenue": 47542794
        },
        "2013-10": {
            "month": "2013-10",
            "price": "27.29",
            "revenue": 44980136
        },
        "2013-11": {
            "month": "2013-11",
            "price": "23.36",
            "revenue": 44604114
        },
        "2013-12": {
            "month": "2013-12",
            "price": "24.70",
            "revenue": 45049319
        },
        "2014-01": {
            "month": "2014-01",
            "price": "27.21",
            "revenue": 42373431
        },
        "2014-02": {
            "month": "2014-02",
            "price": "29.35",
            "revenue": 33572189
        },
        "2014-03": {
            "month": "2014-03",
            "price": "30.22",
            "revenue": 40738361
        },
        "2014-04": {
            "month": "2014-04",
            "price": "28.87",
            "revenue": 35611704
        },
        "2014-05": {
            "month": "2014-05",
            "price": "27.19",
            "revenue": 34743709
        },
        "2014-06": {
            "month": "2014-06",
            "price": "28.32",
            "revenue": 34549318
        },
        "2014-07": {
            "month": "2014-07",
            "price": "28.48",
            "revenue": 33262740
        },
        "2014-08": {
            "month": "2014-08",
            "price": "23.64",
            "revenue": 31305429
        },
        "2014-09": {
            "month": "2014-09",
            "price": "21.59",
            "revenue": 36771622
        },
        "2014-10": {
            "month": "2014-10",
            "price": "20.73",
            "revenue": 36821737
        },
        "2014-11": {
            "month": "2014-11",
            "price": "20.76",
            "revenue": 39192505
        },
        "2014-12": {
            "month": "2014-12",
            "price": "21.08",
            "revenue": 36730395
        },
        "2015-01": {
            "month": "2015-01",
            "price": "22.68",
            "revenue": 29873270
        },
        "2015-02": {
            "month": "2015-02",
            "price": "23.45",
            "revenue": 25628316
        },
        "2015-03": {
            "month": "2015-03",
            "price": "23.55",
            "revenue": 33801821
        },
        "2015-04": {
            "month": "2015-04",
            "price": "21.90",
            "revenue": 31032456
        },
        "2015-05": {
            "month": "2015-05",
            "price": "21.84",
            "revenue": 28455194
        },
        "2015-06": {
            "month": "2015-06",
            "price": "21.16",
            "revenue": 31204751
        },
        "2015-07": {
            "month": "2015-07",
            "price": "19.44",
            "revenue": 32214051
        },
        "2015-08": {
            "month": "2015-08",
            "price": "15.80",
            "revenue": 32704230
        },
        "2015-09": {
            "month": "2015-09",
            "price": "15.98",
            "revenue": 40504343
        },
        "2015-10": {
            "month": "2015-10",
            "price": "17.83",
            "revenue": 35164361
        },
        "2015-11": {
            "month": "2015-11",
            "price": "18.80",
            "revenue": 36336955
        },
        "2015-12": {
            "month": "2015-12",
            "price": "20.26",
            "revenue": 38550111
        },
        "2016-01": {
            "month": "2016-01",
            "price": "22.76",
            "revenue": 30106120
        },
        "2016-02": {
            "month": "2016-02",
            "price": "24.18",
            "revenue": 28774620
        },
        "2016-03": {
            "month": "2016-03",
            "price": "22.77",
            "revenue": 36482851
        },
        "2016-04": {
            "month": "2016-04",
            "price": "21.19",
            "revenue": 33935792
        },
        "2016-05": {
            "month": "2016-05",
            "price": "20.84",
            "revenue": 34182975
        },
        "2016-06": {
            "month": "2016-06",
            "price": "22.57",
            "revenue": 40212275
        },
        "2016-07": {
            "month": "2016-07",
            "price": "24.25",
            "revenue": 34820948
        },
        "2016-08": {
            "month": "2016-08",
            "price": "23.81",
            "revenue": 37775130
        },
        "2016-09": {
            "month": "2016-09",
            "price": "24.11",
            "revenue": 39057642
        },
        "2016-10": {
            "month": "2016-10",
            "price": "25.58",
            "revenue": 37052098
        },
        "2016-11": {
            "month": "2016-11",
            "price": "23.01",
            "revenue": 37643759
        },
        "2016-12": {
            "month": "2016-12",
            "price": "21.51",
            "revenue": 38448110
        },
        "2017-01": {
            "month": "2017-01",
            "price": "23.15",
            "revenue": 30270900
        },
        "2017-02": {
            "month": "2017-02",
            "price": "23.23",
            "revenue": 31938730
        },
        "2017-03": {
            "month": "2017-03",
            "price": "22.95",
            "revenue": 37545625
        },
        "2017-04": {
            "month": "2017-04",
            "price": "21.91",
            "revenue": 34669953
        },
        "2017-05": {
            "month": "2017-05",
            "price": "22.98",
            "revenue": 34550863
        },
        "2017-06": {
            "month": "2017-06",
            "price": "24.13",
            "revenue": 41898846
        },
        "2017-07": {
            "month": "2017-07",
            "price": "24.88",
            "revenue": 39480338
        },
        "2017-08": {
            "month": "2017-08",
            "price": "24.14",
            "revenue": 41493927
        },
        "2017-09": {
            "month": "2017-09",
            "price": "23.51",
            "revenue": 42985139
        },
        "2017-10": {
            "month": "2017-10",
            "price": "23.40",
            "revenue": 43179481
        },
        "2017-11": {
            "month": "2017-11",
            "price": "22.93",
            "revenue": 45043375
        },
        "2017-12": {
            "month": "2017-12",
            "price": "23.12",
            "revenue": 44455032
        },
        "2018-01": {
            "month": "2018-01",
            "price": "23.86",
            "revenue": 36434504
        },
        "2018-02": {
            "month": "2018-02",
            "price": "23.16",
            "revenue": 28878962
        },
        "2018-03": {
            "month": "2018-03",
            "price": "23.12",
            "revenue": 39495911
        },
        "2018-04": {
            "month": "2018-04",
            "price": "22.72",
            "revenue": 38372327
        },
        "2018-05": {
            "month": "2018-05",
            "price": "23.17",
            "revenue": 43621743
        },
        "2018-06": {
            "month": "2018-06",
            "price": "24.41",
            "revenue": 44905962
        },
        "2018-07": {
            "month": "2018-07",
            "price": "23.95",
            "revenue": 43161846
        },
        "2018-08": {
            "month": "2018-08",
            "price": "25.68",
            "revenue": 49871828
        },
        "2018-09": {
            "month": "2018-09",
            "price": "27.12",
            "revenue": 48038916
        },
        "2018-10": {
            "month": "2018-10",
            "price": "25.01",
            "revenue": 46206616
        },
        "2018-11": {
            "month": "2018-11",
            "price": "23.58",
            "revenue": 40862265
        },
        "2018-12": {
            "month": "2018-12",
            "price": "21.97",
            "revenue": 47022291
        },
        "2019-01": {
            "month": "2019-01",
            "price": "22.68",
            "revenue": 45473110
        },
        "2019-02": {
            "month": "2019-02",
            "price": "23.50",
            "revenue": 26016571
        },
        "2019-03": {
            "month": "2019-03",
            "price": "23.82",
            "revenue": 43375200
        },
        "2019-04": {
            "month": "2019-04",
            "price": "24.39",
            "revenue": 39209842
        },
        "2019-05": {
            "month": "2019-05",
            "price": "23.70",
            "revenue": 40887521
        },
        "2019-06": {
            "month": "2019-06",
            "price": "23.87",
            "revenue": 47707129
        },
        "2019-07": {
            "month": "2019-07",
            "price": "24.16",
            "revenue": 42091241
        },
        "2019-08": {
            "month": "2019-08",
            "price": "21.59",
            "revenue": 41404018
        },
        "2019-09": {
            "month": "2019-09",
            "price": "21.73",
            "revenue": 45210143
        },
        "2019-10": {
            "month": "2019-10",
            "price": "21.85",
            "revenue": 48175786
        },
        "2019-11": {
            "month": "2019-11",
            "price": "22.87",
            "revenue": 38035698
        },
        "2019-12": {
            "month": "2019-12",
            "price": "23.08",
            "revenue": 43383897
        },
        "2020-01": {
            "month": "2020-01",
            "price": "22.95",
            "revenue": 29378879
        },
        "2020-02": {
            "month": "2020-02",
            "price": "23.02",
            "revenue": 17400627
        },
        "2020-03": {
            "month": "2020-03",
            "price": "21.66",
            "revenue": 41899604
        },
        "2020-04": {
            "month": "2020-04",
            "price": "23.37",
            "revenue": 49286244
        },
        "2020-05": {
            "month": "2020-05",
            "price": "23.67",
            "revenue": 46063044
        },
        "2020-06": {
            "month": "2020-06",
            "price": "25.57",
            "revenue": 53408509
        },
        "2020-07": {
            "month": "2020-07",
            "price": "25.94",
            "revenue": 48696190
        },
        "2020-08": {
            "month": "2020-08",
            "price": "23.60",
            "revenue": 44734450
        },
        "2020-09": {
            "month": "2020-09",
            "price": "22.67",
            "revenue": 51949735
        },
        "2020-10": {
            "month": "2020-10",
            "price": "21.98",
            "revenue": 42106279
        },
        "2020-11": {
            "month": "2020-11",
            "price": "22.81",
            "revenue": 40147586
        },
        "2020-12": {
            "month": "2020-12",
            "price": "23.91",
            "revenue": 43223749
        },
        "2021-01": {
            "month": "2021-01",
            "price": "23.58",
            "revenue": 39382095
        },
        "2021-02": {
            "month": "2021-02",
            "price": "23.83",
            "revenue": 31465038
        },
        "2021-03": {
            "month": "2021-03",
            "price": "26.18",
            "revenue": 41001056
        },
        "2021-04": {
            "month": "2021-04",
            "price": "27.16",
            "revenue": 38194670
        },
        "2021-05": {
            "month": "2021-05",
            "price": "25.80",
            "revenue": 35337345
        },
        "2021-06": {
            "month": "2021-06",
            "price": "25.72",
            "revenue": 41271513
        },
        "2021-07": {
            "month": "2021-07",
            "price": "25.25",
            "revenue": 45511321
        },
        "2021-08": {
            "month": "2021-08",
            "price": "23.80",
            "revenue": 48687856
        },
        "2021-09": {
            "month": "2021-09",
            "price": "25.02",
            "revenue": 50879960
        },
        "2021-10": {
            "month": "2021-10",
            "price": "26.44",
            "revenue": 47850319
        },
        "2021-11": {
            "month": "2021-11",
            "price": "26.32",
            "revenue": 47988547
        },
        "2021-12": {
            "month": "2021-12",
            "price": "25.33",
            "revenue": 52162104
        },
        "2022-01": {
            "month": "2022-01",
            "price": "25.17",
            "revenue": 39640876
        },
        "2022-02": {
            "month": "2022-02",
            "price": "25.66",
            "revenue": 35585963
        },
        "2022-03": {
            "month": "2022-03",
            "price": "25.11",
            "revenue": 53568184
        },
        "2022-04": {
            "month": "2022-04",
            "price": "25.08",
            "revenue": 44158128
        },
        "2022-05": {
            "month": "2022-05",
            "price": "25.80",
            "revenue": 39511028
        },
        "2022-06": {
            "month": "2022-06",
            "price": "25.38",
            "revenue": 52077638
        },
        "2022-07": {
            "month": "2022-07",
            "price": "23.48",
            "revenue": 47109534
        },
        "2022-08": {
            "month": "2022-08",
            "price": "23.97",
            "revenue": 44375400
        },
        "2022-09": {
            "month": "2022-09",
            "price": "22.96",
            "revenue": 50967141
        },
        "2022-10": {
            "month": "2022-10",
            "price": "23.17",
            "revenue": 50293335
        },
        "2022-11": {
            "month": "2022-11",
            "price": "24.35",
            "revenue": 44135982
        },
        "2022-12": {
            "month": "2022-12",
            "price": "25.23",
            "revenue": 40324850
        },
        "2023-01": {
            "month": "2023-01",
            "price": "25.98",
            "revenue": 37244770
        },
        "2023-02": {
            "month": "2023-02",
            "price": "26.08",
            "revenue": 35837600
        },
        "2023-03": {
            "month": "2023-03",
            "price": "28.72",
            "revenue": 47100534
        },
        "2023-04": {
            "month": "2023-04",
            "price": "32.44",
            "revenue": 36869600
        },
        "2023-05": {
            "month": "2023-05",
            "price": "32.66",
            "revenue": 46061395
        },
        "2023-06": {
            "month": "2023-06",
            "price": "40.82",
            "revenue": 47720352
        },
        "2023-07": {
            "month": "2023-07",
            "price": "57.39",
            "revenue": 41832938
        },
        "2023-08": {
            "month": "2023-08",
            "price": "57.83",
            "revenue": 46478885
        },
        "2023-09": {
            "month": "2023-09",
            "price": "51.42",
            "revenue": 47528852
        },
        "2023-10": {
            "month": "2023-10",
            "price": "46.06",
            "revenue": 40401753
        },
        "2023-11": {
            "month": "2023-11",
            "price": "42.31",
            "revenue": 44140199
        }
    }
}
