{
    "summary": {
        "stock_name": "華碩",
        "stock_id": "2357",
        "category": "電腦及週邊設備",
        "main_business": "3C 資訊產品(含電腦系統產品、主機板及各類板卡<br>及智慧型手機等手持裝置等)之設計、研發及銷售",
        "website_url": "http://www.asus.com.tw",
        "ceo": "許先越/胡書賓",
        "pe_ratio": 89,
        "report_year_from": 2001,
        "report_year_to": 2023,
        "age": 22,
        "eps_negative_percentage": 4,
        "eps_growth_avg": {
            "last_all": 8.16,
            "last_2y": 33.56,
            "last_4y": 25.58,
            "last_8y": 11.16,
            "last_12y": 18.78,
            "last_16y": 12.06,
            "last_20y": 8.16,
            "at_2006_last_3y": 4.53,
            "at_2007_last_3y": 10.3,
            "at_2008_last_3y": -4.65,
            "at_2009_last_3y": -9.76,
            "at_2010_last_3y": 13.62,
            "at_2011_last_3y": 10.48,
            "at_2012_last_3y": 28.95,
            "at_2013_last_3y": 35.91,
            "at_2014_last_3y": 8.77,
            "at_2015_last_3y": 1.27,
            "at_2016_last_3y": -3.05,
            "at_2017_last_3y": -6.86,
            "at_2018_last_3y": -22.92,
            "at_2019_last_3y": 5.12,
            "at_2020_last_3y": 27.05,
            "at_2021_last_3y": 48.73,
            "at_2022_last_3y": 50.17,
            "at_2023_last_3y": 50.17,
            "at_2006_last_all": -5.45,
            "at_2007_last_all": 0.53,
            "at_2008_last_all": -5.87,
            "at_2009_last_all": -9.09,
            "at_2010_last_all": 3.03,
            "at_2011_last_all": 4.51,
            "at_2012_last_all": 6.79,
            "at_2013_last_all": 5.91,
            "at_2014_last_all": 4.79,
            "at_2015_last_all": 3.58,
            "at_2016_last_all": 4.16,
            "at_2017_last_all": 2.71,
            "at_2018_last_all": -1.73,
            "at_2019_last_all": 3.92,
            "at_2020_last_all": 8.98,
            "at_2021_last_all": 11.92,
            "at_2022_last_all": 8.16,
            "at_2023_last_all": 8.16
        },
        "latest_eps": 3.47,
        "latest_price": 308,
        "latest_roe": 1.85,
        "latest_gross_margin": 9.62,
        "latest_equity": 233653612,
        "latest_revenue": 111397781,
        "latest_gross_profit": 10715581,
        "latest_net_income": -1280370,
        "latest_debt_ratio": 49.64,
        "latest_current_ratio": 146.67,
        "latest_account_receivable_turnover_ratio": 1.21,
        "latest_inventory_turnover_ratio": 0.75,
        "latest_reinvestment_rate": 20.17,
        "latest_research_to_sale_ratio": 4.68
    },
    "eps_dividends": {
        "1995": {
            "cash": 3,
            "stock": 3,
            "eps": 0
        },
        "1996": {
            "cash": 6,
            "stock": 10,
            "eps": 0
        },
        "1997": {
            "cash": 0,
            "stock": 15,
            "eps": 0
        },
        "1998": {
            "cash": 0,
            "stock": 15,
            "eps": 0
        },
        "1999": {
            "cash": 3,
            "stock": 4,
            "eps": 0
        },
        "2000": {
            "cash": 2,
            "stock": 4,
            "eps": 0
        },
        "2001": {
            "cash": 3,
            "stock": 3,
            "eps": 9.24
        },
        "2002": {
            "cash": 4,
            "stock": 0,
            "eps": 5.05
        },
        "2003": {
            "cash": 1,
            "stock": 1,
            "eps": 5.42
        },
        "2004": {
            "cash": 2,
            "stock": 1,
            "eps": 6.26
        },
        "2005": {
            "cash": 2,
            "stock": 1,
            "eps": 5.56
        },
        "2006": {
            "cash": 1,
            "stock": 1,
            "eps": 5.92
        },
        "2007": {
            "cash": 1,
            "stock": 1,
            "eps": 7.72
        },
        "2008": {
            "cash": 2,
            "stock": 1,
            "eps": 4.3
        },
        "2009": {
            "cash": 2,
            "stock": 0,
            "eps": 2.94
        },
        "2010": {
            "cash": 2,
            "stock": 0,
            "eps": 19.51
        },
        "2011": {
            "cash": 29,
            "stock": 2,
            "eps": 22.99
        },
        "2012": {
            "cash": 0,
            "stock": 0,
            "eps": 29.79
        },
        "2013": {
            "cash": 19,
            "stock": 0,
            "eps": 28.66
        },
        "2014": {
            "cash": 20,
            "stock": 0,
            "eps": 26.21
        },
        "2015": {
            "cash": 17,
            "stock": 0,
            "eps": 23.02
        },
        "2016": {
            "cash": 15,
            "stock": 0,
            "eps": 25.85
        },
        "2017": {
            "cash": 17,
            "stock": 0,
            "eps": 20.93
        },
        "2018": {
            "cash": 15,
            "stock": 0,
            "eps": 5.7
        },
        "2019": {
            "cash": 15,
            "stock": 0,
            "eps": 16.34
        },
        "2020": {
            "cash": 14,
            "stock": 0,
            "eps": 35.76
        },
        "2021": {
            "cash": 26,
            "stock": 0,
            "eps": 59.97
        },
        "2022": {
            "cash": 42,
            "stock": 0,
            "eps": 19.78
        },
        "2023": {
            "cash": 15,
            "stock": 0,
            "eps": -2.26
        }
    },
    "dividends": {
        "1995-05-17": {
            "cash": 3,
            "stock": 3.32
        },
        "1996-04-13": {
            "cash": 5.5,
            "stock": 9.5
        },
        "1997-04-10": {
            "cash": 0,
            "stock": 15
        },
        "1998-05-05": {
            "cash": 0,
            "stock": 15
        },
        "1999-04-28": {
            "cash": 3,
            "stock": 4
        },
        "2000-05-03": {
            "cash": 2.4,
            "stock": 3.6
        },
        "2001-05-11": {
            "cash": 2.5,
            "stock": 2.5
        },
        "2002-05-23": {
            "cash": 4,
            "stock": 0
        },
        "2003-04-25": {
            "cash": 1.25,
            "stock": 1.25
        },
        "2004-04-20": {
            "cash": 1.5,
            "stock": 1
        },
        "2005-04-22": {
            "cash": 1.5,
            "stock": 1
        },
        "2006-05-03": {
            "cash": 1,
            "stock": 1
        },
        "2007-04-24": {
            "cash": 1.49,
            "stock": 0.5
        },
        "2008-04-24": {
            "cash": 2.49,
            "stock": 1
        },
        "2009-04-22": {
            "cash": 2,
            "stock": 0.02
        },
        "2010-03-12": {
            "cash": 2.1,
            "stock": 0
        },
        "2011-01-01": {
            "cash": 14.5,
            "stock": 0
        },
        "2011-04-20": {
            "cash": 14,
            "stock": 2.2
        },
        "2013-03-27": {
            "cash": 19,
            "stock": 0
        },
        "2014-09-03": {
            "cash": 19.5,
            "stock": 0
        },
        "2015-09-02": {
            "cash": 17,
            "stock": 0
        },
        "2016-08-31": {
            "cash": 15,
            "stock": 0
        },
        "2017-09-05": {
            "cash": 17,
            "stock": 0
        },
        "2018-07-31": {
            "cash": 15,
            "stock": 0
        },
        "2019-07-31": {
            "cash": 15,
            "stock": 0
        },
        "2020-07-23": {
            "cash": 14,
            "stock": 0
        },
        "2021-08-26": {
            "cash": 26,
            "stock": 0
        },
        "2022-08-25": {
            "cash": 42,
            "stock": 0
        },
        "2023-03-10": {
            "cash": 15,
            "stock": 0
        }
    },
    "prices": {
        "200101": "125.91",
        "200102": "153.24",
        "200103": "162.57",
        "200104": "154.62",
        "200105": "154.57",
        "200106": "171.48",
        "200107": "147.33",
        "200108": "143.52",
        "200109": "115.65",
        "200110": "114.95",
        "200111": "126.27",
        "200112": "151.55",
        "200201": "167.18",
        "200202": "172.00",
        "200203": "161.52",
        "200204": "144.00",
        "200205": "120.98",
        "200206": "108.55",
        "200207": "103.43",
        "200208": "87.00",
        "200209": "78.32",
        "200210": "73.20",
        "200211": "72.12",
        "200212": "67.55",
        "200301": "64.61",
        "200302": "60.78",
        "200303": "64.79",
        "200304": "71.57",
        "200305": "74.90",
        "200306": "88.68",
        "200307": "100.65",
        "200308": "92.86",
        "200309": "88.14",
        "200310": "83.52",
        "200311": "78.20",
        "200312": "77.35",
        "200401": "79.87",
        "200402": "82.00",
        "200403": "82.76",
        "200404": "78.45",
        "200405": "77.38",
        "200406": "78.98",
        "200407": "73.82",
        "200408": "72.55",
        "200409": "74.57",
        "200410": "74.28",
        "200411": "76.68",
        "200412": "79.65",
        "200501": "85.31",
        "200502": "88.08",
        "200503": "89.56",
        "200504": "84.18",
        "200505": "86.22",
        "200506": "89.05",
        "200507": "91.26",
        "200508": "85.09",
        "200509": "84.49",
        "200510": "89.41",
        "200511": "92.83",
        "200512": "98.57",
        "200601": "103.98",
        "200602": "97.14",
        "200603": "91.64",
        "200604": "89.74",
        "200605": "81.11",
        "200606": "74.20",
        "200607": "76.56",
        "200608": "73.84",
        "200609": "77.04",
        "200610": "76.60",
        "200611": "83.64",
        "200612": "88.70",
        "200701": "89.10",
        "200702": "88.60",
        "200703": "82.08",
        "200704": "77.96",
        "200705": "80.48",
        "200706": "87.60",
        "200707": "94.13",
        "200708": "91.14",
        "200709": "98.62",
        "200710": "99.45",
        "200711": "103.08",
        "200712": "98.40",
        "200801": "84.12",
        "200802": "84.48",
        "200803": "87.71",
        "200804": "95.21",
        "200805": "95.82",
        "200806": "84.87",
        "200807": "80.06",
        "200808": "83.81",
        "200809": "64.32",
        "200810": "52.08",
        "200811": "39.93",
        "200812": "36.54",
        "200901": "32.82",
        "200902": "32.04",
        "200903": "35.20",
        "200904": "40.69",
        "200905": "46.41",
        "200906": "42.43",
        "200907": "47.69",
        "200908": "51.76",
        "200909": "55.94",
        "200910": "57.03",
        "200911": "63.45",
        "200912": "60.84",
        "201001": "64.86",
        "201002": "58.49",
        "201003": "56.78",
        "201004": "58.54",
        "201005": "54.06",
        "201006": "243.30",
        "201007": "232.86",
        "201008": "231.00",
        "201009": "223.71",
        "201010": "224.79",
        "201011": "252.39",
        "201012": "277.35",
        "201101": "263.28",
        "201102": "251.61",
        "201103": "254.72",
        "201104": "249.18",
        "201105": "267.24",
        "201106": "285.52",
        "201107": "285.14",
        "201108": "241.00",
        "201109": "242.10",
        "201110": "216.28",
        "201111": "202.18",
        "201112": "209.02",
        "201201": "226.77",
        "201202": "248.70",
        "201203": "280.11",
        "201204": "277.85",
        "201205": "302.80",
        "201206": "287.29",
        "201207": "269.80",
        "201208": "283.25",
        "201209": "309.48",
        "201210": "305.50",
        "201211": "313.27",
        "201212": "322.88",
        "201301": "330.66",
        "201302": "351.69",
        "201303": "354.79",
        "201304": "334.38",
        "201305": "345.11",
        "201306": "301.55",
        "201307": "266.78",
        "201308": "238.31",
        "201309": "238.72",
        "201310": "224.68",
        "201311": "236.50",
        "201312": "266.98",
        "201401": "282.42",
        "201402": "289.03",
        "201403": "290.07",
        "201404": "313.83",
        "201405": "313.40",
        "201406": "325.92",
        "201407": "330.68",
        "201408": "303.17",
        "201409": "303.17",
        "201410": "297.61",
        "201411": "322.70",
        "201412": "340.85",
        "201501": "331.05",
        "201502": "328.31",
        "201503": "320.39",
        "201504": "323.25",
        "201505": "308.92",
        "201506": "296.62",
        "201507": "289.84",
        "201508": "273.98",
        "201509": "288.00",
        "201510": "296.31",
        "201511": "282.07",
        "201512": "272.02",
        "201601": "269.14",
        "201602": "272.15",
        "201603": "284.04",
        "201604": "285.00",
        "201605": "266.10",
        "201606": "278.57",
        "201607": "277.12",
        "201608": "271.50",
        "201609": "275.08",
        "201610": "280.82",
        "201611": "267.36",
        "201612": "264.32",
        "201701": "272.16",
        "201702": "271.67",
        "201703": "286.24",
        "201704": "293.94",
        "201705": "289.35",
        "201706": "285.98",
        "201707": "286.55",
        "201708": "255.98",
        "201709": "251.55",
        "201710": "253.58",
        "201711": "269.36",
        "201712": "271.14",
        "201801": "275.32",
        "201802": "273.96",
        "201803": "273.59",
        "201804": "277.78",
        "201805": "276.80",
        "201806": "278.55",
        "201807": "260.80",
        "201808": "257.96",
        "201809": "256.34",
        "201810": "239.70",
        "201811": "223.27",
        "201812": "209.62",
        "201901": "223.12",
        "201902": "227.50",
        "201903": "222.48",
        "201904": "233.22",
        "201905": "221.11",
        "201906": "220.74",
        "201907": "220.85",
        "201908": "202.43",
        "201909": "208.61",
        "201910": "205.24",
        "201911": "224.88",
        "201912": "233.09",
        "202001": "232.90",
        "202002": "216.97",
        "202003": "191.18",
        "202004": "196.92",
        "202005": "203.98",
        "202006": "225.08",
        "202007": "219.17",
        "202008": "239.31",
        "202009": "252.59",
        "202010": "245.53",
        "202011": "247.60",
        "202012": "252.35",
        "202101": "278.98",
        "202102": "291.69",
        "202103": "341.00",
        "202104": "375.47",
        "202105": "385.02",
        "202106": "382.95",
        "202107": "369.00",
        "202108": "318.93",
        "202109": "324.72",
        "202110": "340.68",
        "202111": "359.98",
        "202112": "367.75",
        "202201": "375.22",
        "202202": "369.67",
        "202203": "372.09",
        "202204": "358.68",
        "202205": "339.26",
        "202206": "328.71",
        "202207": "310.90",
        "202208": "267.07",
        "202209": "248.69",
        "202210": "234.05",
        "202211": "251.57",
        "202212": "270.80",
        "202301": "270.50",
        "202302": "277.17",
        "202303": "274.04",
        "202304": "276.56",
        "202305": "293.31"
    },
    "quarters": {
        "20011": {
            "year_quarter": 20011,
            "year": 2001,
            "quarter": 1,
            "eps": 3.25,
            "eps_growth_year": -3.27,
            "eps_4q": 10.77,
            "eps_4q_growth_year": -15.34,
            "roe": 8.99,
            "roe_4q": 8.99,
            "gross_profit": 5266947,
            "gross_margin": 25.1,
            "gross_margin_4q_avg": 25.1,
            "net_income": 5098271,
            "revenue": 20980551,
            "common_shares": 15671040,
            "book_valuer_per_share": 37.8,
            "book_valuer_per_share_4q_avg": 37.8,
            "equity": 59229198,
            "current_ratio": 486.16,
            "debt_ratio": 15.74,
            "inventory_turnover_ratio": 2.1,
            "account_receivable_turnover_ratio": null,
            "reinvestment_rate": null,
            "research_to_sale_ratio": null,
            "price_fair": 0,
            "eps_avg_yearly": 0,
            "eps_latest_yearly": 0,
            "eps_growth_yearly": 0
        },
        "20012": {
            "year_quarter": 20012,
            "year": 2001,
            "quarter": 2,
            "eps": 1.86,
            "eps_growth_year": -13.49,
            "eps_4q": 10.49,
            "eps_4q_growth_year": 10.99,
            "roe": 5,
            "roe_4q": 13.99,
            "gross_profit": 3452071,
            "gross_margin": 21.63,
            "gross_margin_4q_avg": 23.37,
            "net_income": 2915210,
            "revenue": 15956958,
            "common_shares": 15671040,
            "book_valuer_per_share": 36.57,
            "book_valuer_per_share_4q_avg": 37.19,
            "equity": 57307363,
            "current_ratio": 407.11,
            "debt_ratio": 18.31,
            "inventory_turnover_ratio": 1.85,
            "account_receivable_turnover_ratio": null,
            "reinvestment_rate": null,
            "research_to_sale_ratio": null,
            "price_fair": 0,
            "eps_avg_yearly": 0,
            "eps_latest_yearly": 0,
            "eps_growth_yearly": 0
        },
        "20013": {
            "year_quarter": 20013,
            "year": 2001,
            "quarter": 3,
            "eps": 1.85,
            "eps_growth_year": -18.86,
            "eps_4q": 8.35,
            "eps_4q_growth_year": -10.59,
            "roe": 6.19,
            "roe_4q": 20.18,
            "gross_profit": 4086752,
            "gross_margin": 23.55,
            "gross_margin_4q_avg": 23.43,
            "net_income": 3663295,
            "revenue": 17353021,
            "common_shares": 19768800,
            "book_valuer_per_share": 30.84,
            "book_valuer_per_share_4q_avg": 35.07,
            "equity": 60971065,
            "current_ratio": 398.68,
            "debt_ratio": 18.98,
            "inventory_turnover_ratio": 1.92,
            "account_receivable_turnover_ratio": null,
            "reinvestment_rate": null,
            "research_to_sale_ratio": null,
            "price_fair": 0,
            "eps_avg_yearly": 0,
            "eps_latest_yearly": 0,
            "eps_growth_yearly": 0
        },
        "20014": {
            "year_quarter": 20014,
            "year": 2001,
            "quarter": 4,
            "eps": 2.28,
            "eps_growth_year": -26.45,
            "eps_4q": 8.18,
            "eps_4q_growth_year": -18.11,
            "roe": 7.13,
            "roe_4q": 27.310000000000002,
            "gross_profit": 5058140,
            "gross_margin": 21.38,
            "gross_margin_4q_avg": 22.92,
            "net_income": 4512705,
            "revenue": 23654637,
            "common_shares": 19768800,
            "book_valuer_per_share": 33.18,
            "book_valuer_per_share_4q_avg": 34.6,
            "equity": 65590777,
            "current_ratio": 483.03,
            "debt_ratio": 17.31,
            "inventory_turnover_ratio": 2.17,
            "account_receivable_turnover_ratio": null,
            "reinvestment_rate": null,
            "research_to_sale_ratio": null,
            "price_fair": 0,
            "eps_avg_yearly": 0,
            "eps_latest_yearly": 0,
            "eps_growth_yearly": 0
        },
        "20021": {
            "year_quarter": 20021,
            "year": 2002,
            "quarter": 1,
            "eps": 1.53,
            "eps_growth_year": -52.92,
            "eps_4q": 7.14,
            "eps_4q_growth_year": -33.67,
            "roe": 4.5,
            "roe_4q": 22.82,
            "gross_profit": 3276731,
            "gross_margin": 16.1,
            "gross_margin_4q_avg": 20.67,
            "net_income": 3022814,
            "revenue": 20348173,
            "common_shares": 19768800,
            "book_valuer_per_share": 34.72,
            "book_valuer_per_share_4q_avg": 33.83,
            "equity": 68629342,
            "current_ratio": 484.91,
            "debt_ratio": 15.51,
            "inventory_turnover_ratio": 1.92,
            "account_receivable_turnover_ratio": null,
            "reinvestment_rate": null,
            "research_to_sale_ratio": null,
            "price_fair": 18.36,
            "eps_avg_yearly": 6.12,
            "eps_latest_yearly": 6.12,
            "eps_growth_yearly": -131.58
        },
        "20022": {
            "year_quarter": 20022,
            "year": 2002,
            "quarter": 2,
            "eps": 0.61,
            "eps_growth_year": -67.2,
            "eps_4q": 6.29,
            "eps_4q_growth_year": -40.09,
            "roe": 1.87,
            "roe_4q": 19.69,
            "gross_profit": 2784852,
            "gross_margin": 15.12,
            "gross_margin_4q_avg": 19.04,
            "net_income": 1203543,
            "revenue": 18414080,
            "common_shares": 19768800,
            "book_valuer_per_share": 30.52,
            "book_valuer_per_share_4q_avg": 32.32,
            "equity": 60334472,
            "current_ratio": 285.09,
            "debt_ratio": 25.01,
            "inventory_turnover_ratio": 1.65,
            "account_receivable_turnover_ratio": null,
            "reinvestment_rate": null,
            "research_to_sale_ratio": null,
            "price_fair": 12.84,
            "eps_avg_yearly": 4.28,
            "eps_latest_yearly": 2.44,
            "eps_growth_yearly": -186.05
        },
        "20023": {
            "year_quarter": 20023,
            "year": 2002,
            "quarter": 3,
            "eps": 1.36,
            "eps_growth_year": -26.49,
            "eps_4q": 5.74,
            "eps_4q_growth_year": -31.21,
            "roe": 4.38,
            "roe_4q": 17.88,
            "gross_profit": 2860558,
            "gross_margin": 13.14,
            "gross_margin_4q_avg": 16.44,
            "net_income": 2711514,
            "revenue": 21766536,
            "common_shares": 19988800,
            "book_valuer_per_share": 31.75,
            "book_valuer_per_share_4q_avg": 32.54,
            "equity": 63456394,
            "current_ratio": 384.05,
            "debt_ratio": 17.79,
            "inventory_turnover_ratio": 1.96,
            "account_receivable_turnover_ratio": null,
            "reinvestment_rate": null,
            "research_to_sale_ratio": null,
            "price_fair": 163.33,
            "eps_avg_yearly": 4.67,
            "eps_latest_yearly": 5.44,
            "eps_growth_yearly": 39.9
        },
        "20024": {
            "year_quarter": 20024,
            "year": 2002,
            "quarter": 4,
            "eps": 1.55,
            "eps_growth_year": -32.02,
            "eps_4q": 5.03,
            "eps_4q_growth_year": -38.5,
            "roe": 4.76,
            "roe_4q": 15.510000000000002,
            "gross_profit": 4295744,
            "gross_margin": 19.5,
            "gross_margin_4q_avg": 15.97,
            "net_income": 3089833,
            "revenue": 22028963,
            "common_shares": 19988800,
            "book_valuer_per_share": 33.24,
            "book_valuer_per_share_4q_avg": 32.56,
            "equity": 66448936,
            "current_ratio": 266.5,
            "debt_ratio": 29.39,
            "inventory_turnover_ratio": 1.39,
            "account_receivable_turnover_ratio": null,
            "reinvestment_rate": 16.08,
            "research_to_sale_ratio": null,
            "price_fair": 176.75,
            "eps_avg_yearly": 5.05,
            "eps_latest_yearly": 6.2,
            "eps_growth_yearly": 43.9
        },
        "20031": {
            "year_quarter": 20031,
            "year": 2003,
            "quarter": 1,
            "eps": 1.67,
            "eps_growth_year": 9.15,
            "eps_4q": 5.17,
            "eps_4q_growth_year": -27.65,
            "roe": 4.91,
            "roe_4q": 15.920000000000002,
            "gross_profit": 3184393,
            "gross_margin": 19.03,
            "gross_margin_4q_avg": 16.7,
            "net_income": 3343887,
            "revenue": 16729684,
            "common_shares": 19988800,
            "book_valuer_per_share": 34.93,
            "book_valuer_per_share_4q_avg": 32.61,
            "equity": 69826035,
            "current_ratio": 347.6,
            "debt_ratio": 15.97,
            "inventory_turnover_ratio": 1.14,
            "account_receivable_turnover_ratio": null,
            "reinvestment_rate": 8.25,
            "research_to_sale_ratio": null,
            "price_fair": 188.16,
            "eps_avg_yearly": 5.38,
            "eps_latest_yearly": 6.68,
            "eps_growth_yearly": 41.31
        },
        "20032": {
            "year_quarter": 20032,
            "year": 2003,
            "quarter": 2,
            "eps": 1.16,
            "eps_growth_year": 90.16,
            "eps_4q": 5.75,
            "eps_4q_growth_year": -8.55,
            "roe": 3.33,
            "roe_4q": 17.38,
            "gross_profit": 2714352,
            "gross_margin": 17.97,
            "gross_margin_4q_avg": 17.41,
            "net_income": 2311949,
            "revenue": 15103215,
            "common_shares": 19988800,
            "book_valuer_per_share": 34.58,
            "book_valuer_per_share_4q_avg": 33.63,
            "equity": 69122288,
            "current_ratio": 277.82,
            "debt_ratio": 17.15,
            "inventory_turnover_ratio": 1.48,
            "account_receivable_turnover_ratio": null,
            "reinvestment_rate": 8.54,
            "research_to_sale_ratio": null,
            "price_fair": 126.43,
            "eps_avg_yearly": 5.25,
            "eps_latest_yearly": 4.64,
            "eps_growth_yearly": 14.07
        },
        "20033": {
            "year_quarter": 20033,
            "year": 2003,
            "quarter": 3,
            "eps": 1.4,
            "eps_growth_year": 2.94,
            "eps_4q": 5.22,
            "eps_4q_growth_year": -9.06,
            "roe": 4.55,
            "roe_4q": 17.549999999999997,
            "gross_profit": 2952294,
            "gross_margin": 15.26,
            "gross_margin_4q_avg": 17.94,
            "net_income": 3202761,
            "revenue": 19347233,
            "common_shares": 22817400,
            "book_valuer_per_share": 31.4,
            "book_valuer_per_share_4q_avg": 33.54,
            "equity": 71649946,
            "current_ratio": 272.44,
            "debt_ratio": 16.97,
            "inventory_turnover_ratio": 1.54,
            "account_receivable_turnover_ratio": null,
            "reinvestment_rate": 8.7,
            "research_to_sale_ratio": null,
            "price_fair": 179.66,
            "eps_avg_yearly": 5.3,
            "eps_latest_yearly": 5.6,
            "eps_growth_yearly": 23.88
        },
        "20034": {
            "year_quarter": 20034,
            "year": 2003,
            "quarter": 4,
            "eps": 1.19,
            "eps_growth_year": -23.23,
            "eps_4q": 5.08,
            "eps_4q_growth_year": 0.94,
            "roe": 3.71,
            "roe_4q": 16.5,
            "gross_profit": 3854497,
            "gross_margin": 16.58,
            "gross_margin_4q_avg": 17.21,
            "net_income": 2711739,
            "revenue": 23249649,
            "common_shares": 22817400,
            "book_valuer_per_share": 32.66,
            "book_valuer_per_share_4q_avg": 33.39,
            "equity": 74527132,
            "current_ratio": 194.36,
            "debt_ratio": 39.19,
            "inventory_turnover_ratio": 0.82,
            "account_receivable_turnover_ratio": null,
            "reinvestment_rate": 26.8,
            "research_to_sale_ratio": null,
            "price_fair": 122.47,
            "eps_avg_yearly": 5.24,
            "eps_latest_yearly": 4.76,
            "eps_growth_yearly": 13.39
        },
        "20041": {
            "year_quarter": 20041,
            "year": 2004,
            "quarter": 1,
            "eps": 1.9,
            "eps_growth_year": 13.77,
            "eps_4q": 5.51,
            "eps_4q_growth_year": 6.68,
            "roe": 5.67,
            "roe_4q": 17.259999999999998,
            "gross_profit": 3144614,
            "gross_margin": 17.05,
            "gross_margin_4q_avg": 16.72,
            "net_income": 4325504,
            "revenue": 18443208,
            "common_shares": 22817400,
            "book_valuer_per_share": 34.15,
            "book_valuer_per_share_4q_avg": 33.2,
            "equity": 77922028,
            "current_ratio": 378.52,
            "debt_ratio": 23.8,
            "inventory_turnover_ratio": 0.68,
            "account_receivable_turnover_ratio": null,
            "reinvestment_rate": 8.68,
            "research_to_sale_ratio": null,
            "price_fair": 192.42,
            "eps_avg_yearly": 5.5,
            "eps_latest_yearly": 7.6,
            "eps_growth_yearly": 38.42
        },
        "20042": {
            "year_quarter": 20042,
            "year": 2004,
            "quarter": 2,
            "eps": 1.32,
            "eps_growth_year": 13.79,
            "eps_4q": 5.8,
            "eps_4q_growth_year": 0.84,
            "roe": 3.88,
            "roe_4q": 17.810000000000002,
            "gross_profit": 2605408,
            "gross_margin": 15.87,
            "gross_margin_4q_avg": 16.19,
            "net_income": 3019306,
            "revenue": 16420682,
            "common_shares": 22817400,
            "book_valuer_per_share": 34.05,
            "book_valuer_per_share_4q_avg": 33.07,
            "equity": 77685179,
            "current_ratio": 289.81,
            "debt_ratio": 26.84,
            "inventory_turnover_ratio": 1.32,
            "account_receivable_turnover_ratio": null,
            "reinvestment_rate": 7.61,
            "research_to_sale_ratio": null,
            "price_fair": 177.26,
            "eps_avg_yearly": 5.48,
            "eps_latest_yearly": 5.28,
            "eps_growth_yearly": 22.37
        },
        "20043": {
            "year_quarter": 20043,
            "year": 2004,
            "quarter": 3,
            "eps": 1.63,
            "eps_growth_year": 16.43,
            "eps_4q": 5.57,
            "eps_4q_growth_year": 6.66,
            "roe": 5.21,
            "roe_4q": 18.47,
            "gross_profit": 2924120,
            "gross_margin": 16.07,
            "gross_margin_4q_avg": 16.39,
            "net_income": 4159491,
            "revenue": 18195839,
            "common_shares": 25529140,
            "book_valuer_per_share": 32.16,
            "book_valuer_per_share_4q_avg": 33.26,
            "equity": 82096327,
            "current_ratio": 329.98,
            "debt_ratio": 24.11,
            "inventory_turnover_ratio": 1.46,
            "account_receivable_turnover_ratio": null,
            "reinvestment_rate": 6.91,
            "research_to_sale_ratio": null,
            "price_fair": 194.98,
            "eps_avg_yearly": 5.57,
            "eps_latest_yearly": 6.52,
            "eps_growth_yearly": 28.88
        },
        "20044": {
            "year_quarter": 20044,
            "year": 2004,
            "quarter": 4,
            "eps": 1.41,
            "eps_growth_year": 18.49,
            "eps_4q": 5.92,
            "eps_4q_growth_year": 16.65,
            "roe": 4.35,
            "roe_4q": 19.11,
            "gross_profit": 4957142,
            "gross_margin": 19.83,
            "gross_margin_4q_avg": 17.21,
            "net_income": 3594625,
            "revenue": 24993399,
            "common_shares": 25529140,
            "book_valuer_per_share": 32.54,
            "book_valuer_per_share_4q_avg": 33.23,
            "equity": 83256328,
            "current_ratio": 193.73,
            "debt_ratio": 47.09,
            "inventory_turnover_ratio": 0.75,
            "account_receivable_turnover_ratio": null,
            "reinvestment_rate": 26.71,
            "research_to_sale_ratio": null,
            "price_fair": 178.29,
            "eps_avg_yearly": 5.58,
            "eps_latest_yearly": 5.64,
            "eps_growth_yearly": 21.97
        },
        "20051": {
            "year_quarter": 20051,
            "year": 2005,
            "quarter": 1,
            "eps": 1.88,
            "eps_growth_year": -1.05,
            "eps_4q": 5.99,
            "eps_4q_growth_year": 8.73,
            "roe": 5.52,
            "roe_4q": 18.959999999999997,
            "gross_profit": 3855109,
            "gross_margin": 18.82,
            "gross_margin_4q_avg": 17.65,
            "net_income": 4922223,
            "revenue": 20487331,
            "common_shares": 26264676,
            "book_valuer_per_share": 36.18,
            "book_valuer_per_share_4q_avg": 33.73,
            "equity": 95018444,
            "current_ratio": 299.82,
            "debt_ratio": 22.54,
            "inventory_turnover_ratio": 0.63,
            "account_receivable_turnover_ratio": null,
            "reinvestment_rate": 7.48,
            "research_to_sale_ratio": null,
            "price_fair": 200.42,
            "eps_avg_yearly": 5.73,
            "eps_latest_yearly": 7.52,
            "eps_growth_yearly": 30.54
        },
        "20052": {
            "year_quarter": 20052,
            "year": 2005,
            "quarter": 2,
            "eps": 1.46,
            "eps_growth_year": 10.61,
            "eps_4q": 6.3,
            "eps_4q_growth_year": 8.62,
            "roe": 4.04,
            "roe_4q": 19.119999999999997,
            "gross_profit": 3112890,
            "gross_margin": 17.94,
            "gross_margin_4q_avg": 18.17,
            "net_income": 3826475,
            "revenue": 17349252,
            "common_shares": 26252978,
            "book_valuer_per_share": 36.03,
            "book_valuer_per_share_4q_avg": 34.23,
            "equity": 94596838,
            "current_ratio": 245.09,
            "debt_ratio": 24.56,
            "inventory_turnover_ratio": 1.37,
            "account_receivable_turnover_ratio": null,
            "reinvestment_rate": 6.22,
            "research_to_sale_ratio": null,
            "price_fair": 183.34,
            "eps_avg_yearly": 5.73,
            "eps_latest_yearly": 5.84,
            "eps_growth_yearly": 21.97
        },
        "20053": {
            "year_quarter": 20053,
            "year": 2005,
            "quarter": 3,
            "eps": 1.69,
            "eps_growth_year": 3.68,
            "eps_4q": 5.89,
            "eps_4q_growth_year": 5.67,
            "roe": 5.04,
            "roe_4q": 18.95,
            "gross_profit": 6685613,
            "gross_margin": 11.86,
            "gross_margin_4q_avg": 17.11,
            "net_income": 4970287,
            "revenue": 56376785,
            "common_shares": 29336927,
            "book_valuer_per_share": 35.04,
            "book_valuer_per_share_4q_avg": 34.95,
            "equity": 102791290,
            "current_ratio": 140.42,
            "debt_ratio": 45.53,
            "inventory_turnover_ratio": 1.86,
            "account_receivable_turnover_ratio": null,
            "reinvestment_rate": 5.51,
            "research_to_sale_ratio": null,
            "price_fair": 201.41,
            "eps_avg_yearly": 5.8,
            "eps_latest_yearly": 6.76,
            "eps_growth_yearly": 24.71
        },
        "20054": {
            "year_quarter": 20054,
            "year": 2005,
            "quarter": 4,
            "eps": 0.53,
            "eps_growth_year": -62.41,
            "eps_4q": 5.2,
            "eps_4q_growth_year": -12.26,
            "roe": 1.43,
            "roe_4q": 16.03,
            "gross_profit": 9347229,
            "gross_margin": 10.93,
            "gross_margin_4q_avg": 14.89,
            "net_income": 1558127,
            "revenue": 85550669,
            "common_shares": 29970082,
            "book_valuer_per_share": 36.48,
            "book_valuer_per_share_4q_avg": 35.93,
            "equity": 114548323,
            "current_ratio": 170.48,
            "debt_ratio": 52.18,
            "inventory_turnover_ratio": 1.33,
            "account_receivable_turnover_ratio": null,
            "reinvestment_rate": 61.47,
            "research_to_sale_ratio": null,
            "price_fair": 89.19,
            "eps_avg_yearly": 5.57,
            "eps_latest_yearly": 2.12,
            "eps_growth_yearly": 6.01
        },
        "20061": {
            "year_quarter": 20061,
            "year": 2006,
            "quarter": 1,
            "eps": 1.4,
            "eps_growth_year": -25.53,
            "eps_4q": 4.84,
            "eps_4q_growth_year": -19.29,
            "roe": 3.64,
            "roe_4q": 14.149999999999999,
            "gross_profit": 4151681,
            "gross_margin": 5.76,
            "gross_margin_4q_avg": 11.62,
            "net_income": 4216017,
            "revenue": 72110374,
            "common_shares": 30400638,
            "book_valuer_per_share": 38.59,
            "book_valuer_per_share_4q_avg": 36.54,
            "equity": 117322869,
            "current_ratio": 146.45,
            "debt_ratio": 40.41,
            "inventory_turnover_ratio": 1.19,
            "account_receivable_turnover_ratio": null,
            "reinvestment_rate": 3.43,
            "research_to_sale_ratio": null,
            "price_fair": 193.9,
            "eps_avg_yearly": 5.54,
            "eps_latest_yearly": 5.6,
            "eps_growth_yearly": 55.27
        },
        "20062": {
            "year_quarter": 20062,
            "year": 2006,
            "quarter": 2,
            "eps": 0.96,
            "eps_growth_year": -34.25,
            "eps_4q": 4.52,
            "eps_4q_growth_year": -28.29,
            "roe": 2.48,
            "roe_4q": 12.59,
            "gross_profit": 4756322,
            "gross_margin": 6.73,
            "gross_margin_4q_avg": 8.82,
            "net_income": 2901258,
            "revenue": 70654203,
            "common_shares": 30400638,
            "book_valuer_per_share": 38.42,
            "book_valuer_per_share_4q_avg": 37.13,
            "equity": 116805950,
            "current_ratio": 135.3,
            "debt_ratio": 42.42,
            "inventory_turnover_ratio": 1.43,
            "account_receivable_turnover_ratio": null,
            "reinvestment_rate": 3.05,
            "research_to_sale_ratio": null,
            "price_fair": 196.96,
            "eps_avg_yearly": 5.63,
            "eps_latest_yearly": 3.84,
            "eps_growth_yearly": 62.44
        },
        "20063": {
            "year_quarter": 20063,
            "year": 2006,
            "quarter": 3,
            "eps": 1.8,
            "eps_growth_year": 6.51,
            "eps_4q": 4.35,
            "eps_4q_growth_year": -26.13,
            "roe": 5.07,
            "roe_4q": 12.620000000000001,
            "gross_profit": 8581572,
            "gross_margin": 9.39,
            "gross_margin_4q_avg": 8.2,
            "net_income": 6126676,
            "revenue": 91359398,
            "common_shares": 34070702,
            "book_valuer_per_share": 36.59,
            "book_valuer_per_share_4q_avg": 37.52,
            "equity": 124677115,
            "current_ratio": 129.42,
            "debt_ratio": 45.59,
            "inventory_turnover_ratio": 1.53,
            "account_receivable_turnover_ratio": null,
            "reinvestment_rate": 1.94,
            "research_to_sale_ratio": null,
            "price_fair": 200.81,
            "eps_avg_yearly": 5.74,
            "eps_latest_yearly": 7.2,
            "eps_growth_yearly": 53.58
        },
        "20064": {
            "year_quarter": 20064,
            "year": 2006,
            "quarter": 4,
            "eps": 1.76,
            "eps_growth_year": 232.08,
            "eps_4q": 5.66,
            "eps_4q_growth_year": 8.91,
            "roe": 4.46,
            "roe_4q": 15.650000000000002,
            "gross_profit": 9972850,
            "gross_margin": 6.56,
            "gross_margin_4q_avg": 7.11,
            "net_income": 5977384,
            "revenue": 151915209,
            "common_shares": 34070702,
            "book_valuer_per_share": 38.88,
            "book_valuer_per_share_4q_avg": 38.12,
            "equity": 143158512,
            "current_ratio": 143.52,
            "debt_ratio": 60.64,
            "inventory_turnover_ratio": 1.68,
            "account_receivable_turnover_ratio": null,
            "reinvestment_rate": 65.73,
            "research_to_sale_ratio": null,
            "price_fair": 202.65,
            "eps_avg_yearly": 5.79,
            "eps_latest_yearly": 7.04,
            "eps_growth_yearly": 49.53
        },
        "20071": {
            "year_quarter": 20071,
            "year": 2007,
            "quarter": 1,
            "eps": 1.97,
            "eps_growth_year": 40.71,
            "eps_4q": 6.36,
            "eps_4q_growth_year": 31.48,
            "roe": 4.75,
            "roe_4q": 16.76,
            "gross_profit": 9200228,
            "gross_margin": 5.03,
            "gross_margin_4q_avg": 6.93,
            "net_income": 6731358,
            "revenue": 182939916,
            "common_shares": 34120829,
            "book_valuer_per_share": 41.06,
            "book_valuer_per_share_4q_avg": 38.74,
            "equity": 140099814,
            "current_ratio": 133.5,
            "debt_ratio": 53.29,
            "inventory_turnover_ratio": 2.12,
            "account_receivable_turnover_ratio": null,
            "reinvestment_rate": 1.74,
            "research_to_sale_ratio": null,
            "price_fair": 205.28,
            "eps_avg_yearly": 5.87,
            "eps_latest_yearly": 7.88,
            "eps_growth_yearly": 50.58
        },
        "20072": {
            "year_quarter": 20072,
            "year": 2007,
            "quarter": 2,
            "eps": 2.01,
            "eps_growth_year": 109.38,
            "eps_4q": 7.54,
            "eps_4q_growth_year": 67,
            "roe": 4.87,
            "roe_4q": 19.150000000000002,
            "gross_profit": 9167721,
            "gross_margin": 8.31,
            "gross_margin_4q_avg": 7.32,
            "net_income": 6845682,
            "revenue": 110275258,
            "common_shares": 34125291,
            "book_valuer_per_share": 41.33,
            "book_valuer_per_share_4q_avg": 39.47,
            "equity": 141032177,
            "current_ratio": 148.51,
            "debt_ratio": 46,
            "inventory_turnover_ratio": 2.02,
            "account_receivable_turnover_ratio": null,
            "reinvestment_rate": 1.34,
            "research_to_sale_ratio": null,
            "price_fair": 212.71,
            "eps_avg_yearly": 6.08,
            "eps_latest_yearly": 8.04,
            "eps_growth_yearly": 58.72
        },
        "20073": {
            "year_quarter": 20073,
            "year": 2007,
            "quarter": 3,
            "eps": 2.03,
            "eps_growth_year": 12.78,
            "eps_4q": 7.37,
            "eps_4q_growth_year": 69.4,
            "roe": 5.06,
            "roe_4q": 19.14,
            "gross_profit": 11896384,
            "gross_margin": 8.9,
            "gross_margin_4q_avg": 7.2,
            "net_income": 7437784,
            "revenue": 133640492,
            "common_shares": 37085068,
            "book_valuer_per_share": 41.18,
            "book_valuer_per_share_4q_avg": 40.61,
            "equity": 152733393,
            "current_ratio": 136.88,
            "debt_ratio": 51.62,
            "inventory_turnover_ratio": 2.06,
            "account_receivable_turnover_ratio": null,
            "reinvestment_rate": 0.93,
            "research_to_sale_ratio": null,
            "price_fair": 218.23,
            "eps_avg_yearly": 6.24,
            "eps_latest_yearly": 8.12,
            "eps_growth_yearly": 53.8
        },
        "20074": {
            "year_quarter": 20074,
            "year": 2007,
            "quarter": 4,
            "eps": 1.71,
            "eps_growth_year": -2.84,
            "eps_4q": 7.44,
            "eps_4q_growth_year": 31.51,
            "roe": 3.77,
            "roe_4q": 18.45,
            "gross_profit": 10944889,
            "gross_margin": 6.71,
            "gross_margin_4q_avg": 7.24,
            "net_income": 6268504,
            "revenue": 163050166,
            "common_shares": 37283589,
            "book_valuer_per_share": 42.73,
            "book_valuer_per_share_4q_avg": 41.58,
            "equity": 179681029,
            "current_ratio": 162.23,
            "debt_ratio": 53.42,
            "inventory_turnover_ratio": 1.73,
            "account_receivable_turnover_ratio": null,
            "reinvestment_rate": 59.43,
            "research_to_sale_ratio": null,
            "price_fair": 222.78,
            "eps_avg_yearly": 6.37,
            "eps_latest_yearly": 6.84,
            "eps_growth_yearly": 53.61
        },
        "20081": {
            "year_quarter": 20081,
            "year": 2008,
            "quarter": 1,
            "eps": 1.92,
            "eps_growth_year": -2.54,
            "eps_4q": 6.75,
            "eps_4q_growth_year": 6.04,
            "roe": 4.34,
            "roe_4q": 18.04,
            "gross_profit": 17356702,
            "gross_margin": 11.59,
            "gross_margin_4q_avg": 8.88,
            "net_income": 7893823,
            "revenue": 149739331,
            "common_shares": 37318885,
            "book_valuer_per_share": 43.62,
            "book_valuer_per_share_4q_avg": 42.22,
            "equity": 183763901,
            "current_ratio": 182.33,
            "debt_ratio": 46.65,
            "inventory_turnover_ratio": 1.32,
            "account_receivable_turnover_ratio": null,
            "reinvestment_rate": 67.88,
            "research_to_sale_ratio": null,
            "price_fair": 222.95,
            "eps_avg_yearly": 6.37,
            "eps_latest_yearly": 7.68,
            "eps_growth_yearly": 41.76
        },
        "20082": {
            "year_quarter": 20082,
            "year": 2008,
            "quarter": 2,
            "eps": 1.6,
            "eps_growth_year": -20.4,
            "eps_4q": 6.74,
            "eps_4q_growth_year": -10.64,
            "roe": 3.51,
            "roe_4q": 16.68,
            "gross_profit": 16832820,
            "gross_margin": 11.77,
            "gross_margin_4q_avg": 9.74,
            "net_income": 6379582,
            "revenue": 143067670,
            "common_shares": 37518315,
            "book_valuer_per_share": 43.08,
            "book_valuer_per_share_4q_avg": 42.65,
            "equity": 180191671,
            "current_ratio": 163.5,
            "debt_ratio": 51.22,
            "inventory_turnover_ratio": 1.16,
            "account_receivable_turnover_ratio": null,
            "reinvestment_rate": 67.06,
            "research_to_sale_ratio": null,
            "price_fair": 225.4,
            "eps_avg_yearly": 6.44,
            "eps_latest_yearly": 6.4,
            "eps_growth_yearly": 45.23
        },
        "20083": {
            "year_quarter": 20083,
            "year": 2008,
            "quarter": 3,
            "eps": 1.54,
            "eps_growth_year": -24.14,
            "eps_4q": 5.27,
            "eps_4q_growth_year": -28.47,
            "roe": 4.09,
            "roe_4q": 15.709999999999999,
            "gross_profit": 24843740,
            "gross_margin": 12.24,
            "gross_margin_4q_avg": 10.58,
            "net_income": 7586243,
            "revenue": 203050920,
            "common_shares": 42460513,
            "book_valuer_per_share": 40.2,
            "book_valuer_per_share_4q_avg": 42.41,
            "equity": 191054011,
            "current_ratio": 153.94,
            "debt_ratio": 55.18,
            "inventory_turnover_ratio": 1.37,
            "account_receivable_turnover_ratio": null,
            "reinvestment_rate": 70.6,
            "research_to_sale_ratio": null,
            "price_fair": 224.61,
            "eps_avg_yearly": 6.42,
            "eps_latest_yearly": 6.16,
            "eps_growth_yearly": 38.42
        },
        "20084": {
            "year_quarter": 20084,
            "year": 2008,
            "quarter": 4,
            "eps": -0.76,
            "eps_growth_year": -144.44,
            "eps_4q": 3.37,
            "eps_4q_growth_year": -54.67,
            "roe": -1.55,
            "roe_4q": 10.39,
            "gross_profit": 13699130,
            "gross_margin": 8.14,
            "gross_margin_4q_avg": 10.94,
            "net_income": -2934717,
            "revenue": 168380718,
            "common_shares": 42460513,
            "book_valuer_per_share": 39.4,
            "book_valuer_per_share_4q_avg": 41.58,
            "equity": 188182415,
            "current_ratio": 169.16,
            "debt_ratio": 47.48,
            "inventory_turnover_ratio": 1.3,
            "account_receivable_turnover_ratio": 3.75,
            "reinvestment_rate": 63.81,
            "research_to_sale_ratio": null,
            "price_fair": 226.43,
            "eps_avg_yearly": 6.47,
            "eps_latest_yearly": 6.16,
            "eps_growth_yearly": 44.58
        },
        "20091": {
            "year_quarter": 20091,
            "year": 2009,
            "quarter": 1,
            "eps": 0.11,
            "eps_growth_year": -94.27,
            "eps_4q": 1.11,
            "eps_4q_growth_year": -83.61,
            "roe": 0.51,
            "roe_4q": 6.56,
            "gross_profit": 9217746,
            "gross_margin": 7.94,
            "gross_margin_4q_avg": 10.02,
            "net_income": 967948,
            "revenue": 116059676,
            "common_shares": 42460513,
            "book_valuer_per_share": 40.02,
            "book_valuer_per_share_4q_avg": 40.68,
            "equity": 191854264,
            "current_ratio": 198.48,
            "debt_ratio": 39.7,
            "inventory_turnover_ratio": 1.31,
            "account_receivable_turnover_ratio": 1.51,
            "reinvestment_rate": 79.9,
            "research_to_sale_ratio": null,
            "price_fair": 223.8,
            "eps_avg_yearly": 6.39,
            "eps_latest_yearly": 6.16,
            "eps_growth_yearly": 38.24
        },
        "20092": {
            "year_quarter": 20092,
            "year": 2009,
            "quarter": 2,
            "eps": -0.03,
            "eps_growth_year": -101.88,
            "eps_4q": 0.85,
            "eps_4q_growth_year": -87.35,
            "roe": 0.45,
            "roe_4q": 3.5,
            "gross_profit": 13062733,
            "gross_margin": 10.65,
            "gross_margin_4q_avg": 9.74,
            "net_income": 839339,
            "revenue": 122690844,
            "common_shares": 42460513,
            "book_valuer_per_share": 37.63,
            "book_valuer_per_share_4q_avg": 39.31,
            "equity": 181181989,
            "current_ratio": 168.81,
            "debt_ratio": 46.81,
            "inventory_turnover_ratio": 1.54,
            "account_receivable_turnover_ratio": 1.89,
            "reinvestment_rate": 79.94,
            "research_to_sale_ratio": null,
            "price_fair": 225.29,
            "eps_avg_yearly": 6.44,
            "eps_latest_yearly": 6.16,
            "eps_growth_yearly": 48.05
        },
        "20093": {
            "year_quarter": 20093,
            "year": 2009,
            "quarter": 3,
            "eps": 1.53,
            "eps_growth_year": -0.65,
            "eps_4q": 0.71,
            "eps_4q_growth_year": -86.57,
            "roe": 4.19,
            "roe_4q": 3.6000000000000005,
            "gross_profit": 22742490,
            "gross_margin": 12.43,
            "gross_margin_4q_avg": 9.79,
            "net_income": 7759043,
            "revenue": 182919803,
            "common_shares": 42467775,
            "book_valuer_per_share": 38.97,
            "book_valuer_per_share_4q_avg": 39.01,
            "equity": 188934274,
            "current_ratio": 160.49,
            "debt_ratio": 51.14,
            "inventory_turnover_ratio": 1.84,
            "account_receivable_turnover_ratio": 2.16,
            "reinvestment_rate": 75.27,
            "research_to_sale_ratio": null,
            "price_fair": 224.35,
            "eps_avg_yearly": 6.41,
            "eps_latest_yearly": 6.16,
            "eps_growth_yearly": 46.81
        },
        "20094": {
            "year_quarter": 20094,
            "year": 2009,
            "quarter": 4,
            "eps": 1.33,
            "eps_growth_year": null,
            "eps_4q": 2.94,
            "eps_4q_growth_year": -12.91,
            "roe": 3.46,
            "roe_4q": 8.61,
            "gross_profit": 16992084,
            "gross_margin": 9.02,
            "gross_margin_4q_avg": 10.01,
            "net_income": 6689205,
            "revenue": 188450080,
            "common_shares": 42467775,
            "book_valuer_per_share": 40.78,
            "book_valuer_per_share_4q_avg": 39.35,
            "equity": 197650964,
            "current_ratio": 173.11,
            "debt_ratio": 46.58,
            "inventory_turnover_ratio": 1.85,
            "account_receivable_turnover_ratio": 2.82,
            "reinvestment_rate": 48.52,
            "research_to_sale_ratio": null,
            "price_fair": 233.68,
            "eps_avg_yearly": 6.68,
            "eps_latest_yearly": 5.32,
            "eps_growth_yearly": 65.33
        },
        "20101": {
            "year_quarter": 20101,
            "year": 2010,
            "quarter": 1,
            "eps": 1.16,
            "eps_growth_year": 954.55,
            "eps_4q": 3.99,
            "eps_4q_growth_year": 261.29,
            "roe": 2.98,
            "roe_4q": 11.079999999999998,
            "gross_profit": 19239633,
            "gross_margin": 12.03,
            "gross_margin_4q_avg": 11.03,
            "net_income": 5954390,
            "revenue": 159986907,
            "common_shares": 42467775,
            "book_valuer_per_share": 41.68,
            "book_valuer_per_share_4q_avg": 39.77,
            "equity": 202584549,
            "current_ratio": 180.5,
            "debt_ratio": 45.82,
            "inventory_turnover_ratio": 1.54,
            "account_receivable_turnover_ratio": 1.2,
            "reinvestment_rate": 84.82,
            "research_to_sale_ratio": 2.34,
            "price_fair": 107.86,
            "eps_avg_yearly": 6.6,
            "eps_latest_yearly": 4.64,
            "eps_growth_yearly": 6.35
        },
        "20102": {
            "year_quarter": 20102,
            "year": 2010,
            "quarter": 2,
            "eps": 5.23,
            "eps_growth_year": null,
            "eps_4q": 32.15,
            "eps_4q_growth_year": 3672.23,
            "roe": 2.52,
            "roe_4q": 13.150000000000002,
            "gross_profit": 11903961,
            "gross_margin": 13.87,
            "gross_margin_4q_avg": 11.84,
            "net_income": 3834405,
            "revenue": 85847810,
            "common_shares": 6370166,
            "book_valuer_per_share": 158.97,
            "book_valuer_per_share_4q_avg": 70.1,
            "equity": 101229597,
            "current_ratio": 174.21,
            "debt_ratio": 45.66,
            "inventory_turnover_ratio": 0.95,
            "account_receivable_turnover_ratio": 0.83,
            "reinvestment_rate": 39.28,
            "research_to_sale_ratio": 2.45,
            "price_fair": 280.7,
            "eps_avg_yearly": 8.02,
            "eps_latest_yearly": 20.92,
            "eps_growth_yearly": 133.78
        },
        "20103": {
            "year_quarter": 20103,
            "year": 2010,
            "quarter": 3,
            "eps": 6.71,
            "eps_growth_year": 338.69,
            "eps_4q": 28.91,
            "eps_4q_growth_year": 3986.29,
            "roe": 4.15,
            "roe_4q": 13.11,
            "gross_profit": 12054884,
            "gross_margin": 13,
            "gross_margin_4q_avg": 11.98,
            "net_income": 4219627,
            "revenue": 92697307,
            "common_shares": 6270166,
            "book_valuer_per_share": 162.36,
            "book_valuer_per_share_4q_avg": 100.95,
            "equity": 102103145,
            "current_ratio": 184.77,
            "debt_ratio": 43.63,
            "inventory_turnover_ratio": 1.52,
            "account_receivable_turnover_ratio": 1.12,
            "reinvestment_rate": 41.9,
            "research_to_sale_ratio": 1.74,
            "price_fair": 337.98,
            "eps_avg_yearly": 9.66,
            "eps_latest_yearly": 26.84,
            "eps_growth_yearly": 114.05
        },
        "20104": {
            "year_quarter": 20104,
            "year": 2010,
            "quarter": 4,
            "eps": 6.41,
            "eps_growth_year": 382.21,
            "eps_4q": 26.3,
            "eps_4q_growth_year": 794.9,
            "roe": 3.87,
            "roe_4q": 13.52,
            "gross_profit": 13308815,
            "gross_margin": 14.58,
            "gross_margin_4q_avg": 13.37,
            "net_income": 4031181,
            "revenue": 91270829,
            "common_shares": 6270166,
            "book_valuer_per_share": 169.12,
            "book_valuer_per_share_4q_avg": 133.03,
            "equity": 106358280,
            "current_ratio": 173.27,
            "debt_ratio": 47.58,
            "inventory_turnover_ratio": 1.69,
            "account_receivable_turnover_ratio": 1.01,
            "reinvestment_rate": -17.43,
            "research_to_sale_ratio": 1.04,
            "price_fair": 392.23,
            "eps_avg_yearly": 11.21,
            "eps_latest_yearly": 25.64,
            "eps_growth_yearly": 113.3
        },
        "20111": {
            "year_quarter": 20111,
            "year": 2011,
            "quarter": 1,
            "eps": 5.51,
            "eps_growth_year": 375,
            "eps_4q": 24.26,
            "eps_4q_growth_year": 507.4,
            "roe": 3.33,
            "roe_4q": 13.870000000000001,
            "gross_profit": 12833942,
            "gross_margin": 15.65,
            "gross_margin_4q_avg": 14.28,
            "net_income": 3587459,
            "revenue": 82003647,
            "common_shares": 6170166,
            "book_valuer_per_share": 172.87,
            "book_valuer_per_share_4q_avg": 165.83,
            "equity": 109017826,
            "current_ratio": 172.46,
            "debt_ratio": 47.11,
            "inventory_turnover_ratio": 1.55,
            "account_receivable_turnover_ratio": 0.93,
            "reinvestment_rate": 43.99,
            "research_to_sale_ratio": 2.37,
            "price_fair": 433.53,
            "eps_avg_yearly": 12.39,
            "eps_latest_yearly": 22.04,
            "eps_growth_yearly": 104.64
        },
        "20112": {
            "year_quarter": 20112,
            "year": 2011,
            "quarter": 2,
            "eps": 4.78,
            "eps_growth_year": -8.67,
            "eps_4q": 20.25,
            "eps_4q_growth_year": -37.01,
            "roe": 3.43,
            "roe_4q": 14.78,
            "gross_profit": 11901337,
            "gross_margin": 14.88,
            "gross_margin_4q_avg": 14.53,
            "net_income": 3644150,
            "revenue": 80006120,
            "common_shares": 6170166,
            "book_valuer_per_share": 165.54,
            "book_valuer_per_share_4q_avg": 167.47,
            "equity": 103199530,
            "current_ratio": 161.43,
            "debt_ratio": 52.44,
            "inventory_turnover_ratio": 1.33,
            "account_receivable_turnover_ratio": 0.87,
            "reinvestment_rate": 44.74,
            "research_to_sale_ratio": 2.19,
            "price_fair": 465.85,
            "eps_avg_yearly": 13.31,
            "eps_latest_yearly": 19.12,
            "eps_growth_yearly": 99.55
        },
        "20113": {
            "year_quarter": 20113,
            "year": 2011,
            "quarter": 3,
            "eps": 6.22,
            "eps_growth_year": -7.34,
            "eps_4q": 20.88,
            "eps_4q_growth_year": -27.77,
            "roe": 4.39,
            "roe_4q": 15.02,
            "gross_profit": 13688100,
            "gross_margin": 12.37,
            "gross_margin_4q_avg": 14.37,
            "net_income": 4718667,
            "revenue": 110671090,
            "common_shares": 7527603,
            "book_valuer_per_share": 146.67,
            "book_valuer_per_share_4q_avg": 163.55,
            "equity": 111606411,
            "current_ratio": 175.54,
            "debt_ratio": 48.52,
            "inventory_turnover_ratio": 1.62,
            "account_receivable_turnover_ratio": 1.49,
            "reinvestment_rate": 47.67,
            "research_to_sale_ratio": 1.63,
            "price_fair": 514.73,
            "eps_avg_yearly": 14.71,
            "eps_latest_yearly": 24.88,
            "eps_growth_yearly": 109.26
        },
        "20114": {
            "year_quarter": 20114,
            "year": 2011,
            "quarter": 4,
            "eps": 6.48,
            "eps_growth_year": 1.1,
            "eps_4q": 22.02,
            "eps_4q_growth_year": -16.25,
            "roe": 4.3,
            "roe_4q": 15.45,
            "gross_profit": 14645761,
            "gross_margin": 13.14,
            "gross_margin_4q_avg": 14.01,
            "net_income": 4897122,
            "revenue": 111431437,
            "common_shares": 7527603,
            "book_valuer_per_share": 152.7,
            "book_valuer_per_share_4q_avg": 159.45,
            "equity": 116174686,
            "current_ratio": 175.99,
            "debt_ratio": 46.68,
            "inventory_turnover_ratio": 1.63,
            "account_receivable_turnover_ratio": 2.41,
            "reinvestment_rate": -34.4,
            "research_to_sale_ratio": 1.97,
            "price_fair": 570.38,
            "eps_avg_yearly": 16.3,
            "eps_latest_yearly": 25.92,
            "eps_growth_yearly": 115.91
        },
        "20121": {
            "year_quarter": 20121,
            "year": 2012,
            "quarter": 1,
            "eps": 6.65,
            "eps_growth_year": 20.69,
            "eps_4q": 24.13,
            "eps_4q_growth_year": -0.56,
            "roe": 4.26,
            "roe_4q": 16.38,
            "gross_profit": 13642438,
            "gross_margin": 13.84,
            "gross_margin_4q_avg": 13.56,
            "net_income": 5038391,
            "revenue": 98550601,
            "common_shares": 7527603,
            "book_valuer_per_share": 158.49,
            "book_valuer_per_share_4q_avg": 155.85,
            "equity": 120568773,
            "current_ratio": 169.53,
            "debt_ratio": 48.79,
            "inventory_turnover_ratio": 1.44,
            "account_receivable_turnover_ratio": 2.04,
            "reinvestment_rate": -32.78,
            "research_to_sale_ratio": 2.33,
            "price_fair": 625.57,
            "eps_avg_yearly": 17.87,
            "eps_latest_yearly": 26.6,
            "eps_growth_yearly": 112.69
        },
        "20122": {
            "year_quarter": 20122,
            "year": 2012,
            "quarter": 2,
            "eps": 6.4,
            "eps_growth_year": 33.98,
            "eps_4q": 25.75,
            "eps_4q_growth_year": 27.14,
            "roe": 4.1,
            "roe_4q": 17.05,
            "gross_profit": 14849402,
            "gross_margin": 14.31,
            "gross_margin_4q_avg": 13.42,
            "net_income": 4863417,
            "revenue": 103772792,
            "common_shares": 7527603,
            "book_valuer_per_share": 152.88,
            "book_valuer_per_share_4q_avg": 152.69,
            "equity": 116688223,
            "current_ratio": 156.49,
            "debt_ratio": 53.41,
            "inventory_turnover_ratio": 1.31,
            "account_receivable_turnover_ratio": 1.76,
            "reinvestment_rate": -37.01,
            "research_to_sale_ratio": 2.03,
            "price_fair": 681.57,
            "eps_avg_yearly": 19.47,
            "eps_latest_yearly": 25.6,
            "eps_growth_yearly": 116.99
        },
        "20123": {
            "year_quarter": 20123,
            "year": 2012,
            "quarter": 3,
            "eps": 8.92,
            "eps_growth_year": 43.43,
            "eps_4q": 28.45,
            "eps_4q_growth_year": 36.25,
            "roe": 5.68,
            "roe_4q": 18.34,
            "gross_profit": 15739422,
            "gross_margin": 12.98,
            "gross_margin_4q_avg": 13.57,
            "net_income": 6737294,
            "revenue": 121274475,
            "common_shares": 7527603,
            "book_valuer_per_share": 157.79,
            "book_valuer_per_share_4q_avg": 155.47,
            "equity": 120414852,
            "current_ratio": 157.26,
            "debt_ratio": 53.33,
            "inventory_turnover_ratio": 1.38,
            "account_receivable_turnover_ratio": 1.83,
            "reinvestment_rate": -45.33,
            "research_to_sale_ratio": 1.88,
            "price_fair": 767.67,
            "eps_avg_yearly": 21.93,
            "eps_latest_yearly": 35.68,
            "eps_growth_yearly": 131.36
        },
        "20124": {
            "year_quarter": 20124,
            "year": 2012,
            "quarter": 4,
            "eps": 7.82,
            "eps_growth_year": 20.6,
            "eps_4q": 29.79,
            "eps_4q_growth_year": 35.25,
            "roe": 4.71,
            "roe_4q": 18.75,
            "gross_profit": 16887186,
            "gross_margin": 13.5,
            "gross_margin_4q_avg": 13.66,
            "net_income": 5848359,
            "revenue": 125086753,
            "common_shares": 7527603,
            "book_valuer_per_share": 167.47,
            "book_valuer_per_share_4q_avg": 159.16,
            "equity": 127851194,
            "current_ratio": 161.49,
            "debt_ratio": 52.15,
            "inventory_turnover_ratio": 1.37,
            "account_receivable_turnover_ratio": 1.87,
            "reinvestment_rate": -37.12,
            "research_to_sale_ratio": 1.48,
            "price_fair": 792.83,
            "eps_avg_yearly": 22.65,
            "eps_latest_yearly": 31.28,
            "eps_growth_yearly": 117.46
        },
        "20131": {
            "year_quarter": 20131,
            "year": 2013,
            "quarter": 1,
            "eps": 8.04,
            "eps_growth_year": 20.9,
            "eps_4q": 31.18,
            "eps_4q_growth_year": 29.23,
            "roe": 4.59,
            "roe_4q": 19.08,
            "gross_profit": 15062768,
            "gross_margin": 13.21,
            "gross_margin_4q_avg": 13.5,
            "net_income": 6059660,
            "revenue": 114039780,
            "common_shares": 7527603,
            "book_valuer_per_share": 178.58,
            "book_valuer_per_share_4q_avg": 164.18,
            "equity": 136229121,
            "current_ratio": 170.96,
            "debt_ratio": 48.66,
            "inventory_turnover_ratio": 1.27,
            "account_receivable_turnover_ratio": 1.73,
            "reinvestment_rate": -32.86,
            "research_to_sale_ratio": 2.19,
            "price_fair": 816.6,
            "eps_avg_yearly": 23.33,
            "eps_latest_yearly": 32.16,
            "eps_growth_yearly": 109.88
        },
        "20132": {
            "year_quarter": 20132,
            "year": 2013,
            "quarter": 2,
            "eps": 6.33,
            "eps_growth_year": -1.07,
            "eps_4q": 31.11,
            "eps_4q_growth_year": 20.82,
            "roe": 3.61,
            "roe_4q": 18.59,
            "gross_profit": 13492649,
            "gross_margin": 13.53,
            "gross_margin_4q_avg": 13.31,
            "net_income": 4796077,
            "revenue": 99732991,
            "common_shares": 7527603,
            "book_valuer_per_share": 169.61,
            "book_valuer_per_share_4q_avg": 168.36,
            "equity": 129383220,
            "current_ratio": 156.51,
            "debt_ratio": 53.63,
            "inventory_turnover_ratio": 1.07,
            "account_receivable_turnover_ratio": 1.61,
            "reinvestment_rate": -27.68,
            "research_to_sale_ratio": 2.43,
            "price_fair": 821.24,
            "eps_avg_yearly": 23.46,
            "eps_latest_yearly": 25.32,
            "eps_growth_yearly": 96.88
        },
        "20133": {
            "year_quarter": 20133,
            "year": 2013,
            "quarter": 3,
            "eps": 6.63,
            "eps_growth_year": -25.67,
            "eps_4q": 29.14,
            "eps_4q_growth_year": 2.42,
            "roe": 3.85,
            "roe_4q": 16.76,
            "gross_profit": 14843082,
            "gross_margin": 12.49,
            "gross_margin_4q_avg": 13.18,
            "net_income": 4971519,
            "revenue": 118809707,
            "common_shares": 7527603,
            "book_valuer_per_share": 171.47,
            "book_valuer_per_share_4q_avg": 171.78,
            "equity": 129115504,
            "current_ratio": 160.66,
            "debt_ratio": 51.93,
            "inventory_turnover_ratio": 1.24,
            "account_receivable_turnover_ratio": 1.83,
            "reinvestment_rate": -27.27,
            "research_to_sale_ratio": 2.22,
            "price_fair": 827.93,
            "eps_avg_yearly": 23.66,
            "eps_latest_yearly": 26.52,
            "eps_growth_yearly": 92.01
        },
        "20134": {
            "year_quarter": 20134,
            "year": 2013,
            "quarter": 4,
            "eps": 7.66,
            "eps_growth_year": -2.01,
            "eps_4q": 28.88,
            "eps_4q_growth_year": -3.05,
            "roe": 4.29,
            "roe_4q": 16.34,
            "gross_profit": 16571566,
            "gross_margin": 12.68,
            "gross_margin_4q_avg": 12.98,
            "net_income": 5704408,
            "revenue": 130704029,
            "common_shares": 7427603,
            "book_valuer_per_share": 182.02,
            "book_valuer_per_share_4q_avg": 175.42,
            "equity": 136971484,
            "current_ratio": 158.09,
            "debt_ratio": 53.74,
            "inventory_turnover_ratio": 1.43,
            "account_receivable_turnover_ratio": 1.78,
            "reinvestment_rate": -40.16,
            "research_to_sale_ratio": 2.61,
            "price_fair": 883.31,
            "eps_avg_yearly": 25.24,
            "eps_latest_yearly": 30.64,
            "eps_growth_yearly": 99.16
        },
        "20141": {
            "year_quarter": 20141,
            "year": 2014,
            "quarter": 1,
            "eps": 5.87,
            "eps_growth_year": -26.99,
            "eps_4q": 26.6,
            "eps_4q_growth_year": -14.68,
            "roe": 3.14,
            "roe_4q": 14.889999999999999,
            "gross_profit": 14810531,
            "gross_margin": 13.42,
            "gross_margin_4q_avg": 13.03,
            "net_income": 4422418,
            "revenue": 110335999,
            "common_shares": 7427603,
            "book_valuer_per_share": 192.79,
            "book_valuer_per_share_4q_avg": 178.97,
            "equity": 145029766,
            "current_ratio": 167.45,
            "debt_ratio": 50.11,
            "inventory_turnover_ratio": 1.25,
            "account_receivable_turnover_ratio": 1.54,
            "reinvestment_rate": -34.85,
            "research_to_sale_ratio": 2.47,
            "price_fair": 924.53,
            "eps_avg_yearly": 26.42,
            "eps_latest_yearly": 23.48,
            "eps_growth_yearly": 96.52
        },
        "20142": {
            "year_quarter": 20142,
            "year": 2014,
            "quarter": 2,
            "eps": 6.45,
            "eps_growth_year": 1.9,
            "eps_4q": 26.63,
            "eps_4q_growth_year": -14.39,
            "roe": 3.37,
            "roe_4q": 14.65,
            "gross_profit": 15423551,
            "gross_margin": 14.66,
            "gross_margin_4q_avg": 13.31,
            "net_income": 4861762,
            "revenue": 105197082,
            "common_shares": 7427603,
            "book_valuer_per_share": 190.92,
            "book_valuer_per_share_4q_avg": 184.3,
            "equity": 143588370,
            "current_ratio": 150.82,
            "debt_ratio": 54.48,
            "inventory_turnover_ratio": 1.06,
            "account_receivable_turnover_ratio": 1.6,
            "reinvestment_rate": 23.69,
            "research_to_sale_ratio": 2.39,
            "price_fair": 568.35,
            "eps_avg_yearly": 26.72,
            "eps_latest_yearly": 25.8,
            "eps_growth_yearly": 11.27
        },
        "20143": {
            "year_quarter": 20143,
            "year": 2014,
            "quarter": 3,
            "eps": 7.82,
            "eps_growth_year": 17.95,
            "eps_4q": 27.81,
            "eps_4q_growth_year": -4.58,
            "roe": 4.02,
            "roe_4q": 14.82,
            "gross_profit": 17304731,
            "gross_margin": 13.96,
            "gross_margin_4q_avg": 13.68,
            "net_income": 5874795,
            "revenue": 123915618,
            "common_shares": 7427603,
            "book_valuer_per_share": 198.07,
            "book_valuer_per_share_4q_avg": 190.95,
            "equity": 148956811,
            "current_ratio": 156.34,
            "debt_ratio": 52.9,
            "inventory_turnover_ratio": 1.1,
            "account_receivable_turnover_ratio": 1.83,
            "reinvestment_rate": 18.96,
            "research_to_sale_ratio": 2.86,
            "price_fair": 526.62,
            "eps_avg_yearly": 27,
            "eps_latest_yearly": 31.28,
            "eps_growth_yearly": 9.51
        },
        "20144": {
            "year_quarter": 20144,
            "year": 2014,
            "quarter": 4,
            "eps": 6.07,
            "eps_growth_year": -20.78,
            "eps_4q": 26.21,
            "eps_4q_growth_year": -9.23,
            "roe": 2.9,
            "roe_4q": 13.43,
            "gross_profit": 17844975,
            "gross_margin": 12.94,
            "gross_margin_4q_avg": 13.75,
            "net_income": 4555430,
            "revenue": 137959350,
            "common_shares": 7427603,
            "book_valuer_per_share": 220.32,
            "book_valuer_per_share_4q_avg": 200.53,
            "equity": 165523063,
            "current_ratio": 153.59,
            "debt_ratio": 53.03,
            "inventory_turnover_ratio": 1.19,
            "account_receivable_turnover_ratio": 1.81,
            "reinvestment_rate": 32.32,
            "research_to_sale_ratio": 1.87,
            "price_fair": 404.48,
            "eps_avg_yearly": 26.91,
            "eps_latest_yearly": 24.28,
            "eps_growth_yearly": 5.03
        },
        "20151": {
            "year_quarter": 20151,
            "year": 2015,
            "quarter": 1,
            "eps": 4.96,
            "eps_growth_year": -15.5,
            "eps_4q": 25.3,
            "eps_4q_growth_year": -4.9,
            "roe": 2.17,
            "roe_4q": 12.46,
            "gross_profit": 15331207,
            "gross_margin": 13.7,
            "gross_margin_4q_avg": 13.82,
            "net_income": 3696992,
            "revenue": 111889517,
            "common_shares": 7427603,
            "book_valuer_per_share": 233.4,
            "book_valuer_per_share_4q_avg": 210.68,
            "equity": 175278865,
            "current_ratio": 166.85,
            "debt_ratio": 47.5,
            "inventory_turnover_ratio": 1,
            "account_receivable_turnover_ratio": 1.49,
            "reinvestment_rate": 37.37,
            "research_to_sale_ratio": 2.52,
            "price_fair": 373.99,
            "eps_avg_yearly": 26.78,
            "eps_latest_yearly": 19.84,
            "eps_growth_yearly": 3.97
        },
        "20152": {
            "year_quarter": 20152,
            "year": 2015,
            "quarter": 2,
            "eps": 6.27,
            "eps_growth_year": -2.79,
            "eps_4q": 25.12,
            "eps_4q_growth_year": -5.68,
            "roe": 2.72,
            "roe_4q": 11.81,
            "gross_profit": 16045683,
            "gross_margin": 14.8,
            "gross_margin_4q_avg": 13.85,
            "net_income": 4640648,
            "revenue": 108406938,
            "common_shares": 7427603,
            "book_valuer_per_share": 220.48,
            "book_valuer_per_share_4q_avg": 218.07,
            "equity": 165491428,
            "current_ratio": 152.16,
            "debt_ratio": 52.39,
            "inventory_turnover_ratio": 0.97,
            "account_receivable_turnover_ratio": 1.5,
            "reinvestment_rate": 37.96,
            "research_to_sale_ratio": 2.99,
            "price_fair": 648.36,
            "eps_avg_yearly": 27.15,
            "eps_latest_yearly": 25.08,
            "eps_growth_yearly": 13.88
        },
        "20153": {
            "year_quarter": 20153,
            "year": 2015,
            "quarter": 3,
            "eps": 5.67,
            "eps_growth_year": -27.49,
            "eps_4q": 22.97,
            "eps_4q_growth_year": -17.39,
            "roe": 2.56,
            "roe_4q": 10.35,
            "gross_profit": 17690050,
            "gross_margin": 14.83,
            "gross_margin_4q_avg": 14.07,
            "net_income": 4287045,
            "revenue": 119315891,
            "common_shares": 7427603,
            "book_valuer_per_share": 225.48,
            "book_valuer_per_share_4q_avg": 224.92,
            "equity": 169333576,
            "current_ratio": 159.08,
            "debt_ratio": 50.91,
            "inventory_turnover_ratio": 1.04,
            "account_receivable_turnover_ratio": 1.5,
            "reinvestment_rate": 33.3,
            "research_to_sale_ratio": 2.88,
            "price_fair": 377.04,
            "eps_avg_yearly": 27.01,
            "eps_latest_yearly": 22.68,
            "eps_growth_yearly": 3.96
        },
        "20154": {
            "year_quarter": 20154,
            "year": 2015,
            "quarter": 4,
            "eps": 6.12,
            "eps_growth_year": 0.78,
            "eps_4q": 23.02,
            "eps_4q_growth_year": -12.19,
            "roe": 2.75,
            "roe_4q": 10.200000000000001,
            "gross_profit": 18818430,
            "gross_margin": 14.18,
            "gross_margin_4q_avg": 14.38,
            "net_income": 4661232,
            "revenue": 132722972,
            "common_shares": 7427603,
            "book_valuer_per_share": 225.31,
            "book_valuer_per_share_4q_avg": 226.17,
            "equity": 169427946,
            "current_ratio": 169.14,
            "debt_ratio": 49.21,
            "inventory_turnover_ratio": 1.12,
            "account_receivable_turnover_ratio": 1.59,
            "reinvestment_rate": 25.95,
            "research_to_sale_ratio": 2.61,
            "price_fair": 401.06,
            "eps_avg_yearly": 26.92,
            "eps_latest_yearly": 24.48,
            "eps_growth_yearly": 4.9
        },
        "20161": {
            "year_quarter": 20161,
            "year": 2016,
            "quarter": 1,
            "eps": 5.6,
            "eps_growth_year": 12.9,
            "eps_4q": 23.67,
            "eps_4q_growth_year": -6.44,
            "roe": 2.46,
            "roe_4q": 10.49,
            "gross_profit": 16251775,
            "gross_margin": 13.63,
            "gross_margin_4q_avg": 14.36,
            "net_income": 4234990,
            "revenue": 119253004,
            "common_shares": 7427603,
            "book_valuer_per_share": 232.36,
            "book_valuer_per_share_4q_avg": 225.91,
            "equity": 174749258,
            "current_ratio": 176.37,
            "debt_ratio": 46.29,
            "inventory_turnover_ratio": 1.05,
            "account_receivable_turnover_ratio": 1.43,
            "reinvestment_rate": 28.69,
            "research_to_sale_ratio": 2.47,
            "price_fair": 323.04,
            "eps_avg_yearly": 26.66,
            "eps_latest_yearly": 22.4,
            "eps_growth_yearly": 2.12
        },
        "20162": {
            "year_quarter": 20162,
            "year": 2016,
            "quarter": 2,
            "eps": 5.55,
            "eps_growth_year": -11.48,
            "eps_4q": 22.95,
            "eps_4q_growth_year": -8.64,
            "roe": 2.46,
            "roe_4q": 10.23,
            "gross_profit": 14514864,
            "gross_margin": 14.05,
            "gross_margin_4q_avg": 14.17,
            "net_income": 4201825,
            "revenue": 103343297,
            "common_shares": 7427603,
            "book_valuer_per_share": 222.08,
            "book_valuer_per_share_4q_avg": 226.31,
            "equity": 167038842,
            "current_ratio": 169.14,
            "debt_ratio": 48.14,
            "inventory_turnover_ratio": 0.99,
            "account_receivable_turnover_ratio": 1.29,
            "reinvestment_rate": 25.75,
            "research_to_sale_ratio": 2.97,
            "price_fair": 339.42,
            "eps_avg_yearly": 26.45,
            "eps_latest_yearly": 22.2,
            "eps_growth_yearly": 2.83
        },
        "20163": {
            "year_quarter": 20163,
            "year": 2016,
            "quarter": 3,
            "eps": 8.05,
            "eps_growth_year": 41.98,
            "eps_4q": 25.32,
            "eps_4q_growth_year": 10.24,
            "roe": 3.53,
            "roe_4q": 11.2,
            "gross_profit": 17061145,
            "gross_margin": 14.48,
            "gross_margin_4q_avg": 14.09,
            "net_income": 6117716,
            "revenue": 117807829,
            "common_shares": 7427603,
            "book_valuer_per_share": 238.26,
            "book_valuer_per_share_4q_avg": 229.5,
            "equity": 179210337,
            "current_ratio": 164.31,
            "debt_ratio": 46.97,
            "inventory_turnover_ratio": 1.2,
            "account_receivable_turnover_ratio": 1.47,
            "reinvestment_rate": 40.13,
            "research_to_sale_ratio": 3.17,
            "price_fair": 373.8,
            "eps_avg_yearly": 26.23,
            "eps_latest_yearly": 32.2,
            "eps_growth_yearly": 4.25
        },
        "20164": {
            "year_quarter": 20164,
            "year": 2016,
            "quarter": 4,
            "eps": 6.65,
            "eps_growth_year": 8.66,
            "eps_4q": 25.85,
            "eps_4q_growth_year": 12.31,
            "roe": 2.79,
            "roe_4q": 11.240000000000002,
            "gross_profit": 18399583,
            "gross_margin": 14.56,
            "gross_margin_4q_avg": 14.18,
            "net_income": 5063873,
            "revenue": 126398576,
            "common_shares": 7427603,
            "book_valuer_per_share": 244.34,
            "book_valuer_per_share_4q_avg": 234.26,
            "equity": 184217214,
            "current_ratio": 162.6,
            "debt_ratio": 49.42,
            "inventory_turnover_ratio": 1.29,
            "account_receivable_turnover_ratio": 1.51,
            "reinvestment_rate": 34.99,
            "research_to_sale_ratio": 2.81,
            "price_fair": 336.83,
            "eps_avg_yearly": 25.94,
            "eps_latest_yearly": 26.6,
            "eps_growth_yearly": 2.99
        },
        "20171": {
            "year_quarter": 20171,
            "year": 2017,
            "quarter": 1,
            "eps": 4.92,
            "eps_growth_year": -12.14,
            "eps_4q": 25.17,
            "eps_4q_growth_year": 6.34,
            "roe": 2,
            "roe_4q": 10.780000000000001,
            "gross_profit": 14956686,
            "gross_margin": 13.82,
            "gross_margin_4q_avg": 14.23,
            "net_income": 3747574,
            "revenue": 108221176,
            "common_shares": 7427603,
            "book_valuer_per_share": 251.54,
            "book_valuer_per_share_4q_avg": 239.06,
            "equity": 189631842,
            "current_ratio": 169.17,
            "debt_ratio": 46.15,
            "inventory_turnover_ratio": 1.05,
            "account_receivable_turnover_ratio": 1.31,
            "reinvestment_rate": 42.69,
            "research_to_sale_ratio": 3.12,
            "price_fair": 75.47,
            "eps_avg_yearly": 25.16,
            "eps_latest_yearly": 19.68,
            "eps_growth_yearly": -4.22
        },
        "20172": {
            "year_quarter": 20172,
            "year": 2017,
            "quarter": 2,
            "eps": 2.7,
            "eps_growth_year": -51.35,
            "eps_4q": 22.32,
            "eps_4q_growth_year": -2.75,
            "roe": 1.13,
            "roe_4q": 9.45,
            "gross_profit": 11880244,
            "gross_margin": 12.21,
            "gross_margin_4q_avg": 13.77,
            "net_income": 2075944,
            "revenue": 97318245,
            "common_shares": 7427603,
            "book_valuer_per_share": 234.04,
            "book_valuer_per_share_4q_avg": 242.05,
            "equity": 176360993,
            "current_ratio": 154.92,
            "debt_ratio": 50.5,
            "inventory_turnover_ratio": 0.92,
            "account_receivable_turnover_ratio": 1.21,
            "reinvestment_rate": 44.96,
            "research_to_sale_ratio": 2.86,
            "price_fair": 72.74,
            "eps_avg_yearly": 24.25,
            "eps_latest_yearly": 10.8,
            "eps_growth_yearly": -10.18
        },
        "20173": {
            "year_quarter": 20173,
            "year": 2017,
            "quarter": 3,
            "eps": 7.86,
            "eps_growth_year": -2.36,
            "eps_4q": 22.13,
            "eps_4q_growth_year": -12.62,
            "roe": 3.39,
            "roe_4q": 9.309999999999999,
            "gross_profit": 16755960,
            "gross_margin": 14.64,
            "gross_margin_4q_avg": 13.81,
            "net_income": 6013642,
            "revenue": 114471318,
            "common_shares": 7427603,
            "book_valuer_per_share": 235.22,
            "book_valuer_per_share_4q_avg": 241.29,
            "equity": 178088551,
            "current_ratio": 163.91,
            "debt_ratio": 48.36,
            "inventory_turnover_ratio": 1.04,
            "account_receivable_turnover_ratio": 1.35,
            "reinvestment_rate": 39.48,
            "research_to_sale_ratio": 4.33,
            "price_fair": 859.43,
            "eps_avg_yearly": 24.56,
            "eps_latest_yearly": 31.44,
            "eps_growth_yearly": 36.41
        },
        "20174": {
            "year_quarter": 20174,
            "year": 2017,
            "quarter": 4,
            "eps": 5.45,
            "eps_growth_year": -18.06,
            "eps_4q": 20.93,
            "eps_4q_growth_year": -19.05,
            "roe": 2.36,
            "roe_4q": 8.879999999999999,
            "gross_profit": 15811595,
            "gross_margin": 13.88,
            "gross_margin_4q_avg": 13.64,
            "net_income": 4202834,
            "revenue": 113956052,
            "common_shares": 7427603,
            "book_valuer_per_share": 235.8,
            "book_valuer_per_share_4q_avg": 239.15,
            "equity": 178674303,
            "current_ratio": 167.39,
            "debt_ratio": 48.19,
            "inventory_turnover_ratio": 1.12,
            "account_receivable_turnover_ratio": 1.31,
            "reinvestment_rate": 33.42,
            "research_to_sale_ratio": 3.34,
            "price_fair": 836.74,
            "eps_avg_yearly": 24,
            "eps_latest_yearly": 21.8,
            "eps_growth_yearly": 24.86
        },
        "20181": {
            "year_quarter": 20181,
            "year": 2018,
            "quarter": 1,
            "eps": 3.2,
            "eps_growth_year": -34.96,
            "eps_4q": 19.22,
            "eps_4q_growth_year": -23.64,
            "roe": 1.46,
            "roe_4q": 8.34,
            "gross_profit": 14161119,
            "gross_margin": 14.31,
            "gross_margin_4q_avg": 13.76,
            "net_income": 2634395,
            "revenue": 98993535,
            "common_shares": 7427603,
            "book_valuer_per_share": 238.51,
            "book_valuer_per_share_4q_avg": 235.89,
            "equity": 180969890,
            "current_ratio": 169.64,
            "debt_ratio": 47.36,
            "inventory_turnover_ratio": 1,
            "account_receivable_turnover_ratio": 1.24,
            "reinvestment_rate": -47.07,
            "research_to_sale_ratio": 3.54,
            "price_fair": 708.96,
            "eps_avg_yearly": 23.34,
            "eps_latest_yearly": 12.8,
            "eps_growth_yearly": 20.38
        },
        "20182": {
            "year_quarter": 20182,
            "year": 2018,
            "quarter": 2,
            "eps": 1.8,
            "eps_growth_year": -33.33,
            "eps_4q": 18.3,
            "eps_4q_growth_year": -18,
            "roe": 0.95,
            "roe_4q": 8.16,
            "gross_profit": 12342454,
            "gross_margin": 13.65,
            "gross_margin_4q_avg": 14.12,
            "net_income": 1656773,
            "revenue": 90436486,
            "common_shares": 7427603,
            "book_valuer_per_share": 221.99,
            "book_valuer_per_share_4q_avg": 232.88,
            "equity": 168575523,
            "current_ratio": 158.18,
            "debt_ratio": 51.42,
            "inventory_turnover_ratio": 0.89,
            "account_receivable_turnover_ratio": 1.18,
            "reinvestment_rate": -63.04,
            "research_to_sale_ratio": 2.74,
            "price_fair": 376.36,
            "eps_avg_yearly": 22.17,
            "eps_latest_yearly": 7.2,
            "eps_growth_yearly": 6.97
        },
        "20183": {
            "year_quarter": 20183,
            "year": 2018,
            "quarter": 3,
            "eps": 4.5,
            "eps_growth_year": -42.75,
            "eps_4q": 14.94,
            "eps_4q_growth_year": -32.47,
            "roe": 2.09,
            "roe_4q": 6.859999999999999,
            "gross_profit": 13278482,
            "gross_margin": 12.93,
            "gross_margin_4q_avg": 13.69,
            "net_income": 3597894,
            "revenue": 102682729,
            "common_shares": 7427603,
            "book_valuer_per_share": 228.15,
            "book_valuer_per_share_4q_avg": 231.11,
            "equity": 176208069,
            "current_ratio": 157.61,
            "debt_ratio": 50.8,
            "inventory_turnover_ratio": 0.97,
            "account_receivable_turnover_ratio": 1.23,
            "reinvestment_rate": -56.37,
            "research_to_sale_ratio": 3.89,
            "price_fair": 746.99,
            "eps_avg_yearly": 21.34,
            "eps_latest_yearly": 18,
            "eps_growth_yearly": 39.16
        },
        "20184": {
            "year_quarter": 20184,
            "year": 2018,
            "quarter": 4,
            "eps": -3.8,
            "eps_growth_year": -169.68,
            "eps_4q": 5.7,
            "eps_4q_growth_year": -72.76,
            "roe": -1.52,
            "roe_4q": 2.9799999999999995,
            "gross_profit": 12232221,
            "gross_margin": 19.71,
            "gross_margin_4q_avg": 15.15,
            "net_income": -2616566,
            "revenue": 62074915,
            "common_shares": 7427603,
            "book_valuer_per_share": 217.25,
            "book_valuer_per_share_4q_avg": 226.48,
            "equity": 167691924,
            "current_ratio": 156.69,
            "debt_ratio": 50.99,
            "inventory_turnover_ratio": 0.52,
            "account_receivable_turnover_ratio": 0.73,
            "reinvestment_rate": -75.56,
            "research_to_sale_ratio": 1.71,
            "price_fair": 740.13,
            "eps_avg_yearly": 21.15,
            "eps_latest_yearly": 18,
            "eps_growth_yearly": 47.74
        },
        "20191": {
            "year_quarter": 20191,
            "year": 2019,
            "quarter": 1,
            "eps": 2.94,
            "eps_growth_year": -8.12,
            "eps_4q": 5.44,
            "eps_4q_growth_year": -71.68,
            "roe": 1.43,
            "roe_4q": 2.9499999999999997,
            "gross_profit": 11012419,
            "gross_margin": 12.82,
            "gross_margin_4q_avg": 14.78,
            "net_income": 2454390,
            "revenue": 85929224,
            "common_shares": 7427603,
            "book_valuer_per_share": 227.81,
            "book_valuer_per_share_4q_avg": 223.8,
            "equity": 175782284,
            "current_ratio": 164.06,
            "debt_ratio": 47.32,
            "inventory_turnover_ratio": 0.83,
            "account_receivable_turnover_ratio": 1.07,
            "reinvestment_rate": -85.61,
            "research_to_sale_ratio": 3.78,
            "price_fair": 743.4,
            "eps_avg_yearly": 21.24,
            "eps_latest_yearly": 18,
            "eps_growth_yearly": 56.38
        },
        "20192": {
            "year_quarter": 20192,
            "year": 2019,
            "quarter": 2,
            "eps": 2.27,
            "eps_growth_year": 26.11,
            "eps_4q": 5.91,
            "eps_4q_growth_year": -67.7,
            "roe": 1.09,
            "roe_4q": 3.09,
            "gross_profit": 11596585,
            "gross_margin": 15.64,
            "gross_margin_4q_avg": 15.28,
            "net_income": 1868194,
            "revenue": 74165885,
            "common_shares": 7427603,
            "book_valuer_per_share": 216.45,
            "book_valuer_per_share_4q_avg": 222.42,
            "equity": 166787150,
            "current_ratio": 152.73,
            "debt_ratio": 49.65,
            "inventory_turnover_ratio": 0.75,
            "account_receivable_turnover_ratio": 1,
            "reinvestment_rate": -84.78,
            "research_to_sale_ratio": 4.51,
            "price_fair": 703.4,
            "eps_avg_yearly": 20.1,
            "eps_latest_yearly": 9.08,
            "eps_growth_yearly": 42.32
        },
        "20193": {
            "year_quarter": 20193,
            "year": 2019,
            "quarter": 3,
            "eps": 7.58,
            "eps_growth_year": 68.44,
            "eps_4q": 8.99,
            "eps_4q_growth_year": -39.81,
            "roe": 3.41,
            "roe_4q": 4.41,
            "gross_profit": 16412400,
            "gross_margin": 17.47,
            "gross_margin_4q_avg": 16.41,
            "net_income": 5808837,
            "revenue": 93946499,
            "common_shares": 7427603,
            "book_valuer_per_share": 225.52,
            "book_valuer_per_share_4q_avg": 221.76,
            "equity": 173699440,
            "current_ratio": 156.44,
            "debt_ratio": 48.48,
            "inventory_turnover_ratio": 0.97,
            "account_receivable_turnover_ratio": 1.3,
            "reinvestment_rate": -73.42,
            "research_to_sale_ratio": 3.99,
            "price_fair": 722.5,
            "eps_avg_yearly": 20.64,
            "eps_latest_yearly": 30.32,
            "eps_growth_yearly": 111.89
        },
        "20194": {
            "year_quarter": 20194,
            "year": 2019,
            "quarter": 4,
            "eps": 3.55,
            "eps_growth_year": null,
            "eps_4q": 16.34,
            "eps_4q_growth_year": 186.62,
            "roe": 1.62,
            "roe_4q": 7.55,
            "gross_profit": 14466714,
            "gross_margin": 14.87,
            "gross_margin_4q_avg": 15.2,
            "net_income": 2883608,
            "revenue": 97288885,
            "common_shares": 7427603,
            "book_valuer_per_share": 238.11,
            "book_valuer_per_share_4q_avg": 226.97,
            "equity": 183286792,
            "current_ratio": 155.44,
            "debt_ratio": 47.93,
            "inventory_turnover_ratio": 1.08,
            "account_receivable_turnover_ratio": 1.33,
            "reinvestment_rate": -64.36,
            "research_to_sale_ratio": 3.89,
            "price_fair": 696.8,
            "eps_avg_yearly": 19.91,
            "eps_latest_yearly": 14.2,
            "eps_growth_yearly": 94.43
        },
        "20201": {
            "year_quarter": 20201,
            "year": 2020,
            "quarter": 1,
            "eps": 1.2,
            "eps_growth_year": -59.18,
            "eps_4q": 14.59,
            "eps_4q_growth_year": 168.13,
            "roe": 0.61,
            "roe_4q": 6.73,
            "gross_profit": 12263136,
            "gross_margin": 17.33,
            "gross_margin_4q_avg": 16.33,
            "net_income": 1096276,
            "revenue": 70757966,
            "common_shares": 7427603,
            "book_valuer_per_share": 226.01,
            "book_valuer_per_share_4q_avg": 226.52,
            "equity": 174147957,
            "current_ratio": 167.05,
            "debt_ratio": 45.18,
            "inventory_turnover_ratio": 0.74,
            "account_receivable_turnover_ratio": 1.17,
            "reinvestment_rate": -76.6,
            "research_to_sale_ratio": 4.72,
            "price_fair": 652.8,
            "eps_avg_yearly": 18.65,
            "eps_latest_yearly": 4.8,
            "eps_growth_yearly": 77.94
        },
        "20202": {
            "year_quarter": 20202,
            "year": 2020,
            "quarter": 2,
            "eps": 7.15,
            "eps_growth_year": 214.98,
            "eps_4q": 19.49,
            "eps_4q_growth_year": 229.68,
            "roe": 3.31,
            "roe_4q": 8.95,
            "gross_profit": 15904896,
            "gross_margin": 17.24,
            "gross_margin_4q_avg": 16.73,
            "net_income": 5909254,
            "revenue": 92271493,
            "common_shares": 7427603,
            "book_valuer_per_share": 231.11,
            "book_valuer_per_share_4q_avg": 230.19,
            "equity": 182693132,
            "current_ratio": 146.84,
            "debt_ratio": 50.13,
            "inventory_turnover_ratio": 0.9,
            "account_receivable_turnover_ratio": 1.43,
            "reinvestment_rate": -53.67,
            "research_to_sale_ratio": 4.36,
            "price_fair": 668.8,
            "eps_avg_yearly": 19.11,
            "eps_latest_yearly": 28.6,
            "eps_growth_yearly": 219.87
        },
        "20203": {
            "year_quarter": 20203,
            "year": 2020,
            "quarter": 3,
            "eps": 14.15,
            "eps_growth_year": 86.68,
            "eps_4q": 26.05,
            "eps_4q_growth_year": 189.62,
            "roe": 5.84,
            "roe_4q": 11.379999999999999,
            "gross_profit": 23101781,
            "gross_margin": 18.13,
            "gross_margin_4q_avg": 16.89,
            "net_income": 11046501,
            "revenue": 127425607,
            "common_shares": 7427603,
            "book_valuer_per_share": 247.4,
            "book_valuer_per_share_4q_avg": 235.66,
            "equity": 195401865,
            "current_ratio": 149.74,
            "debt_ratio": 49.75,
            "inventory_turnover_ratio": 1.16,
            "account_receivable_turnover_ratio": 1.56,
            "reinvestment_rate": -70.45,
            "research_to_sale_ratio": 3.75,
            "price_fair": 729.8,
            "eps_avg_yearly": 20.85,
            "eps_latest_yearly": 56.6,
            "eps_growth_yearly": 234.97
        },
        "20204": {
            "year_quarter": 20204,
            "year": 2020,
            "quarter": 4,
            "eps": 13.26,
            "eps_growth_year": 273.18,
            "eps_4q": 35.76,
            "eps_4q_growth_year": 118.79,
            "roe": 5.04,
            "roe_4q": 14.799999999999999,
            "gross_profit": 21955905,
            "gross_margin": 17.95,
            "gross_margin_4q_avg": 17.66,
            "net_income": 10334847,
            "revenue": 122325373,
            "common_shares": 7427603,
            "book_valuer_per_share": 271.64,
            "book_valuer_per_share_4q_avg": 244.04,
            "equity": 214641551,
            "current_ratio": 156.82,
            "debt_ratio": 45.87,
            "inventory_turnover_ratio": 1.06,
            "account_receivable_turnover_ratio": 1.52,
            "reinvestment_rate": -59.93,
            "research_to_sale_ratio": 3.87,
            "price_fair": 795.9,
            "eps_avg_yearly": 22.74,
            "eps_latest_yearly": 53.04,
            "eps_growth_yearly": 238.14
        },
        "20211": {
            "year_quarter": 20211,
            "year": 2021,
            "quarter": 1,
            "eps": 13.18,
            "eps_growth_year": 998.33,
            "eps_4q": 47.74,
            "eps_4q_growth_year": 227.16,
            "roe": 4.6,
            "roe_4q": 18.79,
            "gross_profit": 25766171,
            "gross_margin": 22.18,
            "gross_margin_4q_avg": 18.88,
            "net_income": 10218371,
            "revenue": 116161682,
            "common_shares": 7427603,
            "book_valuer_per_share": 291.87,
            "book_valuer_per_share_4q_avg": 260.51,
            "equity": 229250257,
            "current_ratio": 154.96,
            "debt_ratio": 47.15,
            "inventory_turnover_ratio": 0.86,
            "account_receivable_turnover_ratio": 1.54,
            "reinvestment_rate": -60.57,
            "research_to_sale_ratio": 4.38,
            "price_fair": 878.5,
            "eps_avg_yearly": 25.1,
            "eps_latest_yearly": 52.72,
            "eps_growth_yearly": 245.4
        },
        "20212": {
            "year_quarter": 20212,
            "year": 2021,
            "quarter": 2,
            "eps": 15.31,
            "eps_growth_year": 114.13,
            "eps_4q": 55.89,
            "eps_4q_growth_year": 186.82,
            "roe": 5.3,
            "roe_4q": 20.779999999999998,
            "gross_profit": 27717285,
            "gross_margin": 21.64,
            "gross_margin_4q_avg": 19.98,
            "net_income": 11803329,
            "revenue": 128079748,
            "common_shares": 7427603,
            "book_valuer_per_share": 273.97,
            "book_valuer_per_share_4q_avg": 271.22,
            "equity": 215747051,
            "current_ratio": 137.51,
            "debt_ratio": 53.18,
            "inventory_turnover_ratio": 0.8,
            "account_receivable_turnover_ratio": 1.59,
            "reinvestment_rate": -45.49,
            "research_to_sale_ratio": 3.84,
            "price_fair": 1004.6,
            "eps_avg_yearly": 28.7,
            "eps_latest_yearly": 61.24,
            "eps_growth_yearly": 262.91
        },
        "20213": {
            "year_quarter": 20213,
            "year": 2021,
            "quarter": 3,
            "eps": 15.25,
            "eps_growth_year": 7.77,
            "eps_4q": 57,
            "eps_4q_growth_year": 118.81,
            "roe": 5.35,
            "roe_4q": 20.29,
            "gross_profit": 26488505,
            "gross_margin": 19.04,
            "gross_margin_4q_avg": 20.2,
            "net_income": 11914047,
            "revenue": 139093120,
            "common_shares": 7427603,
            "book_valuer_per_share": 291.27,
            "book_valuer_per_share_4q_avg": 282.19,
            "equity": 229579731,
            "current_ratio": 146.2,
            "debt_ratio": 49.94,
            "inventory_turnover_ratio": 0.76,
            "account_receivable_turnover_ratio": 1.56,
            "reinvestment_rate": -39.6,
            "research_to_sale_ratio": 3.66,
            "price_fair": 1078.5,
            "eps_avg_yearly": 30.81,
            "eps_latest_yearly": 61,
            "eps_growth_yearly": 208.2
        },
        "20214": {
            "year_quarter": 20214,
            "year": 2021,
            "quarter": 4,
            "eps": 16.23,
            "eps_growth_year": 22.46,
            "eps_4q": 59.98,
            "eps_4q_growth_year": 67.75,
            "roe": 5.32,
            "roe_4q": 20.57,
            "gross_profit": 30343968,
            "gross_margin": 19.98,
            "gross_margin_4q_avg": 20.71,
            "net_income": 12669655,
            "revenue": 151904185,
            "common_shares": 7427603,
            "book_valuer_per_share": 312.79,
            "book_valuer_per_share_4q_avg": 292.48,
            "equity": 246436466,
            "current_ratio": 146.4,
            "debt_ratio": 51.12,
            "inventory_turnover_ratio": 0.74,
            "account_receivable_turnover_ratio": 1.64,
            "reinvestment_rate": -31.82,
            "research_to_sale_ratio": 3.29,
            "price_fair": 1186.3,
            "eps_avg_yearly": 33.89,
            "eps_latest_yearly": 64.92,
            "eps_growth_yearly": 218.79
        },
        "20221": {
            "year_quarter": 20221,
            "year": 2022,
            "quarter": 1,
            "eps": 14.04,
            "eps_growth_year": 6.52,
            "eps_4q": 60.84,
            "eps_4q_growth_year": 27.43,
            "roe": 4.33,
            "roe_4q": 20.3,
            "gross_profit": 25817076,
            "gross_margin": 18.65,
            "gross_margin_4q_avg": 19.83,
            "net_income": 10974912,
            "revenue": 138422740,
            "common_shares": 7427603,
            "book_valuer_per_share": 331.01,
            "book_valuer_per_share_4q_avg": 302.26,
            "equity": 259968770,
            "current_ratio": 151.81,
            "debt_ratio": 49.6,
            "inventory_turnover_ratio": 0.61,
            "account_receivable_turnover_ratio": 1.44,
            "reinvestment_rate": 30.01,
            "research_to_sale_ratio": 3.99,
            "price_fair": 1294.7,
            "eps_avg_yearly": 36.99,
            "eps_latest_yearly": 56.16,
            "eps_growth_yearly": 226.73
        },
        "20222": {
            "year_quarter": 20222,
            "year": 2022,
            "quarter": 2,
            "eps": 2.55,
            "eps_growth_year": -83.34,
            "eps_4q": 48.08,
            "eps_4q_growth_year": -13.97,
            "roe": 1.03,
            "roe_4q": 16.03,
            "gross_profit": 17784552,
            "gross_margin": 14.01,
            "gross_margin_4q_avg": 17.92,
            "net_income": 2487755,
            "revenue": 126922226,
            "common_shares": 7427603,
            "book_valuer_per_share": 281.84,
            "book_valuer_per_share_4q_avg": 304.23,
            "equity": 223006939,
            "current_ratio": 135.72,
            "debt_ratio": 57.02,
            "inventory_turnover_ratio": 0.52,
            "account_receivable_turnover_ratio": 1.27,
            "reinvestment_rate": 24.9,
            "research_to_sale_ratio": 3.67,
            "price_fair": 1302.2,
            "eps_avg_yearly": 37.21,
            "eps_latest_yearly": 10.2,
            "eps_growth_yearly": 215.85
        },
        "20223": {
            "year_quarter": 20223,
            "year": 2022,
            "quarter": 3,
            "eps": 8.34,
            "eps_growth_year": -45.31,
            "eps_4q": 41.16,
            "eps_4q_growth_year": -27.79,
            "roe": 3,
            "roe_4q": 13.68,
            "gross_profit": 18324385,
            "gross_margin": 12.66,
            "gross_margin_4q_avg": 16.33,
            "net_income": 6810068,
            "revenue": 144770581,
            "common_shares": 7427603,
            "book_valuer_per_share": 291.39,
            "book_valuer_per_share_4q_avg": 304.26,
            "equity": 230706264,
            "current_ratio": 144.23,
            "debt_ratio": 53.85,
            "inventory_turnover_ratio": 0.63,
            "account_receivable_turnover_ratio": 1.38,
            "reinvestment_rate": 21.76,
            "research_to_sale_ratio": 3.18,
            "price_fair": 1340.6,
            "eps_avg_yearly": 38.3,
            "eps_latest_yearly": 33.36,
            "eps_growth_yearly": 237.87
        },
        "20224": {
            "year_quarter": 20224,
            "year": 2022,
            "quarter": 4,
            "eps": -5.15,
            "eps_growth_year": -131.71,
            "eps_4q": 19.78,
            "eps_4q_growth_year": -67.02,
            "roe": -1.5,
            "roe_4q": 6.86,
            "gross_profit": 12214838,
            "gross_margin": 9.61,
            "gross_margin_4q_avg": 13.73,
            "net_income": -3441267,
            "revenue": 127076385,
            "common_shares": 7427603,
            "book_valuer_per_share": 285.93,
            "book_valuer_per_share_4q_avg": 297.54,
            "equity": 226888831,
            "current_ratio": 144.69,
            "debt_ratio": 51.85,
            "inventory_turnover_ratio": 0.7,
            "account_receivable_turnover_ratio": 1.27,
            "reinvestment_rate": 19.61,
            "research_to_sale_ratio": 4.59,
            "price_fair": 1340.6,
            "eps_avg_yearly": 38.3,
            "eps_latest_yearly": 33.36,
            "eps_growth_yearly": 237.87
        },
        "20231": {
            "year_quarter": 20231,
            "year": 2023,
            "quarter": 1,
            "eps": -2.26,
            "eps_growth_year": -116.1,
            "eps_4q": 3.47,
            "eps_4q_growth_year": -94.29,
            "roe": -0.56,
            "roe_4q": 1.97,
            "gross_profit": 10715581,
            "gross_margin": 9.62,
            "gross_margin_4q_avg": 11.48,
            "net_income": -1280370,
            "revenue": 111397781,
            "common_shares": 7427603,
            "book_valuer_per_share": 295.02,
            "book_valuer_per_share_4q_avg": 288.55,
            "equity": 233653612,
            "current_ratio": 146.67,
            "debt_ratio": 49.64,
            "inventory_turnover_ratio": 0.75,
            "account_receivable_turnover_ratio": 1.21,
            "reinvestment_rate": 20.17,
            "research_to_sale_ratio": 4.68,
            "price_fair": 1340.6,
            "eps_avg_yearly": 38.3,
            "eps_latest_yearly": 33.36,
            "eps_growth_yearly": 237.87
        }
    },
    "months": {
        "2001-06": {
            "month": "2001-06",
            "price": "171.48",
            "revenue": 5392926
        },
        "2001-07": {
            "month": "2001-07",
            "price": "147.33",
            "revenue": 5023620
        },
        "2001-08": {
            "month": "2001-08",
            "price": "143.52",
            "revenue": 5755774
        },
        "2001-09": {
            "month": "2001-09",
            "price": "115.65",
            "revenue": 6574112
        },
        "2001-10": {
            "month": "2001-10",
            "price": "114.95",
            "revenue": 9071720
        },
        "2001-11": {
            "month": "2001-11",
            "price": "126.27",
            "revenue": 7891090
        },
        "2001-12": {
            "month": "2001-12",
            "price": "151.55",
            "revenue": 6661831
        },
        "2002-01": {
            "month": "2002-01",
            "price": "167.18",
            "revenue": 7117968
        },
        "2002-02": {
            "month": "2002-02",
            "price": "172.00",
            "revenue": 6119097
        },
        "2002-03": {
            "month": "2002-03",
            "price": "161.52",
            "revenue": 7111108
        },
        "2002-04": {
            "month": "2002-04",
            "price": "144.00",
            "revenue": 6444888
        },
        "2002-05": {
            "month": "2002-05",
            "price": "120.98",
            "revenue": 5970912
        },
        "2002-06": {
            "month": "2002-06",
            "price": "108.55",
            "revenue": 5997959
        },
        "2002-07": {
            "month": "2002-07",
            "price": "103.43",
            "revenue": 7385257
        },
        "2002-08": {
            "month": "2002-08",
            "price": "87.00",
            "revenue": 6806584
        },
        "2002-09": {
            "month": "2002-09",
            "price": "78.32",
            "revenue": 7571100
        },
        "2002-10": {
            "month": "2002-10",
            "price": "73.20",
            "revenue": 8969917
        },
        "2002-11": {
            "month": "2002-11",
            "price": "72.12",
            "revenue": 7664828
        },
        "2002-12": {
            "month": "2002-12",
            "price": "67.55",
            "revenue": 5402896
        },
        "2003-01": {
            "month": "2003-01",
            "price": "64.61",
            "revenue": 6390213
        },
        "2003-02": {
            "month": "2003-02",
            "price": "60.78",
            "revenue": 4388257
        },
        "2003-03": {
            "month": "2003-03",
            "price": "64.79",
            "revenue": 5951214
        },
        "2003-04": {
            "month": "2003-04",
            "price": "71.57",
            "revenue": 4895969
        },
        "2003-05": {
            "month": "2003-05",
            "price": "74.90",
            "revenue": 5167065
        },
        "2003-06": {
            "month": "2003-06",
            "price": "88.68",
            "revenue": 5040083
        },
        "2003-07": {
            "month": "2003-07",
            "price": "100.65",
            "revenue": 6463144
        },
        "2003-08": {
            "month": "2003-08",
            "price": "92.86",
            "revenue": 6016255
        },
        "2003-09": {
            "month": "2003-09",
            "price": "88.14",
            "revenue": 6874360
        },
        "2003-10": {
            "month": "2003-10",
            "price": "83.52",
            "revenue": 8895400
        },
        "2003-11": {
            "month": "2003-11",
            "price": "78.20",
            "revenue": 8301815
        },
        "2003-12": {
            "month": "2003-12",
            "price": "77.35",
            "revenue": 6046704
        },
        "2004-01": {
            "month": "2004-01",
            "price": "79.87",
            "revenue": 6375634
        },
        "2004-02": {
            "month": "2004-02",
            "price": "82.00",
            "revenue": 6483039
        },
        "2004-03": {
            "month": "2004-03",
            "price": "82.76",
            "revenue": 5584524
        },
        "2004-04": {
            "month": "2004-04",
            "price": "78.45",
            "revenue": 6043751
        },
        "2004-05": {
            "month": "2004-05",
            "price": "77.38",
            "revenue": 5671786
        },
        "2004-06": {
            "month": "2004-06",
            "price": "78.98",
            "revenue": 4705156
        },
        "2004-07": {
            "month": "2004-07",
            "price": "73.82",
            "revenue": 5458613
        },
        "2004-08": {
            "month": "2004-08",
            "price": "72.55",
            "revenue": 5889776
        },
        "2004-09": {
            "month": "2004-09",
            "price": "74.57",
            "revenue": 6847464
        },
        "2004-10": {
            "month": "2004-10",
            "price": "74.28",
            "revenue": 8898992
        },
        "2004-11": {
            "month": "2004-11",
            "price": "76.68",
            "revenue": 8934864
        },
        "2004-12": {
            "month": "2004-12",
            "price": "79.65",
            "revenue": 7159707
        },
        "2005-01": {
            "month": "2005-01",
            "price": "85.31",
            "revenue": 6435890
        },
        "2005-02": {
            "month": "2005-02",
            "price": "88.08",
            "revenue": 5554154
        },
        "2005-03": {
            "month": "2005-03",
            "price": "89.56",
            "revenue": 8495592
        },
        "2005-04": {
            "month": "2005-04",
            "price": "84.18",
            "revenue": 6693156
        },
        "2005-05": {
            "month": "2005-05",
            "price": "86.22",
            "revenue": 5536703
        },
        "2005-06": {
            "month": "2005-06",
            "price": "89.05",
            "revenue": 5163297
        },
        "2005-07": {
            "month": "2005-07",
            "price": "91.26",
            "revenue": 13315877
        },
        "2005-08": {
            "month": "2005-08",
            "price": "85.09",
            "revenue": 19619507
        },
        "2005-09": {
            "month": "2005-09",
            "price": "84.49",
            "revenue": 23399192
        },
        "2005-10": {
            "month": "2005-10",
            "price": "89.41",
            "revenue": 28370227
        },
        "2005-11": {
            "month": "2005-11",
            "price": "92.83",
            "revenue": 30278709
        },
        "2005-12": {
            "month": "2005-12",
            "price": "98.57",
            "revenue": 26923177
        },
        "2006-01": {
            "month": "2006-01",
            "price": "103.98",
            "revenue": 24422297
        },
        "2006-02": {
            "month": "2006-02",
            "price": "97.14",
            "revenue": 21270435
        },
        "2006-03": {
            "month": "2006-03",
            "price": "91.64",
            "revenue": 26294854
        },
        "2006-04": {
            "month": "2006-04",
            "price": "89.74",
            "revenue": 23465951
        },
        "2006-05": {
            "month": "2006-05",
            "price": "81.11",
            "revenue": 20898221
        },
        "2006-06": {
            "month": "2006-06",
            "price": "74.20",
            "revenue": 26402262
        },
        "2006-07": {
            "month": "2006-07",
            "price": "76.56",
            "revenue": 28345478
        },
        "2006-08": {
            "month": "2006-08",
            "price": "73.84",
            "revenue": 29278779
        },
        "2006-09": {
            "month": "2006-09",
            "price": "77.04",
            "revenue": 33504198
        },
        "2006-10": {
            "month": "2006-10",
            "price": "76.60",
            "revenue": 34168175
        },
        "2006-11": {
            "month": "2006-11",
            "price": "83.64",
            "revenue": 56571168
        },
        "2006-12": {
            "month": "2006-12",
            "price": "88.70",
            "revenue": 61417365
        },
        "2007-01": {
            "month": "2007-01",
            "price": "89.10",
            "revenue": 48653843
        },
        "2007-02": {
            "month": "2007-02",
            "price": "88.60",
            "revenue": 55947827
        },
        "2007-03": {
            "month": "2007-03",
            "price": "82.08",
            "revenue": 78338246
        },
        "2007-04": {
            "month": "2007-04",
            "price": "77.96",
            "revenue": 41051777
        },
        "2007-05": {
            "month": "2007-05",
            "price": "80.48",
            "revenue": 33698201
        },
        "2007-06": {
            "month": "2007-06",
            "price": "87.60",
            "revenue": 35643271
        },
        "2007-07": {
            "month": "2007-07",
            "price": "94.13",
            "revenue": 37210345
        },
        "2007-08": {
            "month": "2007-08",
            "price": "91.14",
            "revenue": 41890540
        },
        "2007-09": {
            "month": "2007-09",
            "price": "98.62",
            "revenue": 54421615
        },
        "2007-10": {
            "month": "2007-10",
            "price": "99.45",
            "revenue": 54756969
        },
        "2007-11": {
            "month": "2007-11",
            "price": "103.08",
            "revenue": 60809760
        },
        "2007-12": {
            "month": "2007-12",
            "price": "98.40",
            "revenue": 47469132
        },
        "2008-01": {
            "month": "2008-01",
            "price": "84.12",
            "revenue": 30190495
        },
        "2008-02": {
            "month": "2008-02",
            "price": "84.48",
            "revenue": 24251488
        },
        "2008-03": {
            "month": "2008-03",
            "price": "87.71",
            "revenue": 22757871
        },
        "2008-04": {
            "month": "2008-04",
            "price": "95.21",
            "revenue": 21294358
        },
        "2008-05": {
            "month": "2008-05",
            "price": "95.82",
            "revenue": 14342452
        },
        "2008-06": {
            "month": "2008-06",
            "price": "84.87",
            "revenue": 13975571
        },
        "2008-07": {
            "month": "2008-07",
            "price": "80.06",
            "revenue": 20592296
        },
        "2008-08": {
            "month": "2008-08",
            "price": "83.81",
            "revenue": 25462634
        },
        "2008-09": {
            "month": "2008-09",
            "price": "64.32",
            "revenue": 23701489
        },
        "2008-10": {
            "month": "2008-10",
            "price": "52.08",
            "revenue": 24256925
        },
        "2008-11": {
            "month": "2008-11",
            "price": "39.93",
            "revenue": 17009108
        },
        "2008-12": {
            "month": "2008-12",
            "price": "36.54",
            "revenue": 11516078
        },
        "2009-01": {
            "month": "2009-01",
            "price": "32.82",
            "revenue": 8503366
        },
        "2009-02": {
            "month": "2009-02",
            "price": "32.04",
            "revenue": 13317996
        },
        "2009-03": {
            "month": "2009-03",
            "price": "35.20",
            "revenue": 18606725
        },
        "2009-04": {
            "month": "2009-04",
            "price": "40.69",
            "revenue": 15409354
        },
        "2009-05": {
            "month": "2009-05",
            "price": "46.41",
            "revenue": 12151387
        },
        "2009-06": {
            "month": "2009-06",
            "price": "42.43",
            "revenue": 18115039
        },
        "2009-07": {
            "month": "2009-07",
            "price": "47.69",
            "revenue": 20130001
        },
        "2009-08": {
            "month": "2009-08",
            "price": "51.76",
            "revenue": 22991057
        },
        "2009-09": {
            "month": "2009-09",
            "price": "55.94",
            "revenue": 23571901
        },
        "2009-10": {
            "month": "2009-10",
            "price": "57.03",
            "revenue": 28660785
        },
        "2009-11": {
            "month": "2009-11",
            "price": "63.45",
            "revenue": 26928993
        },
        "2009-12": {
            "month": "2009-12",
            "price": "60.84",
            "revenue": 24190299
        },
        "2010-01": {
            "month": "2010-01",
            "price": "64.86",
            "revenue": 22692501
        },
        "2010-02": {
            "month": "2010-02",
            "price": "58.49",
            "revenue": 20398963
        },
        "2010-03": {
            "month": "2010-03",
            "price": "56.78",
            "revenue": 31714901
        },
        "2010-04": {
            "month": "2010-04",
            "price": "58.54",
            "revenue": 27925470
        },
        "2010-05": {
            "month": "2010-05",
            "price": "54.06",
            "revenue": 21836777
        },
        "2010-06": {
            "month": "2010-06",
            "price": "243.30",
            "revenue": 20628072
        },
        "2010-07": {
            "month": "2010-07",
            "price": "232.86",
            "revenue": 23067481
        },
        "2010-08": {
            "month": "2010-08",
            "price": "231.00",
            "revenue": 26204728
        },
        "2010-09": {
            "month": "2010-09",
            "price": "223.71",
            "revenue": 27722318
        },
        "2010-10": {
            "month": "2010-10",
            "price": "224.79",
            "revenue": 26903263
        },
        "2010-11": {
            "month": "2010-11",
            "price": "252.39",
            "revenue": 25326926
        },
        "2010-12": {
            "month": "2010-12",
            "price": "277.35",
            "revenue": 22002631
        },
        "2011-01": {
            "month": "2011-01",
            "price": "263.28",
            "revenue": 19858286
        },
        "2011-02": {
            "month": "2011-02",
            "price": "251.61",
            "revenue": 14223172
        },
        "2011-03": {
            "month": "2011-03",
            "price": "254.72",
            "revenue": 24248845
        },
        "2011-04": {
            "month": "2011-04",
            "price": "249.18",
            "revenue": 24927802
        },
        "2011-05": {
            "month": "2011-05",
            "price": "267.24",
            "revenue": 24075267
        },
        "2011-06": {
            "month": "2011-06",
            "price": "285.52",
            "revenue": 28259993
        },
        "2011-07": {
            "month": "2011-07",
            "price": "285.14",
            "revenue": 31855952
        },
        "2011-08": {
            "month": "2011-08",
            "price": "241.00",
            "revenue": 33267044
        },
        "2011-09": {
            "month": "2011-09",
            "price": "242.10",
            "revenue": 31227682
        },
        "2011-10": {
            "month": "2011-10",
            "price": "216.28",
            "revenue": 31298626
        },
        "2011-11": {
            "month": "2011-11",
            "price": "202.18",
            "revenue": 29881705
        },
        "2011-12": {
            "month": "2011-12",
            "price": "209.02",
            "revenue": 24545401
        },
        "2012-01": {
            "month": "2012-01",
            "price": "226.77",
            "revenue": 21818720
        },
        "2012-02": {
            "month": "2012-02",
            "price": "248.70",
            "revenue": 27597827
        },
        "2012-03": {
            "month": "2012-03",
            "price": "280.11",
            "revenue": 29793812
        },
        "2012-04": {
            "month": "2012-04",
            "price": "277.85",
            "revenue": 29839166
        },
        "2012-05": {
            "month": "2012-05",
            "price": "302.80",
            "revenue": 28401415
        },
        "2012-06": {
            "month": "2012-06",
            "price": "287.29",
            "revenue": 36020544
        },
        "2012-07": {
            "month": "2012-07",
            "price": "269.80",
            "revenue": 30207294
        },
        "2012-08": {
            "month": "2012-08",
            "price": "283.25",
            "revenue": 32005867
        },
        "2012-09": {
            "month": "2012-09",
            "price": "309.48",
            "revenue": 33762503
        },
        "2012-10": {
            "month": "2012-10",
            "price": "305.50",
            "revenue": 35554770
        },
        "2012-11": {
            "month": "2012-11",
            "price": "313.27",
            "revenue": 39643649
        },
        "2012-12": {
            "month": "2012-12",
            "price": "322.88",
            "revenue": 30473306
        },
        "2013-01": {
            "month": "2013-01",
            "price": "330.66",
            "revenue": 40111852
        },
        "2013-02": {
            "month": "2013-02",
            "price": "351.69",
            "revenue": 32315539
        },
        "2013-03": {
            "month": "2013-03",
            "price": "354.79",
            "revenue": 41847432
        },
        "2013-04": {
            "month": "2013-04",
            "price": "334.38",
            "revenue": 32593796
        },
        "2013-05": {
            "month": "2013-05",
            "price": "345.11",
            "revenue": 33354843
        },
        "2013-06": {
            "month": "2013-06",
            "price": "301.55",
            "revenue": 33684489
        },
        "2013-07": {
            "month": "2013-07",
            "price": "266.78",
            "revenue": 35790334
        },
        "2013-08": {
            "month": "2013-08",
            "price": "238.31",
            "revenue": 40897595
        },
        "2013-09": {
            "month": "2013-09",
            "price": "238.72",
            "revenue": 42110798
        },
        "2013-10": {
            "month": "2013-10",
            "price": "224.68",
            "revenue": 41521835
        },
        "2013-11": {
            "month": "2013-11",
            "price": "236.50",
            "revenue": 49298055
        },
        "2013-12": {
            "month": "2013-12",
            "price": "266.98",
            "revenue": 39900466
        },
        "2014-01": {
            "month": "2014-01",
            "price": "282.42",
            "revenue": 35094270
        },
        "2014-02": {
            "month": "2014-02",
            "price": "289.03",
            "revenue": 36612664
        },
        "2014-03": {
            "month": "2014-03",
            "price": "290.07",
            "revenue": 38628666
        },
        "2014-04": {
            "month": "2014-04",
            "price": "313.83",
            "revenue": 34439850
        },
        "2014-05": {
            "month": "2014-05",
            "price": "313.40",
            "revenue": 36845130
        },
        "2014-06": {
            "month": "2014-06",
            "price": "325.92",
            "revenue": 33908975
        },
        "2014-07": {
            "month": "2014-07",
            "price": "330.68",
            "revenue": 40189968
        },
        "2014-08": {
            "month": "2014-08",
            "price": "303.17",
            "revenue": 42163830
        },
        "2014-09": {
            "month": "2014-09",
            "price": "303.17",
            "revenue": 41573592
        },
        "2014-10": {
            "month": "2014-10",
            "price": "297.61",
            "revenue": 46568854
        },
        "2014-11": {
            "month": "2014-11",
            "price": "322.70",
            "revenue": 48945227
        },
        "2014-12": {
            "month": "2014-12",
            "price": "340.85",
            "revenue": 42256888
        },
        "2015-01": {
            "month": "2015-01",
            "price": "331.05",
            "revenue": 34973725
        },
        "2015-02": {
            "month": "2015-02",
            "price": "328.31",
            "revenue": 34789627
        },
        "2015-03": {
            "month": "2015-03",
            "price": "320.39",
            "revenue": 42128067
        },
        "2015-04": {
            "month": "2015-04",
            "price": "323.25",
            "revenue": 33040317
        },
        "2015-05": {
            "month": "2015-05",
            "price": "308.92",
            "revenue": 33682264
        },
        "2015-06": {
            "month": "2015-06",
            "price": "296.62",
            "revenue": 41680194
        },
        "2015-07": {
            "month": "2015-07",
            "price": "289.84",
            "revenue": 34546785
        },
        "2015-08": {
            "month": "2015-08",
            "price": "273.98",
            "revenue": 40828450
        },
        "2015-09": {
            "month": "2015-09",
            "price": "288.00",
            "revenue": 43930567
        },
        "2015-10": {
            "month": "2015-10",
            "price": "296.31",
            "revenue": 41417710
        },
        "2015-11": {
            "month": "2015-11",
            "price": "282.07",
            "revenue": 50140369
        },
        "2015-12": {
            "month": "2015-12",
            "price": "272.02",
            "revenue": 41110503
        },
        "2016-01": {
            "month": "2016-01",
            "price": "269.14",
            "revenue": 35290053
        },
        "2016-02": {
            "month": "2016-02",
            "price": "272.15",
            "revenue": 35393554
        },
        "2016-03": {
            "month": "2016-03",
            "price": "284.04",
            "revenue": 48570077
        },
        "2016-04": {
            "month": "2016-04",
            "price": "285.00",
            "revenue": 29105348
        },
        "2016-05": {
            "month": "2016-05",
            "price": "266.10",
            "revenue": 31854680
        },
        "2016-06": {
            "month": "2016-06",
            "price": "278.57",
            "revenue": 42386388
        },
        "2016-07": {
            "month": "2016-07",
            "price": "277.12",
            "revenue": 33341003
        },
        "2016-08": {
            "month": "2016-08",
            "price": "271.50",
            "revenue": 39857570
        },
        "2016-09": {
            "month": "2016-09",
            "price": "275.08",
            "revenue": 44614050
        },
        "2016-10": {
            "month": "2016-10",
            "price": "280.82",
            "revenue": 38303108
        },
        "2016-11": {
            "month": "2016-11",
            "price": "267.36",
            "revenue": 48727129
        },
        "2016-12": {
            "month": "2016-12",
            "price": "264.32",
            "revenue": 39558093
        },
        "2017-01": {
            "month": "2017-01",
            "price": "272.16",
            "revenue": 31349355
        },
        "2017-02": {
            "month": "2017-02",
            "price": "271.67",
            "revenue": 31818440
        },
        "2017-03": {
            "month": "2017-03",
            "price": "286.24",
            "revenue": 45060017
        },
        "2017-04": {
            "month": "2017-04",
            "price": "293.94",
            "revenue": 27112850
        },
        "2017-05": {
            "month": "2017-05",
            "price": "289.35",
            "revenue": 31344110
        },
        "2017-06": {
            "month": "2017-06",
            "price": "285.98",
            "revenue": 38870216
        },
        "2017-07": {
            "month": "2017-07",
            "price": "286.55",
            "revenue": 31561534
        },
        "2017-08": {
            "month": "2017-08",
            "price": "255.98",
            "revenue": 37809726
        },
        "2017-09": {
            "month": "2017-09",
            "price": "251.55",
            "revenue": 45108953
        },
        "2017-10": {
            "month": "2017-10",
            "price": "253.58",
            "revenue": 34659511
        },
        "2017-11": {
            "month": "2017-11",
            "price": "269.36",
            "revenue": 42127724
        },
        "2017-12": {
            "month": "2017-12",
            "price": "271.14",
            "revenue": 36639377
        },
        "2018-01": {
            "month": "2018-01",
            "price": "275.32",
            "revenue": 31287306
        },
        "2018-02": {
            "month": "2018-02",
            "price": "273.96",
            "revenue": 26954715
        },
        "2018-03": {
            "month": "2018-03",
            "price": "273.59",
            "revenue": 40751499
        },
        "2018-04": {
            "month": "2018-04",
            "price": "277.78",
            "revenue": 22897213
        },
        "2018-05": {
            "month": "2018-05",
            "price": "276.80",
            "revenue": 29004546
        },
        "2018-06": {
            "month": "2018-06",
            "price": "278.55",
            "revenue": 38535063
        },
        "2018-07": {
            "month": "2018-07",
            "price": "260.80",
            "revenue": 28789526
        },
        "2018-08": {
            "month": "2018-08",
            "price": "257.96",
            "revenue": 33688131
        },
        "2018-09": {
            "month": "2018-09",
            "price": "256.34",
            "revenue": 40205040
        },
        "2018-10": {
            "month": "2018-10",
            "price": "239.70",
            "revenue": 31094507
        },
        "2018-11": {
            "month": "2018-11",
            "price": "223.27",
            "revenue": 34716766
        },
        "2018-12": {
            "month": "2018-12",
            "price": "209.62",
            "revenue": 33634864
        },
        "2019-01": {
            "month": "2019-01",
            "price": "223.12",
            "revenue": 26162960
        },
        "2019-02": {
            "month": "2019-02",
            "price": "227.50",
            "revenue": 21533981
        },
        "2019-03": {
            "month": "2019-03",
            "price": "222.48",
            "revenue": 38172856
        },
        "2019-04": {
            "month": "2019-04",
            "price": "233.22",
            "revenue": 19995426
        },
        "2019-05": {
            "month": "2019-05",
            "price": "221.11",
            "revenue": 23382991
        },
        "2019-06": {
            "month": "2019-06",
            "price": "220.74",
            "revenue": 30795457
        },
        "2019-07": {
            "month": "2019-07",
            "price": "220.85",
            "revenue": 25528608
        },
        "2019-08": {
            "month": "2019-08",
            "price": "202.43",
            "revenue": 30642655
        },
        "2019-09": {
            "month": "2019-09",
            "price": "208.61",
            "revenue": 37778235
        },
        "2019-10": {
            "month": "2019-10",
            "price": "205.24",
            "revenue": 29928417
        },
        "2019-11": {
            "month": "2019-11",
            "price": "224.88",
            "revenue": 34605083
        },
        "2019-12": {
            "month": "2019-12",
            "price": "233.09",
            "revenue": 32741563
        },
        "2020-01": {
            "month": "2020-01",
            "price": "232.90",
            "revenue": 23201678
        },
        "2020-02": {
            "month": "2020-02",
            "price": "216.97",
            "revenue": 21284856
        },
        "2020-03": {
            "month": "2020-03",
            "price": "191.18",
            "revenue": 26361024
        },
        "2020-04": {
            "month": "2020-04",
            "price": "196.92",
            "revenue": 22735388
        },
        "2020-05": {
            "month": "2020-05",
            "price": "203.98",
            "revenue": 30170871
        },
        "2020-06": {
            "month": "2020-06",
            "price": "225.08",
            "revenue": 39367941
        },
        "2020-07": {
            "month": "2020-07",
            "price": "219.17",
            "revenue": 37141186
        },
        "2020-08": {
            "month": "2020-08",
            "price": "239.31",
            "revenue": 43239629
        },
        "2020-09": {
            "month": "2020-09",
            "price": "252.59",
            "revenue": 47041752
        },
        "2020-10": {
            "month": "2020-10",
            "price": "245.53",
            "revenue": 39603348
        },
        "2020-11": {
            "month": "2020-11",
            "price": "247.60",
            "revenue": 39748738
        },
        "2020-12": {
            "month": "2020-12",
            "price": "252.35",
            "revenue": 42970648
        },
        "2021-01": {
            "month": "2021-01",
            "price": "278.98",
            "revenue": 36724581
        },
        "2021-02": {
            "month": "2021-02",
            "price": "291.69",
            "revenue": 33535728
        },
        "2021-03": {
            "month": "2021-03",
            "price": "341.00",
            "revenue": 45901778
        },
        "2021-04": {
            "month": "2021-04",
            "price": "375.47",
            "revenue": 39139014
        },
        "2021-05": {
            "month": "2021-05",
            "price": "385.02",
            "revenue": 40995436
        },
        "2021-06": {
            "month": "2021-06",
            "price": "382.95",
            "revenue": 47945921
        },
        "2021-07": {
            "month": "2021-07",
            "price": "369.00",
            "revenue": 37573755
        },
        "2021-08": {
            "month": "2021-08",
            "price": "318.93",
            "revenue": 45468278
        },
        "2021-09": {
            "month": "2021-09",
            "price": "324.72",
            "revenue": 56051076
        },
        "2021-10": {
            "month": "2021-10",
            "price": "340.68",
            "revenue": 44987950
        },
        "2021-11": {
            "month": "2021-11",
            "price": "359.98",
            "revenue": 55173366
        },
        "2021-12": {
            "month": "2021-12",
            "price": "367.75",
            "revenue": 51475119
        },
        "2022-01": {
            "month": "2022-01",
            "price": "375.22",
            "revenue": 43155373
        },
        "2022-02": {
            "month": "2022-02",
            "price": "369.67",
            "revenue": 40233908
        },
        "2022-03": {
            "month": "2022-03",
            "price": "372.09",
            "revenue": 55033532
        },
        "2022-04": {
            "month": "2022-04",
            "price": "358.68",
            "revenue": 33389173
        },
        "2022-05": {
            "month": "2022-05",
            "price": "339.26",
            "revenue": 38083971
        },
        "2022-06": {
            "month": "2022-06",
            "price": "328.71",
            "revenue": 55449083
        },
        "2022-07": {
            "month": "2022-07",
            "price": "310.90",
            "revenue": 36753188
        },
        "2022-08": {
            "month": "2022-08",
            "price": "267.07",
            "revenue": 48226687
        },
        "2022-09": {
            "month": "2022-09",
            "price": "248.69",
            "revenue": 59790709
        },
        "2022-10": {
            "month": "2022-10",
            "price": "234.05",
            "revenue": 40318126
        },
        "2022-11": {
            "month": "2022-11",
            "price": "251.57",
            "revenue": 45744255
        },
        "2022-12": {
            "month": "2022-12",
            "price": "270.80",
            "revenue": 41013055
        },
        "2023-01": {
            "month": "2023-01",
            "price": "270.50",
            "revenue": 27294484
        },
        "2023-02": {
            "month": "2023-02",
            "price": "277.17",
            "revenue": 34853830
        },
        "2023-03": {
            "month": "2023-03",
            "price": "274.04",
            "revenue": 49249522
        },
        "2023-04": {
            "month": "2023-04",
            "price": "276.56",
            "revenue": 31304341
        }
    }
}
