{
    "summary": {
        "stock_name": "廷鑫",
        "stock_id": "2358",
        "category": "其他",
        "main_business": "鋁合金產品",
        "website_url": "http://www.tingsin.com.tw",
        "ceo": "顏兆鑫",
        "pe_ratio": -7,
        "report_year_from": 2001,
        "report_year_to": 2023,
        "age": 22,
        "eps_negative_percentage": 39,
        "eps_growth_avg": {
            "last_all": -3.88,
            "last_2y": 34.15,
            "last_4y": 5.15,
            "last_8y": 5.15,
            "last_12y": -20.32,
            "last_16y": 0.25,
            "last_20y": -3.88,
            "at_2006_last_3y": -26.81,
            "at_2007_last_3y": -6.05,
            "at_2008_last_3y": -0.34,
            "at_2009_last_3y": 36.24,
            "at_2010_last_3y": 26.08,
            "at_2011_last_3y": -12.98,
            "at_2012_last_3y": -22.65,
            "at_2013_last_3y": -83.97,
            "at_2014_last_3y": -100,
            "at_2015_last_3y": null,
            "at_2016_last_3y": null,
            "at_2017_last_3y": null,
            "at_2018_last_3y": 20.63,
            "at_2019_last_3y": -38.37,
            "at_2020_last_3y": 7.76,
            "at_2021_last_3y": 30.82,
            "at_2022_last_3y": 1.27,
            "at_2023_last_3y": 1.27,
            "at_2006_last_all": -26.81,
            "at_2007_last_all": -6.05,
            "at_2008_last_all": -1.64,
            "at_2009_last_all": 15.3,
            "at_2010_last_all": 3.41,
            "at_2011_last_all": -9.52,
            "at_2012_last_all": -9.52,
            "at_2013_last_all": -9.52,
            "at_2014_last_all": -9.52,
            "at_2015_last_all": -9.52,
            "at_2016_last_all": -9.52,
            "at_2017_last_all": -9.52,
            "at_2018_last_all": -6.17,
            "at_2019_last_all": -15.29,
            "at_2020_last_all": -4.8,
            "at_2021_last_all": 3.93,
            "at_2022_last_all": -3.88,
            "at_2023_last_all": -3.88
        },
        "latest_eps": -1.9,
        "latest_price": 13,
        "latest_roe": -14.83,
        "latest_gross_margin": -5.33,
        "latest_equity": 1791840,
        "latest_revenue": 361698,
        "latest_gross_profit": -19282,
        "latest_net_income": -105315,
        "latest_debt_ratio": 53.1,
        "latest_current_ratio": 312.27,
        "latest_account_receivable_turnover_ratio": 0.67,
        "latest_inventory_turnover_ratio": 0.22,
        "latest_reinvestment_rate": null,
        "latest_research_to_sale_ratio": 0.17
    },
    "eps_dividends": {
        "1995": {
            "cash": 0,
            "stock": 3.2,
            "eps": 0
        },
        "1996": {
            "cash": 0,
            "stock": 3,
            "eps": 0
        },
        "1997": {
            "cash": 0,
            "stock": 1.5,
            "eps": 0
        },
        "2001": {
            "cash": 0,
            "stock": 0,
            "eps": -4.11
        },
        "2002": {
            "cash": 0,
            "stock": 0,
            "eps": -2.32
        },
        "2003": {
            "cash": 0,
            "stock": 0,
            "eps": 0.44
        },
        "2004": {
            "cash": 0,
            "stock": 0,
            "eps": 0.41
        },
        "2005": {
            "cash": 0,
            "stock": 0,
            "eps": 0.22
        },
        "2006": {
            "cash": 0,
            "stock": 0,
            "eps": 0.16
        },
        "2007": {
            "cash": 0,
            "stock": 0,
            "eps": 0.25
        },
        "2008": {
            "cash": 0,
            "stock": 0,
            "eps": 0.29
        },
        "2009": {
            "cash": 0,
            "stock": 0,
            "eps": 1.31
        },
        "2010": {
            "cash": 0,
            "stock": 0,
            "eps": 0.42
        },
        "2011": {
            "cash": 0,
            "stock": 0,
            "eps": -0.35
        },
        "2012": {
            "cash": 0,
            "stock": 0,
            "eps": -0.34
        },
        "2013": {
            "cash": 0,
            "stock": 0,
            "eps": -1.53
        },
        "2014": {
            "cash": 0,
            "stock": 0,
            "eps": -0.43
        },
        "2015": {
            "cash": 0,
            "stock": 0,
            "eps": -2.24
        },
        "2016": {
            "cash": 0,
            "stock": 0,
            "eps": -2.53
        },
        "2017": {
            "cash": 0,
            "stock": 0,
            "eps": 0.63
        },
        "2018": {
            "cash": 0,
            "stock": 0,
            "eps": 0.76
        },
        "2019": {
            "cash": 0,
            "stock": 0,
            "eps": 0.02
        },
        "2020": {
            "cash": 0.2,
            "stock": 0,
            "eps": 0.12
        },
        "2021": {
            "cash": 0.1,
            "stock": 0,
            "eps": 1.22
        },
        "2022": {
            "cash": 0.3,
            "stock": 0,
            "eps": 0.03
        },
        "2023": {
            "cash": 0,
            "stock": 0,
            "eps": -1.51
        }
    },
    "dividends": {
        "1995-06-07": {
            "cash": 0,
            "stock": 3.2
        },
        "1996-05-31": {
            "cash": 0,
            "stock": 3
        },
        "1997-06-12": {
            "cash": 0,
            "stock": 1.5
        },
        "2020-11-10": {
            "cash": 0.2,
            "stock": 0
        },
        "2021-10-29": {
            "cash": 0.1,
            "stock": 0
        },
        "2022-12-19": {
            "cash": 0.3,
            "stock": 0
        }
    },
    "prices": {
        "200101": "2.53",
        "200102": "無",
        "200103": "6.97",
        "200104": "7.22",
        "200105": "4.10",
        "200106": "3.92",
        "200107": "3.17",
        "200108": "2.48",
        "200109": "2.03",
        "200110": "1.65",
        "200111": "1.13",
        "200112": "0.82",
        "200201": "2.19",
        "200202": "3.18",
        "200203": "3.04",
        "200204": "3.14",
        "200205": "1.98",
        "200206": "1.87",
        "200207": "1.32",
        "200208": "1.20",
        "200209": "1.18",
        "200210": "1.10",
        "200211": "1.68",
        "200212": "1.61",
        "200301": "1.64",
        "200302": "2.10",
        "200303": "1.88",
        "200304": "11.38",
        "200305": "10.15",
        "200306": "12.52",
        "200307": "12.15",
        "200308": "12.13",
        "200309": "12.76",
        "200310": "14.02",
        "200311": "14.18",
        "200312": "14.15",
        "200401": "14.85",
        "200402": "23.51",
        "200403": "26.47",
        "200404": "23.89",
        "200405": "19.39",
        "200406": "18.30",
        "200407": "17.22",
        "200408": "14.73",
        "200409": "12.87",
        "200410": "12.41",
        "200411": "12.09",
        "200412": "10.86",
        "200501": "9.90",
        "200502": "10.71",
        "200503": "11.53",
        "200504": "10.37",
        "200505": "9.61",
        "200506": "10.12",
        "200507": "10.25",
        "200508": "9.67",
        "200509": "8.62",
        "200510": "6.83",
        "200511": "6.71",
        "200512": "6.74",
        "200601": "8.94",
        "200602": "9.05",
        "200603": "7.78",
        "200604": "8.15",
        "200605": "8.06",
        "200606": "7.71",
        "200607": "7.35",
        "200608": "7.49",
        "200609": "6.82",
        "200610": "7.14",
        "200611": "7.64",
        "200612": "9.75",
        "200701": "11.85",
        "200702": "11.63",
        "200703": "11.70",
        "200704": "12.84",
        "200705": "12.67",
        "200706": "13.06",
        "200707": "14.61",
        "200708": "12.41",
        "200709": "10.99",
        "200710": "9.36",
        "200711": "8.31",
        "200712": "7.30",
        "200801": "6.91",
        "200802": "7.03",
        "200803": "7.94",
        "200804": "8.06",
        "200805": "7.46",
        "200806": "6.11",
        "200807": "4.76",
        "200808": "5.27",
        "200809": "4.57",
        "200810": "3.83",
        "200811": "3.35",
        "200812": "3.02",
        "200901": "2.97",
        "200902": "2.95",
        "200903": "4.56",
        "200904": "5.36",
        "200905": "5.33",
        "200906": "7.77",
        "200907": "7.65",
        "200908": "8.56",
        "200909": "20.55",
        "200910": "21.02",
        "200911": "18.04",
        "200912": "17.94",
        "201001": "17.37",
        "201002": "14.61",
        "201003": "15.06",
        "201004": "15.75",
        "201005": "17.37",
        "201006": "17.32",
        "201007": "16.50",
        "201008": "16.12",
        "201009": "15.07",
        "201010": "14.27",
        "201011": "11.12",
        "201012": "11.74",
        "201101": "11.50",
        "201102": "12.53",
        "201103": "13.33",
        "201104": "13.41",
        "201105": "13.04",
        "201106": "12.25",
        "201107": "11.33",
        "201108": "10.61",
        "201109": "7.90",
        "201110": "7.26",
        "201111": "6.34",
        "201112": "7.56",
        "201201": "8.45",
        "201202": "10.07",
        "201203": "9.10",
        "201204": "11.79",
        "201205": "12.60",
        "201206": "13.03",
        "201207": "12.96",
        "201208": "13.43",
        "201209": "13.72",
        "201210": "13.05",
        "201211": "12.05",
        "201212": "11.76",
        "201301": "11.59",
        "201302": "10.87",
        "201303": "11.82",
        "201304": "11.69",
        "201305": "12.08",
        "201306": "11.98",
        "201307": "11.15",
        "201308": "10.67",
        "201309": "10.05",
        "201310": "9.85",
        "201311": "9.38",
        "201312": "10.91",
        "201401": "10.92",
        "201402": "10.56",
        "201403": "11.40",
        "201404": "14.92",
        "201405": "18.45",
        "201406": "18.20",
        "201407": "21.04",
        "201408": "17.63",
        "201409": "16.28",
        "201410": "13.95",
        "201411": "12.29",
        "201412": "13.05",
        "201501": "12.32",
        "201502": "12.02",
        "201503": "13.56",
        "201504": "12.89",
        "201505": "12.42",
        "201506": "10.70",
        "201507": "9.56",
        "201508": "8.80",
        "201509": "8.48",
        "201510": "9.44",
        "201511": "8.80",
        "201512": "8.61",
        "201601": "9.55",
        "201602": "9.99",
        "201603": "10.06",
        "201604": "8.25",
        "201605": "7.64",
        "201606": "7.51",
        "201607": "7.06",
        "201608": "6.71",
        "201609": "7.60",
        "201610": "7.94",
        "201611": "13.35",
        "201612": "14.84",
        "201701": "15.01",
        "201702": "15.38",
        "201703": "15.46",
        "201704": "14.72",
        "201705": "14.78",
        "201706": "16.23",
        "201707": "21.68",
        "201708": "21.13",
        "201709": "20.90",
        "201710": "18.61",
        "201711": "22.79",
        "201712": "24.61",
        "201801": "24.48",
        "201802": "23.38",
        "201803": "22.60",
        "201804": "20.81",
        "201805": "21.14",
        "201806": "26.87",
        "201807": "24.06",
        "201808": "22.75",
        "201809": "20.42",
        "201810": "17.61",
        "201811": "16.51",
        "201812": "17.79",
        "201901": "17.64",
        "201902": "16.95",
        "201903": "16.86",
        "201904": "17.02",
        "201905": "15.83",
        "201906": "15.55",
        "201907": "14.88",
        "201908": "13.62",
        "201909": "15.62",
        "201910": "15.83",
        "201911": "14.36",
        "201912": "15.87",
        "202001": "16.08",
        "202002": "14.04",
        "202003": "11.86",
        "202004": "11.91",
        "202005": "13.94",
        "202006": "13.84",
        "202007": "14.85",
        "202008": "14.82",
        "202009": "15.08",
        "202010": "15.21",
        "202011": "14.94",
        "202012": "15.37",
        "202101": "14.08",
        "202102": "13.70",
        "202103": "14.13",
        "202104": "17.09",
        "202105": "15.15",
        "202106": "14.38",
        "202107": "20.46",
        "202108": "21.54",
        "202109": "25.23",
        "202110": "23.41",
        "202111": "22.81",
        "202112": "21.86",
        "202201": "24.92",
        "202202": "25.18",
        "202203": "24.45",
        "202204": "22.13",
        "202205": "18.91",
        "202206": "18.30",
        "202207": "16.64",
        "202208": "15.39",
        "202209": "14.43",
        "202210": "14.53",
        "202211": "15.18",
        "202212": "14.56",
        "202301": "15.27",
        "202302": "15.83",
        "202303": "14.99",
        "202304": "10.37",
        "202305": "12.12",
        "202306": "11.01",
        "202307": "10.01",
        "202308": "9.52",
        "202309": "12.53"
    },
    "quarters": {
        "20011": {
            "year_quarter": 20011,
            "year": 2001,
            "quarter": 1,
            "eps": -0.33,
            "eps_growth_year": null,
            "eps_4q": -3.86,
            "eps_4q_growth_year": null,
            "roe": -6.3,
            "roe_4q": -6.3,
            "gross_profit": 75450,
            "gross_margin": 6.21,
            "gross_margin_4q_avg": 6.21,
            "net_income": -75487,
            "revenue": 1215924,
            "common_shares": 2299200,
            "book_valuer_per_share": 5.05,
            "book_valuer_per_share_4q_avg": 5.05,
            "equity": 1161216,
            "current_ratio": 55.6,
            "debt_ratio": 64.59,
            "inventory_turnover_ratio": 1.44,
            "account_receivable_turnover_ratio": null,
            "reinvestment_rate": null,
            "research_to_sale_ratio": null,
            "price_fair": 0,
            "eps_avg_yearly": 0,
            "eps_latest_yearly": 0,
            "eps_growth_yearly": 0
        },
        "20012": {
            "year_quarter": 20012,
            "year": 2001,
            "quarter": 2,
            "eps": -0.64,
            "eps_growth_year": null,
            "eps_4q": -4.04,
            "eps_4q_growth_year": null,
            "roe": -12.6,
            "roe_4q": -18.9,
            "gross_profit": 41476,
            "gross_margin": 7.21,
            "gross_margin_4q_avg": 6.71,
            "net_income": -148061,
            "revenue": 575315,
            "common_shares": 2299200,
            "book_valuer_per_share": 5.17,
            "book_valuer_per_share_4q_avg": 5.11,
            "equity": 1189613,
            "current_ratio": 61.59,
            "debt_ratio": 62.15,
            "inventory_turnover_ratio": 1.25,
            "account_receivable_turnover_ratio": null,
            "reinvestment_rate": null,
            "research_to_sale_ratio": null,
            "price_fair": 0,
            "eps_avg_yearly": 0,
            "eps_latest_yearly": 0,
            "eps_growth_yearly": 0
        },
        "20013": {
            "year_quarter": 20013,
            "year": 2001,
            "quarter": 3,
            "eps": -0.99,
            "eps_growth_year": null,
            "eps_4q": -4.95,
            "eps_4q_growth_year": null,
            "roe": -22.53,
            "roe_4q": -41.43,
            "gross_profit": -30154,
            "gross_margin": -7.55,
            "gross_margin_4q_avg": 1.96,
            "net_income": -227574,
            "revenue": 399329,
            "common_shares": 2299200,
            "book_valuer_per_share": 3.61,
            "book_valuer_per_share_4q_avg": 4.61,
            "equity": 831006,
            "current_ratio": 50.36,
            "debt_ratio": 66.23,
            "inventory_turnover_ratio": 1.18,
            "account_receivable_turnover_ratio": null,
            "reinvestment_rate": null,
            "research_to_sale_ratio": null,
            "price_fair": 0,
            "eps_avg_yearly": 0,
            "eps_latest_yearly": 0,
            "eps_growth_yearly": 0
        },
        "20014": {
            "year_quarter": 20014,
            "year": 2001,
            "quarter": 4,
            "eps": -2.15,
            "eps_growth_year": null,
            "eps_4q": -4.1,
            "eps_4q_growth_year": null,
            "roe": -91.95,
            "roe_4q": -133.38,
            "gross_profit": 27969,
            "gross_margin": 5.18,
            "gross_margin_4q_avg": 2.76,
            "net_income": -493812,
            "revenue": 540398,
            "common_shares": 2299200,
            "book_valuer_per_share": 1.06,
            "book_valuer_per_share_4q_avg": 3.72,
            "equity": 243126,
            "current_ratio": 51.22,
            "debt_ratio": 87.5,
            "inventory_turnover_ratio": 2.28,
            "account_receivable_turnover_ratio": null,
            "reinvestment_rate": null,
            "research_to_sale_ratio": null,
            "price_fair": 0,
            "eps_avg_yearly": 0,
            "eps_latest_yearly": 0,
            "eps_growth_yearly": 0
        },
        "20021": {
            "year_quarter": 20021,
            "year": 2002,
            "quarter": 1,
            "eps": -0.23,
            "eps_growth_year": null,
            "eps_4q": -4.02,
            "eps_4q_growth_year": null,
            "roe": -22.68,
            "roe_4q": -149.76,
            "gross_profit": -8288,
            "gross_margin": -1.32,
            "gross_margin_4q_avg": 0.88,
            "net_income": -52788,
            "revenue": 628560,
            "common_shares": 2299200,
            "book_valuer_per_share": 0.97,
            "book_valuer_per_share_4q_avg": 2.7,
            "equity": 222377,
            "current_ratio": 39.28,
            "debt_ratio": 87.53,
            "inventory_turnover_ratio": 3.68,
            "account_receivable_turnover_ratio": null,
            "reinvestment_rate": null,
            "research_to_sale_ratio": null,
            "price_fair": 0,
            "eps_avg_yearly": 0,
            "eps_latest_yearly": 0,
            "eps_growth_yearly": 0
        },
        "20022": {
            "year_quarter": 20022,
            "year": 2002,
            "quarter": 2,
            "eps": -0.26,
            "eps_growth_year": null,
            "eps_4q": -3.63,
            "eps_4q_growth_year": null,
            "roe": -34.5,
            "roe_4q": -171.66,
            "gross_profit": 28815,
            "gross_margin": 4.15,
            "gross_margin_4q_avg": 0.12,
            "net_income": -59312,
            "revenue": 694979,
            "common_shares": 2299200,
            "book_valuer_per_share": 0.53,
            "book_valuer_per_share_4q_avg": 1.54,
            "equity": 121417,
            "current_ratio": 47.32,
            "debt_ratio": 91.81,
            "inventory_turnover_ratio": 6.14,
            "account_receivable_turnover_ratio": null,
            "reinvestment_rate": null,
            "research_to_sale_ratio": null,
            "price_fair": 0,
            "eps_avg_yearly": 0,
            "eps_latest_yearly": 0,
            "eps_growth_yearly": 0
        },
        "20023": {
            "year_quarter": 20023,
            "year": 2002,
            "quarter": 3,
            "eps": -0.07,
            "eps_growth_year": null,
            "eps_4q": -2.71,
            "eps_4q_growth_year": null,
            "roe": -14.94,
            "roe_4q": -164.07,
            "gross_profit": 43813,
            "gross_margin": 5.13,
            "gross_margin_4q_avg": 3.29,
            "net_income": -16990,
            "revenue": 854493,
            "common_shares": 2299200,
            "book_valuer_per_share": 0.46,
            "book_valuer_per_share_4q_avg": 0.76,
            "equity": 106077,
            "current_ratio": 61.55,
            "debt_ratio": 92.92,
            "inventory_turnover_ratio": 2089.38,
            "account_receivable_turnover_ratio": null,
            "reinvestment_rate": null,
            "research_to_sale_ratio": null,
            "price_fair": 0,
            "eps_avg_yearly": 0,
            "eps_latest_yearly": 0,
            "eps_growth_yearly": 0
        },
        "20024": {
            "year_quarter": 20024,
            "year": 2002,
            "quarter": 4,
            "eps": -1.76,
            "eps_growth_year": null,
            "eps_4q": -5.86,
            "eps_4q_growth_year": null,
            "roe": -19.29,
            "roe_4q": -91.41,
            "gross_profit": 46360,
            "gross_margin": 5.97,
            "gross_margin_4q_avg": 3.48,
            "net_income": -55071,
            "revenue": 776071,
            "common_shares": 650000,
            "book_valuer_per_share": 7.15,
            "book_valuer_per_share_4q_avg": 2.28,
            "equity": 464773,
            "current_ratio": 112.32,
            "debt_ratio": 74.83,
            "inventory_turnover_ratio": 300.73,
            "account_receivable_turnover_ratio": null,
            "reinvestment_rate": null,
            "research_to_sale_ratio": null,
            "price_fair": 0,
            "eps_avg_yearly": 0,
            "eps_latest_yearly": 0,
            "eps_growth_yearly": 0
        },
        "20031": {
            "year_quarter": 20031,
            "year": 2003,
            "quarter": 1,
            "eps": -0.08,
            "eps_growth_year": null,
            "eps_4q": -2,
            "eps_4q_growth_year": null,
            "roe": -1.21,
            "roe_4q": -69.94,
            "gross_profit": 34558,
            "gross_margin": 5.61,
            "gross_margin_4q_avg": 5.22,
            "net_income": -5487,
            "revenue": 615855,
            "common_shares": 650000,
            "book_valuer_per_share": 6.82,
            "book_valuer_per_share_4q_avg": 3.74,
            "equity": 443068,
            "current_ratio": 112.33,
            "debt_ratio": 72.31,
            "inventory_turnover_ratio": 260.38,
            "account_receivable_turnover_ratio": null,
            "reinvestment_rate": null,
            "research_to_sale_ratio": null,
            "price_fair": 0,
            "eps_avg_yearly": 0,
            "eps_latest_yearly": 0,
            "eps_growth_yearly": 0
        },
        "20032": {
            "year_quarter": 20032,
            "year": 2003,
            "quarter": 2,
            "eps": -0.29,
            "eps_growth_year": null,
            "eps_4q": -1.48,
            "eps_4q_growth_year": null,
            "roe": -4.3,
            "roe_4q": -39.739999999999995,
            "gross_profit": 28375,
            "gross_margin": 5.18,
            "gross_margin_4q_avg": 5.47,
            "net_income": -18881,
            "revenue": 548084,
            "common_shares": 650000,
            "book_valuer_per_share": 6.71,
            "book_valuer_per_share_4q_avg": 5.29,
            "equity": 435862,
            "current_ratio": 91.86,
            "debt_ratio": 70.16,
            "inventory_turnover_ratio": null,
            "account_receivable_turnover_ratio": null,
            "reinvestment_rate": null,
            "research_to_sale_ratio": null,
            "price_fair": 0,
            "eps_avg_yearly": 0,
            "eps_latest_yearly": 0,
            "eps_growth_yearly": 0
        },
        "20033": {
            "year_quarter": 20033,
            "year": 2003,
            "quarter": 3,
            "eps": -0.05,
            "eps_growth_year": null,
            "eps_4q": -1.27,
            "eps_4q_growth_year": null,
            "roe": -0.71,
            "roe_4q": -25.509999999999998,
            "gross_profit": 23603,
            "gross_margin": 2.97,
            "gross_margin_4q_avg": 4.93,
            "net_income": -3077,
            "revenue": 793539,
            "common_shares": 650000,
            "book_valuer_per_share": 6.62,
            "book_valuer_per_share_4q_avg": 6.83,
            "equity": 429993,
            "current_ratio": 103.77,
            "debt_ratio": 74.63,
            "inventory_turnover_ratio": 58.79,
            "account_receivable_turnover_ratio": null,
            "reinvestment_rate": null,
            "research_to_sale_ratio": null,
            "price_fair": 0,
            "eps_avg_yearly": 0,
            "eps_latest_yearly": 0,
            "eps_growth_yearly": 0
        },
        "20034": {
            "year_quarter": 20034,
            "year": 2003,
            "quarter": 4,
            "eps": 0.86,
            "eps_growth_year": null,
            "eps_4q": 0.44,
            "eps_4q_growth_year": null,
            "roe": 12.32,
            "roe_4q": 6.1,
            "gross_profit": 67471,
            "gross_margin": 7.06,
            "gross_margin_4q_avg": 5.21,
            "net_income": 55836,
            "revenue": 955666,
            "common_shares": 650000,
            "book_valuer_per_share": 7.33,
            "book_valuer_per_share_4q_avg": 6.87,
            "equity": 476498,
            "current_ratio": 106.85,
            "debt_ratio": 70.39,
            "inventory_turnover_ratio": 28.91,
            "account_receivable_turnover_ratio": null,
            "reinvestment_rate": null,
            "research_to_sale_ratio": null,
            "price_fair": 0,
            "eps_avg_yearly": 0,
            "eps_latest_yearly": 0,
            "eps_growth_yearly": 0
        },
        "20041": {
            "year_quarter": 20041,
            "year": 2004,
            "quarter": 1,
            "eps": 0.04,
            "eps_growth_year": null,
            "eps_4q": 0.56,
            "eps_4q_growth_year": null,
            "roe": 0.55,
            "roe_4q": 7.86,
            "gross_profit": 20934,
            "gross_margin": 4.54,
            "gross_margin_4q_avg": 4.94,
            "net_income": 2593,
            "revenue": 460699,
            "common_shares": 650000,
            "book_valuer_per_share": 7.3,
            "book_valuer_per_share_4q_avg": 6.99,
            "equity": 474814,
            "current_ratio": 106.12,
            "debt_ratio": 67.93,
            "inventory_turnover_ratio": 17.62,
            "account_receivable_turnover_ratio": null,
            "reinvestment_rate": null,
            "research_to_sale_ratio": null,
            "price_fair": 0.48,
            "eps_avg_yearly": 0.16,
            "eps_latest_yearly": 0.16,
            "eps_growth_yearly": -381.4
        },
        "20042": {
            "year_quarter": 20042,
            "year": 2004,
            "quarter": 2,
            "eps": 0.06,
            "eps_growth_year": null,
            "eps_4q": 0.9,
            "eps_4q_growth_year": null,
            "roe": 0.83,
            "roe_4q": 12.989999999999998,
            "gross_profit": 19266,
            "gross_margin": 4.11,
            "gross_margin_4q_avg": 4.67,
            "net_income": 3942,
            "revenue": 469076,
            "common_shares": 650000,
            "book_valuer_per_share": 7.36,
            "book_valuer_per_share_4q_avg": 7.15,
            "equity": 478437,
            "current_ratio": 74.54,
            "debt_ratio": 65.77,
            "inventory_turnover_ratio": 30.47,
            "account_receivable_turnover_ratio": null,
            "reinvestment_rate": null,
            "research_to_sale_ratio": null,
            "price_fair": 0.6,
            "eps_avg_yearly": 0.2,
            "eps_latest_yearly": 0.24,
            "eps_growth_yearly": -90.7
        },
        "20043": {
            "year_quarter": 20043,
            "year": 2004,
            "quarter": 3,
            "eps": 0.21,
            "eps_growth_year": null,
            "eps_4q": 1.15,
            "eps_4q_growth_year": null,
            "roe": 2.86,
            "roe_4q": 16.560000000000002,
            "gross_profit": 19237,
            "gross_margin": 3.74,
            "gross_margin_4q_avg": 4.86,
            "net_income": 13885,
            "revenue": 513944,
            "common_shares": 650000,
            "book_valuer_per_share": 7.57,
            "book_valuer_per_share_4q_avg": 7.39,
            "equity": 492319,
            "current_ratio": 86.67,
            "debt_ratio": 59.11,
            "inventory_turnover_ratio": 35.11,
            "account_receivable_turnover_ratio": null,
            "reinvestment_rate": null,
            "research_to_sale_ratio": null,
            "price_fair": 14.47,
            "eps_avg_yearly": 0.41,
            "eps_latest_yearly": 0.84,
            "eps_growth_yearly": 272.87
        },
        "20044": {
            "year_quarter": 20044,
            "year": 2004,
            "quarter": 4,
            "eps": 0.1,
            "eps_growth_year": -88.37,
            "eps_4q": 0.41,
            "eps_4q_growth_year": -5.34,
            "roe": 1.29,
            "roe_4q": 5.53,
            "gross_profit": 26878,
            "gross_margin": 4.38,
            "gross_margin_4q_avg": 4.19,
            "net_income": 6505,
            "revenue": 613970,
            "common_shares": 650000,
            "book_valuer_per_share": 7.99,
            "book_valuer_per_share_4q_avg": 7.56,
            "equity": 514373,
            "current_ratio": 90.54,
            "debt_ratio": 53.68,
            "inventory_turnover_ratio": 50.57,
            "account_receivable_turnover_ratio": null,
            "reinvestment_rate": null,
            "research_to_sale_ratio": null,
            "price_fair": 14.35,
            "eps_avg_yearly": 0.41,
            "eps_latest_yearly": 0.4,
            "eps_growth_yearly": 152.27
        },
        "20051": {
            "year_quarter": 20051,
            "year": 2005,
            "quarter": 1,
            "eps": -0.11,
            "eps_growth_year": -375,
            "eps_4q": 0.25,
            "eps_4q_growth_year": -54.79,
            "roe": -1.44,
            "roe_4q": 3.54,
            "gross_profit": 16464,
            "gross_margin": 3.66,
            "gross_margin_4q_avg": 3.97,
            "net_income": -7346,
            "revenue": 449936,
            "common_shares": 650000,
            "book_valuer_per_share": 7.83,
            "book_valuer_per_share_4q_avg": 7.69,
            "equity": 508768,
            "current_ratio": 92.75,
            "debt_ratio": 54.67,
            "inventory_turnover_ratio": 44.68,
            "account_receivable_turnover_ratio": null,
            "reinvestment_rate": null,
            "research_to_sale_ratio": null,
            "price_fair": 14.35,
            "eps_avg_yearly": 0.41,
            "eps_latest_yearly": 0.4,
            "eps_growth_yearly": 152.27
        },
        "20052": {
            "year_quarter": 20052,
            "year": 2005,
            "quarter": 2,
            "eps": 0.09,
            "eps_growth_year": 50,
            "eps_4q": 0.29,
            "eps_4q_growth_year": -68.28,
            "roe": 1.17,
            "roe_4q": 3.88,
            "gross_profit": 6220,
            "gross_margin": 1.37,
            "gross_margin_4q_avg": 3.29,
            "net_income": 5981,
            "revenue": 452870,
            "common_shares": 650000,
            "book_valuer_per_share": 7.84,
            "book_valuer_per_share_4q_avg": 7.81,
            "equity": 509907,
            "current_ratio": 92.71,
            "debt_ratio": 46.35,
            "inventory_turnover_ratio": 93.37,
            "account_receivable_turnover_ratio": null,
            "reinvestment_rate": null,
            "research_to_sale_ratio": null,
            "price_fair": 14.35,
            "eps_avg_yearly": 0.41,
            "eps_latest_yearly": 0.4,
            "eps_growth_yearly": 152.27
        },
        "20053": {
            "year_quarter": 20053,
            "year": 2005,
            "quarter": 3,
            "eps": 0.17,
            "eps_growth_year": -19.05,
            "eps_4q": 0.25,
            "eps_4q_growth_year": -78.47,
            "roe": 2.14,
            "roe_4q": 3.16,
            "gross_profit": 19915,
            "gross_margin": 4.13,
            "gross_margin_4q_avg": 3.39,
            "net_income": 11157,
            "revenue": 482777,
            "common_shares": 650000,
            "book_valuer_per_share": 8.17,
            "book_valuer_per_share_4q_avg": 7.96,
            "equity": 530778,
            "current_ratio": 93.94,
            "debt_ratio": 51.74,
            "inventory_turnover_ratio": 10285.82,
            "account_receivable_turnover_ratio": null,
            "reinvestment_rate": null,
            "research_to_sale_ratio": null,
            "price_fair": 16.24,
            "eps_avg_yearly": 0.46,
            "eps_latest_yearly": 0.68,
            "eps_growth_yearly": 192.93
        },
        "20054": {
            "year_quarter": 20054,
            "year": 2005,
            "quarter": 4,
            "eps": 0.07,
            "eps_growth_year": -30,
            "eps_4q": 0.22,
            "eps_4q_growth_year": -46.35,
            "roe": 0.85,
            "roe_4q": 2.72,
            "gross_profit": 27811,
            "gross_margin": 4.25,
            "gross_margin_4q_avg": 3.35,
            "net_income": 4508,
            "revenue": 655108,
            "common_shares": 650000,
            "book_valuer_per_share": 8.24,
            "book_valuer_per_share_4q_avg": 8.02,
            "equity": 535286,
            "current_ratio": 104.34,
            "debt_ratio": 56.38,
            "inventory_turnover_ratio": 13939.93,
            "account_receivable_turnover_ratio": null,
            "reinvestment_rate": null,
            "research_to_sale_ratio": null,
            "price_fair": 15.17,
            "eps_avg_yearly": 0.43,
            "eps_latest_yearly": 0.28,
            "eps_growth_yearly": 121.56
        },
        "20061": {
            "year_quarter": 20061,
            "year": 2006,
            "quarter": 1,
            "eps": 0.13,
            "eps_growth_year": null,
            "eps_4q": 0.47,
            "eps_4q_growth_year": 84.26,
            "roe": 1.54,
            "roe_4q": 5.7,
            "gross_profit": 17555,
            "gross_margin": 3.81,
            "gross_margin_4q_avg": 3.39,
            "net_income": 8309,
            "revenue": 460891,
            "common_shares": 650000,
            "book_valuer_per_share": 8.41,
            "book_valuer_per_share_4q_avg": 8.17,
            "equity": 546367,
            "current_ratio": 123.36,
            "debt_ratio": 41.71,
            "inventory_turnover_ratio": 9851.91,
            "account_receivable_turnover_ratio": null,
            "reinvestment_rate": null,
            "research_to_sale_ratio": null,
            "price_fair": 15.6,
            "eps_avg_yearly": 0.45,
            "eps_latest_yearly": 0.52,
            "eps_growth_yearly": 153.17
        },
        "20062": {
            "year_quarter": 20062,
            "year": 2006,
            "quarter": 2,
            "eps": -0.02,
            "eps_growth_year": -122.22,
            "eps_4q": 0.35,
            "eps_4q_growth_year": 21.94,
            "roe": -0.24,
            "roe_4q": 4.29,
            "gross_profit": 16806,
            "gross_margin": 3.86,
            "gross_margin_4q_avg": 4.01,
            "net_income": -1283,
            "revenue": 435619,
            "common_shares": 650000,
            "book_valuer_per_share": 8.32,
            "book_valuer_per_share_4q_avg": 8.29,
            "equity": 540744,
            "current_ratio": 156.02,
            "debt_ratio": 41.63,
            "inventory_turnover_ratio": 9306.96,
            "account_receivable_turnover_ratio": null,
            "reinvestment_rate": -164.55,
            "research_to_sale_ratio": null,
            "price_fair": 15.6,
            "eps_avg_yearly": 0.45,
            "eps_latest_yearly": 0.52,
            "eps_growth_yearly": 153.17
        },
        "20063": {
            "year_quarter": 20063,
            "year": 2006,
            "quarter": 3,
            "eps": 0.18,
            "eps_growth_year": 5.88,
            "eps_4q": 0.36,
            "eps_4q_growth_year": 45.92,
            "roe": 2.09,
            "roe_4q": 4.239999999999999,
            "gross_profit": 26474,
            "gross_margin": 5.26,
            "gross_margin_4q_avg": 4.3,
            "net_income": 11385,
            "revenue": 503200,
            "common_shares": 650000,
            "book_valuer_per_share": 8.46,
            "book_valuer_per_share_4q_avg": 8.36,
            "equity": 550133,
            "current_ratio": 154.3,
            "debt_ratio": 44.63,
            "inventory_turnover_ratio": 21187.82,
            "account_receivable_turnover_ratio": null,
            "reinvestment_rate": -18.2,
            "research_to_sale_ratio": null,
            "price_fair": 15.6,
            "eps_avg_yearly": 0.45,
            "eps_latest_yearly": 0.52,
            "eps_growth_yearly": 153.17
        },
        "20064": {
            "year_quarter": 20064,
            "year": 2006,
            "quarter": 4,
            "eps": -0.13,
            "eps_growth_year": -285.71,
            "eps_4q": 0.15,
            "eps_4q_growth_year": -32.45,
            "roe": -1.58,
            "roe_4q": 1.8099999999999998,
            "gross_profit": 34177,
            "gross_margin": 6.26,
            "gross_margin_4q_avg": 4.8,
            "net_income": -8645,
            "revenue": 546239,
            "common_shares": 650000,
            "book_valuer_per_share": 8.35,
            "book_valuer_per_share_4q_avg": 8.39,
            "equity": 543044,
            "current_ratio": 135.77,
            "debt_ratio": 45.08,
            "inventory_turnover_ratio": null,
            "account_receivable_turnover_ratio": null,
            "reinvestment_rate": -255.94,
            "research_to_sale_ratio": null,
            "price_fair": 15.6,
            "eps_avg_yearly": 0.45,
            "eps_latest_yearly": 0.52,
            "eps_growth_yearly": 153.17
        },
        "20071": {
            "year_quarter": 20071,
            "year": 2007,
            "quarter": 1,
            "eps": 0.08,
            "eps_growth_year": -38.46,
            "eps_4q": 0.1,
            "eps_4q_growth_year": -78.01,
            "roe": 0.92,
            "roe_4q": 1.1899999999999997,
            "gross_profit": 21278,
            "gross_margin": 4.94,
            "gross_margin_4q_avg": 5.08,
            "net_income": 5050,
            "revenue": 430597,
            "common_shares": 650000,
            "book_valuer_per_share": 8.46,
            "book_valuer_per_share_4q_avg": 8.4,
            "equity": 550015,
            "current_ratio": 198.24,
            "debt_ratio": 35.4,
            "inventory_turnover_ratio": null,
            "account_receivable_turnover_ratio": null,
            "reinvestment_rate": -7.43,
            "research_to_sale_ratio": null,
            "price_fair": 15.6,
            "eps_avg_yearly": 0.45,
            "eps_latest_yearly": 0.52,
            "eps_growth_yearly": 153.17
        },
        "20072": {
            "year_quarter": 20072,
            "year": 2007,
            "quarter": 2,
            "eps": -0.01,
            "eps_growth_year": null,
            "eps_4q": 0.11,
            "eps_4q_growth_year": -69.08,
            "roe": -0.14,
            "roe_4q": 1.2899999999999998,
            "gross_profit": 20203,
            "gross_margin": 4.38,
            "gross_margin_4q_avg": 5.21,
            "net_income": -775,
            "revenue": 461679,
            "common_shares": 650000,
            "book_valuer_per_share": 8.44,
            "book_valuer_per_share_4q_avg": 8.43,
            "equity": 548674,
            "current_ratio": 169.42,
            "debt_ratio": 34.77,
            "inventory_turnover_ratio": null,
            "account_receivable_turnover_ratio": null,
            "reinvestment_rate": -9.1,
            "research_to_sale_ratio": null,
            "price_fair": 15.6,
            "eps_avg_yearly": 0.45,
            "eps_latest_yearly": 0.52,
            "eps_growth_yearly": 153.17
        },
        "20073": {
            "year_quarter": 20073,
            "year": 2007,
            "quarter": 3,
            "eps": 0.07,
            "eps_growth_year": -61.11,
            "eps_4q": 0.01,
            "eps_4q_growth_year": -98.07,
            "roe": 0.88,
            "roe_4q": 0.08000000000000007,
            "gross_profit": 18931,
            "gross_margin": 3.89,
            "gross_margin_4q_avg": 4.87,
            "net_income": 4855,
            "revenue": 486347,
            "common_shares": 650000,
            "book_valuer_per_share": 8.51,
            "book_valuer_per_share_4q_avg": 8.44,
            "equity": 553329,
            "current_ratio": 192.92,
            "debt_ratio": 29.85,
            "inventory_turnover_ratio": null,
            "account_receivable_turnover_ratio": null,
            "reinvestment_rate": -5.3,
            "research_to_sale_ratio": null,
            "price_fair": 15.6,
            "eps_avg_yearly": 0.45,
            "eps_latest_yearly": 0.52,
            "eps_growth_yearly": 153.17
        },
        "20074": {
            "year_quarter": 20074,
            "year": 2007,
            "quarter": 4,
            "eps": 0.11,
            "eps_growth_year": null,
            "eps_4q": 0.25,
            "eps_4q_growth_year": 65.72,
            "roe": 1.3,
            "roe_4q": 2.96,
            "gross_profit": 19692,
            "gross_margin": 3.8,
            "gross_margin_4q_avg": 4.25,
            "net_income": 7247,
            "revenue": 518076,
            "common_shares": 650000,
            "book_valuer_per_share": 8.66,
            "book_valuer_per_share_4q_avg": 8.52,
            "equity": 562908,
            "current_ratio": 150.82,
            "debt_ratio": 42.15,
            "inventory_turnover_ratio": 12.42,
            "account_receivable_turnover_ratio": null,
            "reinvestment_rate": -85.91,
            "research_to_sale_ratio": null,
            "price_fair": 15.58,
            "eps_avg_yearly": 0.45,
            "eps_latest_yearly": 0.44,
            "eps_growth_yearly": 162.6
        },
        "20081": {
            "year_quarter": 20081,
            "year": 2008,
            "quarter": 1,
            "eps": -0.25,
            "eps_growth_year": -412.5,
            "eps_4q": -0.08,
            "eps_4q_growth_year": -172.82,
            "roe": -2.92,
            "roe_4q": -0.8799999999999999,
            "gross_profit": 13956,
            "gross_margin": 3.13,
            "gross_margin_4q_avg": 3.8,
            "net_income": -16187,
            "revenue": 445503,
            "common_shares": 650000,
            "book_valuer_per_share": 8.4,
            "book_valuer_per_share_4q_avg": 8.5,
            "equity": 546298,
            "current_ratio": 171.8,
            "debt_ratio": 34.36,
            "inventory_turnover_ratio": 10.75,
            "account_receivable_turnover_ratio": null,
            "reinvestment_rate": -17.32,
            "research_to_sale_ratio": null,
            "price_fair": 17,
            "eps_avg_yearly": 0.49,
            "eps_latest_yearly": 0.44,
            "eps_growth_yearly": 240.31
        },
        "20082": {
            "year_quarter": 20082,
            "year": 2008,
            "quarter": 2,
            "eps": 0.14,
            "eps_growth_year": null,
            "eps_4q": 0.08,
            "eps_4q_growth_year": -26.77,
            "roe": 1.7,
            "roe_4q": 0.9600000000000001,
            "gross_profit": 20576,
            "gross_margin": 4.44,
            "gross_margin_4q_avg": 3.82,
            "net_income": 9381,
            "revenue": 463140,
            "common_shares": 650000,
            "book_valuer_per_share": 8.53,
            "book_valuer_per_share_4q_avg": 8.53,
            "equity": 554503,
            "current_ratio": 189.14,
            "debt_ratio": 29.61,
            "inventory_turnover_ratio": null,
            "account_receivable_turnover_ratio": null,
            "reinvestment_rate": -12.45,
            "research_to_sale_ratio": null,
            "price_fair": 18.43,
            "eps_avg_yearly": 0.53,
            "eps_latest_yearly": 0.44,
            "eps_growth_yearly": 247.03
        },
        "20083": {
            "year_quarter": 20083,
            "year": 2008,
            "quarter": 3,
            "eps": 0.37,
            "eps_growth_year": 428.57,
            "eps_4q": 0.38,
            "eps_4q_growth_year": 5287.89,
            "roe": 4.25,
            "roe_4q": 4.33,
            "gross_profit": 20046,
            "gross_margin": 4.19,
            "gross_margin_4q_avg": 3.89,
            "net_income": 24083,
            "revenue": 478413,
            "common_shares": 650000,
            "book_valuer_per_share": 8.89,
            "book_valuer_per_share_4q_avg": 8.62,
            "equity": 577768,
            "current_ratio": 226.1,
            "debt_ratio": 24.12,
            "inventory_turnover_ratio": null,
            "account_receivable_turnover_ratio": null,
            "reinvestment_rate": -9.03,
            "research_to_sale_ratio": null,
            "price_fair": 22.17,
            "eps_avg_yearly": 0.63,
            "eps_latest_yearly": 1.48,
            "eps_growth_yearly": 189.88
        },
        "20084": {
            "year_quarter": 20084,
            "year": 2008,
            "quarter": 4,
            "eps": 0.03,
            "eps_growth_year": -72.73,
            "eps_4q": 0.26,
            "eps_4q_growth_year": 4.86,
            "roe": 0.39,
            "roe_4q": 3.42,
            "gross_profit": 19580,
            "gross_margin": 4.87,
            "gross_margin_4q_avg": 4.16,
            "net_income": 2247,
            "revenue": 402176,
            "common_shares": 650000,
            "book_valuer_per_share": 8.92,
            "book_valuer_per_share_4q_avg": 8.69,
            "equity": 579660,
            "current_ratio": 293.53,
            "debt_ratio": 19.1,
            "inventory_turnover_ratio": null,
            "account_receivable_turnover_ratio": 2.77,
            "reinvestment_rate": -66.44,
            "research_to_sale_ratio": null,
            "price_fair": 20.53,
            "eps_avg_yearly": 0.59,
            "eps_latest_yearly": 0.12,
            "eps_growth_yearly": 163.54
        },
        "20091": {
            "year_quarter": 20091,
            "year": 2009,
            "quarter": 1,
            "eps": 0.17,
            "eps_growth_year": null,
            "eps_4q": 0.74,
            "eps_4q_growth_year": null,
            "roe": 1.83,
            "roe_4q": 8.17,
            "gross_profit": 11149,
            "gross_margin": 4.03,
            "gross_margin_4q_avg": 4.38,
            "net_income": 10728,
            "revenue": 276348,
            "common_shares": 650000,
            "book_valuer_per_share": 9.08,
            "book_valuer_per_share_4q_avg": 8.86,
            "equity": 590382,
            "current_ratio": 348.97,
            "debt_ratio": 15.91,
            "inventory_turnover_ratio": null,
            "account_receivable_turnover_ratio": 0.97,
            "reinvestment_rate": -4.11,
            "research_to_sale_ratio": null,
            "price_fair": 21,
            "eps_avg_yearly": 0.6,
            "eps_latest_yearly": 0.68,
            "eps_growth_yearly": 406.85
        },
        "20092": {
            "year_quarter": 20092,
            "year": 2009,
            "quarter": 2,
            "eps": -0.1,
            "eps_growth_year": -171.43,
            "eps_4q": 0.47,
            "eps_4q_growth_year": 499.9,
            "roe": -1.06,
            "roe_4q": 5.41,
            "gross_profit": 11879,
            "gross_margin": 4.29,
            "gross_margin_4q_avg": 4.35,
            "net_income": -6239,
            "revenue": 276803,
            "common_shares": 650000,
            "book_valuer_per_share": 8.99,
            "book_valuer_per_share_4q_avg": 8.97,
            "equity": 584439,
            "current_ratio": 366.44,
            "debt_ratio": 15.05,
            "inventory_turnover_ratio": null,
            "account_receivable_turnover_ratio": 0.97,
            "reinvestment_rate": -4.4,
            "research_to_sale_ratio": null,
            "price_fair": 21,
            "eps_avg_yearly": 0.6,
            "eps_latest_yearly": 0.68,
            "eps_growth_yearly": 406.85
        },
        "20093": {
            "year_quarter": 20093,
            "year": 2009,
            "quarter": 3,
            "eps": 0.19,
            "eps_growth_year": -48.65,
            "eps_4q": 0.29,
            "eps_4q_growth_year": -22,
            "roe": 2.09,
            "roe_4q": 3.25,
            "gross_profit": 30172,
            "gross_margin": 10.05,
            "gross_margin_4q_avg": 5.81,
            "net_income": 12322,
            "revenue": 300326,
            "common_shares": 650000,
            "book_valuer_per_share": 9.19,
            "book_valuer_per_share_4q_avg": 9.05,
            "equity": 597211,
            "current_ratio": 418.14,
            "debt_ratio": 13.95,
            "inventory_turnover_ratio": null,
            "account_receivable_turnover_ratio": 1,
            "reinvestment_rate": -3.44,
            "research_to_sale_ratio": null,
            "price_fair": 20.53,
            "eps_avg_yearly": 0.59,
            "eps_latest_yearly": 0.68,
            "eps_growth_yearly": 415.4
        },
        "20094": {
            "year_quarter": 20094,
            "year": 2009,
            "quarter": 4,
            "eps": 1.05,
            "eps_growth_year": 3400,
            "eps_4q": 1.3,
            "eps_4q_growth_year": 400.16,
            "roe": 10.82,
            "roe_4q": 13.68,
            "gross_profit": 65528,
            "gross_margin": 18.11,
            "gross_margin_4q_avg": 9.12,
            "net_income": 67934,
            "revenue": 361837,
            "common_shares": 650000,
            "book_valuer_per_share": 10.13,
            "book_valuer_per_share_4q_avg": 9.35,
            "equity": 658289,
            "current_ratio": 1480.39,
            "debt_ratio": 4.17,
            "inventory_turnover_ratio": null,
            "account_receivable_turnover_ratio": 2.77,
            "reinvestment_rate": 4.65,
            "research_to_sale_ratio": null,
            "price_fair": 43.4,
            "eps_avg_yearly": 1.24,
            "eps_latest_yearly": 4.2,
            "eps_growth_yearly": 756.37
        },
        "20101": {
            "year_quarter": 20101,
            "year": 2010,
            "quarter": 1,
            "eps": 0.32,
            "eps_growth_year": 88.24,
            "eps_4q": 1.46,
            "eps_4q_growth_year": 98.02,
            "roe": 3.1,
            "roe_4q": 14.949999999999998,
            "gross_profit": 41188,
            "gross_margin": 19.56,
            "gross_margin_4q_avg": 13,
            "net_income": 20702,
            "revenue": 210556,
            "common_shares": 650000,
            "book_valuer_per_share": 10.44,
            "book_valuer_per_share_4q_avg": 9.69,
            "equity": 678808,
            "current_ratio": 1174.79,
            "debt_ratio": 5.45,
            "inventory_turnover_ratio": null,
            "account_receivable_turnover_ratio": 0.78,
            "reinvestment_rate": 28.94,
            "research_to_sale_ratio": 0.17,
            "price_fair": 47.83,
            "eps_avg_yearly": 1.37,
            "eps_latest_yearly": 1.28,
            "eps_growth_yearly": 652.87
        },
        "20102": {
            "year_quarter": 20102,
            "year": 2010,
            "quarter": 2,
            "eps": 0.28,
            "eps_growth_year": null,
            "eps_4q": 1.84,
            "eps_4q_growth_year": 287.12,
            "roe": 2.67,
            "roe_4q": 18.68,
            "gross_profit": 25159,
            "gross_margin": 14.08,
            "gross_margin_4q_avg": 15.45,
            "net_income": 18348,
            "revenue": 178698,
            "common_shares": 650000,
            "book_valuer_per_share": 10.72,
            "book_valuer_per_share_4q_avg": 10.12,
            "equity": 697050,
            "current_ratio": 531.77,
            "debt_ratio": 8.52,
            "inventory_turnover_ratio": 96.02,
            "account_receivable_turnover_ratio": 0.95,
            "reinvestment_rate": 25.67,
            "research_to_sale_ratio": 0.59,
            "price_fair": 46.6,
            "eps_avg_yearly": 1.33,
            "eps_latest_yearly": 1.12,
            "eps_growth_yearly": 552.46
        },
        "20103": {
            "year_quarter": 20103,
            "year": 2010,
            "quarter": 3,
            "eps": 0.03,
            "eps_growth_year": -82.27,
            "eps_4q": 1.68,
            "eps_4q_growth_year": 471.55,
            "roe": 0.31,
            "roe_4q": 16.9,
            "gross_profit": 28728,
            "gross_margin": 9.65,
            "gross_margin_4q_avg": 15.35,
            "net_income": 2190,
            "revenue": 297777,
            "common_shares": 650000,
            "book_valuer_per_share": 10.78,
            "book_valuer_per_share_4q_avg": 10.52,
            "equity": 700448,
            "current_ratio": 433.92,
            "debt_ratio": 10.46,
            "inventory_turnover_ratio": 168.26,
            "account_receivable_turnover_ratio": 2.6,
            "reinvestment_rate": 26.48,
            "research_to_sale_ratio": 0.35,
            "price_fair": 41.3,
            "eps_avg_yearly": 1.18,
            "eps_latest_yearly": 0.12,
            "eps_growth_yearly": 438.76
        },
        "20104": {
            "year_quarter": 20104,
            "year": 2010,
            "quarter": 4,
            "eps": -0.21,
            "eps_growth_year": -120.11,
            "eps_4q": 0.42,
            "eps_4q_growth_year": -67.53,
            "roe": -1.98,
            "roe_4q": 4.1,
            "gross_profit": 19427,
            "gross_margin": 9.96,
            "gross_margin_4q_avg": 13.31,
            "net_income": -13723,
            "revenue": 195103,
            "common_shares": 650000,
            "book_valuer_per_share": 10.52,
            "book_valuer_per_share_4q_avg": 10.62,
            "equity": 683948,
            "current_ratio": 973.1,
            "debt_ratio": 4.47,
            "inventory_turnover_ratio": null,
            "account_receivable_turnover_ratio": 1.78,
            "reinvestment_rate": 1.93,
            "research_to_sale_ratio": 0.54,
            "price_fair": 41.3,
            "eps_avg_yearly": 1.18,
            "eps_latest_yearly": 0.12,
            "eps_growth_yearly": 438.76
        },
        "20111": {
            "year_quarter": 20111,
            "year": 2011,
            "quarter": 1,
            "eps": 0.07,
            "eps_growth_year": -78.12,
            "eps_4q": 0.18,
            "eps_4q_growth_year": -87.97,
            "roe": 0.67,
            "roe_4q": 1.67,
            "gross_profit": 18940,
            "gross_margin": 8.2,
            "gross_margin_4q_avg": 10.47,
            "net_income": 4583,
            "revenue": 230926,
            "common_shares": 650000,
            "book_valuer_per_share": 10.59,
            "book_valuer_per_share_4q_avg": 10.65,
            "equity": 688236,
            "current_ratio": 641.7,
            "debt_ratio": 7.73,
            "inventory_turnover_ratio": null,
            "account_receivable_turnover_ratio": 2.07,
            "reinvestment_rate": 1.77,
            "research_to_sale_ratio": 0.45,
            "price_fair": 41.3,
            "eps_avg_yearly": 1.18,
            "eps_latest_yearly": 0.12,
            "eps_growth_yearly": 438.76
        },
        "20112": {
            "year_quarter": 20112,
            "year": 2011,
            "quarter": 2,
            "eps": -0.13,
            "eps_growth_year": -147.49,
            "eps_4q": -0.24,
            "eps_4q_growth_year": -113.13,
            "roe": -1.27,
            "roe_4q": -2.27,
            "gross_profit": 5267,
            "gross_margin": 5.72,
            "gross_margin_4q_avg": 8.38,
            "net_income": -8714,
            "revenue": 92161,
            "common_shares": 650000,
            "book_valuer_per_share": 10.45,
            "book_valuer_per_share_4q_avg": 10.59,
            "equity": 679378,
            "current_ratio": 788.75,
            "debt_ratio": 6.06,
            "inventory_turnover_ratio": null,
            "account_receivable_turnover_ratio": 0.95,
            "reinvestment_rate": 1.54,
            "research_to_sale_ratio": 1.14,
            "price_fair": 41.3,
            "eps_avg_yearly": 1.18,
            "eps_latest_yearly": 0.12,
            "eps_growth_yearly": 438.76
        },
        "20113": {
            "year_quarter": 20113,
            "year": 2011,
            "quarter": 3,
            "eps": -0,
            "eps_growth_year": -100.55,
            "eps_4q": -0.27,
            "eps_4q_growth_year": -116.36,
            "roe": -0,
            "roe_4q": -2.58,
            "gross_profit": -3762,
            "gross_margin": -3.98,
            "gross_margin_4q_avg": 4.98,
            "net_income": -12,
            "revenue": 94570,
            "common_shares": 650000,
            "book_valuer_per_share": 10.45,
            "book_valuer_per_share_4q_avg": 10.5,
            "equity": 679386,
            "current_ratio": 3031.11,
            "debt_ratio": 1.85,
            "inventory_turnover_ratio": null,
            "account_receivable_turnover_ratio": 1.3,
            "reinvestment_rate": 1.68,
            "research_to_sale_ratio": 1.11,
            "price_fair": 41.3,
            "eps_avg_yearly": 1.18,
            "eps_latest_yearly": 0.12,
            "eps_growth_yearly": 438.76
        },
        "20114": {
            "year_quarter": 20114,
            "year": 2011,
            "quarter": 4,
            "eps": -0.29,
            "eps_growth_year": null,
            "eps_4q": -0.35,
            "eps_4q_growth_year": -183.25,
            "roe": -2.8,
            "roe_4q": -3.4000000000000004,
            "gross_profit": -10791,
            "gross_margin": -7.87,
            "gross_margin_4q_avg": 0.52,
            "net_income": -18765,
            "revenue": 137148,
            "common_shares": 650000,
            "book_valuer_per_share": 10.16,
            "book_valuer_per_share_4q_avg": 10.41,
            "equity": 660217,
            "current_ratio": 2962.52,
            "debt_ratio": 1.73,
            "inventory_turnover_ratio": null,
            "account_receivable_turnover_ratio": 1.67,
            "reinvestment_rate": 24.64,
            "research_to_sale_ratio": 0.77,
            "price_fair": 45,
            "eps_avg_yearly": 1.29,
            "eps_latest_yearly": 0.12,
            "eps_growth_yearly": 468.79
        },
        "20121": {
            "year_quarter": 20121,
            "year": 2012,
            "quarter": 1,
            "eps": -0.25,
            "eps_growth_year": -457.14,
            "eps_4q": -0.67,
            "eps_4q_growth_year": -482.08,
            "roe": -2.46,
            "roe_4q": -6.529999999999999,
            "gross_profit": 690,
            "gross_margin": 1.58,
            "gross_margin_4q_avg": -1.14,
            "net_income": -16058,
            "revenue": 43627,
            "common_shares": 650000,
            "book_valuer_per_share": 9.91,
            "book_valuer_per_share_4q_avg": 10.24,
            "equity": 644166,
            "current_ratio": 3616.21,
            "debt_ratio": 1.52,
            "inventory_turnover_ratio": null,
            "account_receivable_turnover_ratio": 0.68,
            "reinvestment_rate": 21.27,
            "research_to_sale_ratio": 2.41,
            "price_fair": 45,
            "eps_avg_yearly": 1.29,
            "eps_latest_yearly": 0.12,
            "eps_growth_yearly": 468.79
        },
        "20122": {
            "year_quarter": 20122,
            "year": 2012,
            "quarter": 2,
            "eps": -0.07,
            "eps_growth_year": null,
            "eps_4q": -0.6,
            "eps_4q_growth_year": null,
            "roe": -0.7,
            "roe_4q": -5.96,
            "gross_profit": 5745,
            "gross_margin": 3.83,
            "gross_margin_4q_avg": -1.61,
            "net_income": -4480,
            "revenue": 150145,
            "common_shares": 650000,
            "book_valuer_per_share": 9.84,
            "book_valuer_per_share_4q_avg": 10.09,
            "equity": 639683,
            "current_ratio": 960.84,
            "debt_ratio": 5.93,
            "inventory_turnover_ratio": null,
            "account_receivable_turnover_ratio": 2.28,
            "reinvestment_rate": 20.52,
            "research_to_sale_ratio": 0,
            "price_fair": 45,
            "eps_avg_yearly": 1.29,
            "eps_latest_yearly": 0.12,
            "eps_growth_yearly": 468.79
        },
        "20123": {
            "year_quarter": 20123,
            "year": 2012,
            "quarter": 3,
            "eps": -0.03,
            "eps_growth_year": null,
            "eps_4q": -0.5,
            "eps_4q_growth_year": null,
            "roe": -0.39,
            "roe_4q": -6.35,
            "gross_profit": 10035,
            "gross_margin": 5.06,
            "gross_margin_4q_avg": 0.65,
            "net_income": -2929,
            "revenue": 198404,
            "common_shares": 850000,
            "book_valuer_per_share": 10.03,
            "book_valuer_per_share_4q_avg": 9.99,
            "equity": 852759,
            "current_ratio": 2564.77,
            "debt_ratio": 2.61,
            "inventory_turnover_ratio": null,
            "account_receivable_turnover_ratio": 2.65,
            "reinvestment_rate": 23.46,
            "research_to_sale_ratio": 0,
            "price_fair": 43.87,
            "eps_avg_yearly": 1.25,
            "eps_latest_yearly": 0.12,
            "eps_growth_yearly": 437.4
        },
        "20124": {
            "year_quarter": 20124,
            "year": 2012,
            "quarter": 4,
            "eps": 0.01,
            "eps_growth_year": null,
            "eps_4q": -0.27,
            "eps_4q_growth_year": null,
            "roe": 0.1,
            "roe_4q": -3.45,
            "gross_profit": 20375,
            "gross_margin": 4.34,
            "gross_margin_4q_avg": 3.7,
            "net_income": 866,
            "revenue": 469807,
            "common_shares": 850000,
            "book_valuer_per_share": 10.05,
            "book_valuer_per_share_4q_avg": 9.96,
            "equity": 854187,
            "current_ratio": 291.6,
            "debt_ratio": 13.55,
            "inventory_turnover_ratio": 6.04,
            "account_receivable_turnover_ratio": 5.19,
            "reinvestment_rate": 247.7,
            "research_to_sale_ratio": 0,
            "price_fair": 51.8,
            "eps_avg_yearly": 1.48,
            "eps_latest_yearly": 0.12,
            "eps_growth_yearly": 598.39
        },
        "20131": {
            "year_quarter": 20131,
            "year": 2013,
            "quarter": 1,
            "eps": -0.02,
            "eps_growth_year": null,
            "eps_4q": -0.09,
            "eps_4q_growth_year": null,
            "roe": -0.17,
            "roe_4q": -1.16,
            "gross_profit": 15820,
            "gross_margin": 4.47,
            "gross_margin_4q_avg": 4.43,
            "net_income": -1422,
            "revenue": 354035,
            "common_shares": 850000,
            "book_valuer_per_share": 10.03,
            "book_valuer_per_share_4q_avg": 9.99,
            "equity": 852755,
            "current_ratio": 292.18,
            "debt_ratio": 15.12,
            "inventory_turnover_ratio": 2.03,
            "account_receivable_turnover_ratio": 2.82,
            "reinvestment_rate": 294.43,
            "research_to_sale_ratio": 0,
            "price_fair": 58.8,
            "eps_avg_yearly": 1.68,
            "eps_latest_yearly": 0.12,
            "eps_growth_yearly": 281.32
        },
        "20132": {
            "year_quarter": 20132,
            "year": 2013,
            "quarter": 2,
            "eps": -0.42,
            "eps_growth_year": null,
            "eps_4q": -0.47,
            "eps_4q_growth_year": null,
            "roe": -4.32,
            "roe_4q": -4.78,
            "gross_profit": -16809,
            "gross_margin": -3.98,
            "gross_margin_4q_avg": 2.47,
            "net_income": -36072,
            "revenue": 422661,
            "common_shares": 850000,
            "book_valuer_per_share": 9.61,
            "book_valuer_per_share_4q_avg": 9.93,
            "equity": 816680,
            "current_ratio": 303.12,
            "debt_ratio": 13.85,
            "inventory_turnover_ratio": 2.65,
            "account_receivable_turnover_ratio": 3.42,
            "reinvestment_rate": 621.42,
            "research_to_sale_ratio": 0,
            "price_fair": 58.8,
            "eps_avg_yearly": 1.68,
            "eps_latest_yearly": 0.12,
            "eps_growth_yearly": 281.32
        },
        "20133": {
            "year_quarter": 20133,
            "year": 2013,
            "quarter": 3,
            "eps": -0.32,
            "eps_growth_year": null,
            "eps_4q": -0.75,
            "eps_4q_growth_year": null,
            "roe": -3.42,
            "roe_4q": -7.8100000000000005,
            "gross_profit": -1618,
            "gross_margin": -0.41,
            "gross_margin_4q_avg": 1.11,
            "net_income": -27468,
            "revenue": 390842,
            "common_shares": 850000,
            "book_valuer_per_share": 9.28,
            "book_valuer_per_share_4q_avg": 9.74,
            "equity": 789219,
            "current_ratio": 304.9,
            "debt_ratio": 17.33,
            "inventory_turnover_ratio": 2.38,
            "account_receivable_turnover_ratio": 3.7,
            "reinvestment_rate": null,
            "research_to_sale_ratio": 0,
            "price_fair": 58.8,
            "eps_avg_yearly": 1.68,
            "eps_latest_yearly": 0.12,
            "eps_growth_yearly": 281.32
        },
        "20134": {
            "year_quarter": 20134,
            "year": 2013,
            "quarter": 4,
            "eps": -0.77,
            "eps_growth_year": -7671.65,
            "eps_4q": -1.54,
            "eps_4q_growth_year": null,
            "roe": -8.67,
            "roe_4q": -16.580000000000002,
            "gross_profit": -17365,
            "gross_margin": -4.39,
            "gross_margin_4q_avg": -1.08,
            "net_income": -65569,
            "revenue": 395527,
            "common_shares": 850000,
            "book_valuer_per_share": 8.51,
            "book_valuer_per_share_4q_avg": 9.36,
            "equity": 723641,
            "current_ratio": 343.6,
            "debt_ratio": 14.79,
            "inventory_turnover_ratio": 2.39,
            "account_receivable_turnover_ratio": 3.76,
            "reinvestment_rate": null,
            "research_to_sale_ratio": 0,
            "price_fair": 2.52,
            "eps_avg_yearly": 0.84,
            "eps_latest_yearly": 0.12,
            "eps_growth_yearly": -228.41
        },
        "20141": {
            "year_quarter": 20141,
            "year": 2014,
            "quarter": 1,
            "eps": -0.2,
            "eps_growth_year": null,
            "eps_4q": -1.72,
            "eps_4q_growth_year": null,
            "roe": -2.37,
            "roe_4q": -18.78,
            "gross_profit": 233,
            "gross_margin": 0.07,
            "gross_margin_4q_avg": -2.18,
            "net_income": -16975,
            "revenue": 322054,
            "common_shares": 850000,
            "book_valuer_per_share": 8.31,
            "book_valuer_per_share_4q_avg": 8.93,
            "equity": 706666,
            "current_ratio": 301.08,
            "debt_ratio": 18.13,
            "inventory_turnover_ratio": 1.43,
            "account_receivable_turnover_ratio": 3.93,
            "reinvestment_rate": null,
            "research_to_sale_ratio": null,
            "price_fair": 1.86,
            "eps_avg_yearly": 0.62,
            "eps_latest_yearly": 0.12,
            "eps_growth_yearly": -203.57
        },
        "20142": {
            "year_quarter": 20142,
            "year": 2014,
            "quarter": 2,
            "eps": 0.05,
            "eps_growth_year": null,
            "eps_4q": -1.25,
            "eps_4q_growth_year": null,
            "roe": 0.59,
            "roe_4q": -13.87,
            "gross_profit": 21021,
            "gross_margin": 3.86,
            "gross_margin_4q_avg": -0.22,
            "net_income": 4153,
            "revenue": 544643,
            "common_shares": 850000,
            "book_valuer_per_share": 8.36,
            "book_valuer_per_share_4q_avg": 8.62,
            "equity": 710819,
            "current_ratio": 342.73,
            "debt_ratio": 15.97,
            "inventory_turnover_ratio": 2.15,
            "account_receivable_turnover_ratio": 5.75,
            "reinvestment_rate": null,
            "research_to_sale_ratio": null,
            "price_fair": 0.36,
            "eps_avg_yearly": 0.12,
            "eps_latest_yearly": 0.12,
            "eps_growth_yearly": -357.14
        },
        "20143": {
            "year_quarter": 20143,
            "year": 2014,
            "quarter": 3,
            "eps": 0.02,
            "eps_growth_year": null,
            "eps_4q": -0.9,
            "eps_4q_growth_year": null,
            "roe": 0.24,
            "roe_4q": -10.21,
            "gross_profit": 19695,
            "gross_margin": 4.04,
            "gross_margin_4q_avg": 0.9,
            "net_income": 1698,
            "revenue": 486975,
            "common_shares": 850000,
            "book_valuer_per_share": 8.38,
            "book_valuer_per_share_4q_avg": 8.39,
            "equity": 712517,
            "current_ratio": 254.4,
            "debt_ratio": 23.01,
            "inventory_turnover_ratio": 2.02,
            "account_receivable_turnover_ratio": 4.16,
            "reinvestment_rate": null,
            "research_to_sale_ratio": null,
            "price_fair": 0.24,
            "eps_avg_yearly": 0.08,
            "eps_latest_yearly": 0.08,
            "eps_growth_yearly": -240
        },
        "20144": {
            "year_quarter": 20144,
            "year": 2014,
            "quarter": 4,
            "eps": -0.3,
            "eps_growth_year": null,
            "eps_4q": -0.43,
            "eps_4q_growth_year": null,
            "roe": -3.6,
            "roe_4q": -5.140000000000001,
            "gross_profit": -5001,
            "gross_margin": -1.06,
            "gross_margin_4q_avg": 1.73,
            "net_income": -25194,
            "revenue": 472620,
            "common_shares": 850000,
            "book_valuer_per_share": 8.09,
            "book_valuer_per_share_4q_avg": 8.29,
            "equity": 687323,
            "current_ratio": 231.35,
            "debt_ratio": 24.97,
            "inventory_turnover_ratio": 2.41,
            "account_receivable_turnover_ratio": 4.54,
            "reinvestment_rate": null,
            "research_to_sale_ratio": null,
            "price_fair": 0.24,
            "eps_avg_yearly": 0.08,
            "eps_latest_yearly": 0.08,
            "eps_growth_yearly": -240
        },
        "20151": {
            "year_quarter": 20151,
            "year": 2015,
            "quarter": 1,
            "eps": -0.42,
            "eps_growth_year": null,
            "eps_4q": -0.65,
            "eps_4q_growth_year": null,
            "roe": -5.38,
            "roe_4q": -8.15,
            "gross_profit": -7779,
            "gross_margin": -2.18,
            "gross_margin_4q_avg": 1.17,
            "net_income": -35994,
            "revenue": 357531,
            "common_shares": 850000,
            "book_valuer_per_share": 7.66,
            "book_valuer_per_share_4q_avg": 8.12,
            "equity": 651329,
            "current_ratio": 220.23,
            "debt_ratio": 27.43,
            "inventory_turnover_ratio": 1.6,
            "account_receivable_turnover_ratio": 4.68,
            "reinvestment_rate": null,
            "research_to_sale_ratio": null,
            "price_fair": 0.24,
            "eps_avg_yearly": 0.08,
            "eps_latest_yearly": 0.08,
            "eps_growth_yearly": -240
        },
        "20152": {
            "year_quarter": 20152,
            "year": 2015,
            "quarter": 2,
            "eps": -0.47,
            "eps_growth_year": -1040,
            "eps_4q": -1.17,
            "eps_4q_growth_year": null,
            "roe": -6.33,
            "roe_4q": -15.07,
            "gross_profit": -35924,
            "gross_margin": -9.94,
            "gross_margin_4q_avg": -2.29,
            "net_income": -39951,
            "revenue": 361294,
            "common_shares": 850000,
            "book_valuer_per_share": 7.19,
            "book_valuer_per_share_4q_avg": 7.83,
            "equity": 611378,
            "current_ratio": 191.57,
            "debt_ratio": 31.42,
            "inventory_turnover_ratio": 1.15,
            "account_receivable_turnover_ratio": 9.82,
            "reinvestment_rate": null,
            "research_to_sale_ratio": null,
            "price_fair": 0.24,
            "eps_avg_yearly": 0.08,
            "eps_latest_yearly": 0.08,
            "eps_growth_yearly": -240
        },
        "20153": {
            "year_quarter": 20153,
            "year": 2015,
            "quarter": 3,
            "eps": -0.68,
            "eps_growth_year": -3500,
            "eps_4q": -1.87,
            "eps_4q_growth_year": null,
            "roe": -9.94,
            "roe_4q": -25.25,
            "gross_profit": -44434,
            "gross_margin": -12.24,
            "gross_margin_4q_avg": -6.36,
            "net_income": -57908,
            "revenue": 362930,
            "common_shares": 850000,
            "book_valuer_per_share": 6.51,
            "book_valuer_per_share_4q_avg": 7.36,
            "equity": 553470,
            "current_ratio": 175.32,
            "debt_ratio": 31.91,
            "inventory_turnover_ratio": 1.19,
            "account_receivable_turnover_ratio": 13.43,
            "reinvestment_rate": null,
            "research_to_sale_ratio": null,
            "price_fair": 0.24,
            "eps_avg_yearly": 0.08,
            "eps_latest_yearly": 0.08,
            "eps_growth_yearly": -240
        },
        "20154": {
            "year_quarter": 20154,
            "year": 2015,
            "quarter": 4,
            "eps": -0.67,
            "eps_growth_year": null,
            "eps_4q": -2.25,
            "eps_4q_growth_year": null,
            "roe": -10.92,
            "roe_4q": -32.57,
            "gross_profit": -22053,
            "gross_margin": -4.01,
            "gross_margin_4q_avg": -7.09,
            "net_income": -57308,
            "revenue": 549455,
            "common_shares": 850000,
            "book_valuer_per_share": 5.84,
            "book_valuer_per_share_4q_avg": 6.8,
            "equity": 496162,
            "current_ratio": 169.31,
            "debt_ratio": 31.76,
            "inventory_turnover_ratio": 2.58,
            "account_receivable_turnover_ratio": 6.77,
            "reinvestment_rate": null,
            "research_to_sale_ratio": null,
            "price_fair": 0.24,
            "eps_avg_yearly": 0.08,
            "eps_latest_yearly": 0.08,
            "eps_growth_yearly": -240
        },
        "20161": {
            "year_quarter": 20161,
            "year": 2016,
            "quarter": 1,
            "eps": -0.66,
            "eps_growth_year": null,
            "eps_4q": -2.48,
            "eps_4q_growth_year": null,
            "roe": -11.95,
            "roe_4q": -39.13999999999999,
            "gross_profit": -56899,
            "gross_margin": -22.04,
            "gross_margin_4q_avg": -12.06,
            "net_income": -55965,
            "revenue": 258184,
            "common_shares": 850000,
            "book_valuer_per_share": 5.18,
            "book_valuer_per_share_4q_avg": 6.18,
            "equity": 440197,
            "current_ratio": 150.75,
            "debt_ratio": 36.66,
            "inventory_turnover_ratio": 1.73,
            "account_receivable_turnover_ratio": 3.23,
            "reinvestment_rate": null,
            "research_to_sale_ratio": 0.38,
            "price_fair": 0.24,
            "eps_avg_yearly": 0.08,
            "eps_latest_yearly": 0.08,
            "eps_growth_yearly": -240
        },
        "20162": {
            "year_quarter": 20162,
            "year": 2016,
            "quarter": 2,
            "eps": -0.16,
            "eps_growth_year": null,
            "eps_4q": -2.17,
            "eps_4q_growth_year": null,
            "roe": -3.08,
            "roe_4q": -35.89,
            "gross_profit": 9364,
            "gross_margin": 2.11,
            "gross_margin_4q_avg": -9.05,
            "net_income": -13337,
            "revenue": 443145,
            "common_shares": 850000,
            "book_valuer_per_share": 5.02,
            "book_valuer_per_share_4q_avg": 5.64,
            "equity": 426860,
            "current_ratio": 191.85,
            "debt_ratio": 34.27,
            "inventory_turnover_ratio": 1.85,
            "account_receivable_turnover_ratio": 14.47,
            "reinvestment_rate": null,
            "research_to_sale_ratio": 0.13,
            "price_fair": 0.24,
            "eps_avg_yearly": 0.08,
            "eps_latest_yearly": 0.08,
            "eps_growth_yearly": -240
        },
        "20163": {
            "year_quarter": 20163,
            "year": 2016,
            "quarter": 3,
            "eps": -0.62,
            "eps_growth_year": null,
            "eps_4q": -3.17,
            "eps_4q_growth_year": null,
            "roe": -7.43,
            "roe_4q": -33.38,
            "gross_profit": -25931,
            "gross_margin": -5.02,
            "gross_margin_4q_avg": -7.24,
            "net_income": -30592,
            "revenue": 516716,
            "common_shares": 496162,
            "book_valuer_per_share": 7.99,
            "book_valuer_per_share_4q_avg": 6.01,
            "equity": 396268,
            "current_ratio": 129.26,
            "debt_ratio": 40.39,
            "inventory_turnover_ratio": 2.55,
            "account_receivable_turnover_ratio": 16.2,
            "reinvestment_rate": null,
            "research_to_sale_ratio": 0.12,
            "price_fair": 0.24,
            "eps_avg_yearly": 0.08,
            "eps_latest_yearly": 0.08,
            "eps_growth_yearly": -240
        },
        "20164": {
            "year_quarter": 20164,
            "year": 2016,
            "quarter": 4,
            "eps": -1.09,
            "eps_growth_year": null,
            "eps_4q": -3.11,
            "eps_4q_growth_year": null,
            "roe": -14.68,
            "roe_4q": -37.14,
            "gross_profit": -3159,
            "gross_margin": -0.44,
            "gross_margin_4q_avg": -6.35,
            "net_income": -54204,
            "revenue": 716599,
            "common_shares": 496162,
            "book_valuer_per_share": 6.89,
            "book_valuer_per_share_4q_avg": 6.27,
            "equity": 342064,
            "current_ratio": 198.5,
            "debt_ratio": 76.13,
            "inventory_turnover_ratio": 3.98,
            "account_receivable_turnover_ratio": 11.82,
            "reinvestment_rate": null,
            "research_to_sale_ratio": 0.18,
            "price_fair": 0.24,
            "eps_avg_yearly": 0.08,
            "eps_latest_yearly": 0.08,
            "eps_growth_yearly": -240
        },
        "20171": {
            "year_quarter": 20171,
            "year": 2017,
            "quarter": 1,
            "eps": 0.25,
            "eps_growth_year": null,
            "eps_4q": -1.73,
            "eps_4q_growth_year": null,
            "roe": 3.56,
            "roe_4q": -21.629999999999995,
            "gross_profit": 18241,
            "gross_margin": 4.63,
            "gross_margin_4q_avg": 0.32,
            "net_income": 12384,
            "revenue": 394202,
            "common_shares": 496162,
            "book_valuer_per_share": 7.14,
            "book_valuer_per_share_4q_avg": 6.76,
            "equity": 354409,
            "current_ratio": 180.37,
            "debt_ratio": 75.31,
            "inventory_turnover_ratio": 1.34,
            "account_receivable_turnover_ratio": 4.19,
            "reinvestment_rate": null,
            "research_to_sale_ratio": 0.11,
            "price_fair": 0.24,
            "eps_avg_yearly": 0.08,
            "eps_latest_yearly": 0.08,
            "eps_growth_yearly": -240
        },
        "20172": {
            "year_quarter": 20172,
            "year": 2017,
            "quarter": 2,
            "eps": 0.19,
            "eps_growth_year": null,
            "eps_4q": -1.27,
            "eps_4q_growth_year": null,
            "roe": 2.66,
            "roe_4q": -15.889999999999999,
            "gross_profit": 22726,
            "gross_margin": 4.43,
            "gross_margin_4q_avg": 0.9,
            "net_income": 9552,
            "revenue": 513068,
            "common_shares": 496162,
            "book_valuer_per_share": 7.34,
            "book_valuer_per_share_4q_avg": 7.34,
            "equity": 364073,
            "current_ratio": 220.24,
            "debt_ratio": 73.96,
            "inventory_turnover_ratio": 1.13,
            "account_receivable_turnover_ratio": 6.76,
            "reinvestment_rate": null,
            "research_to_sale_ratio": 0.1,
            "price_fair": 1.26,
            "eps_avg_yearly": 0.42,
            "eps_latest_yearly": 0.76,
            "eps_growth_yearly": -168
        },
        "20173": {
            "year_quarter": 20173,
            "year": 2017,
            "quarter": 3,
            "eps": 0.09,
            "eps_growth_year": null,
            "eps_4q": -0.56,
            "eps_4q_growth_year": null,
            "roe": 1.19,
            "roe_4q": -7.27,
            "gross_profit": 32407,
            "gross_margin": 5.25,
            "gross_margin_4q_avg": 3.47,
            "net_income": 4373,
            "revenue": 617452,
            "common_shares": 496162,
            "book_valuer_per_share": 7.43,
            "book_valuer_per_share_4q_avg": 7.2,
            "equity": 368588,
            "current_ratio": 128.12,
            "debt_ratio": 77.53,
            "inventory_turnover_ratio": 1.01,
            "account_receivable_turnover_ratio": 13.47,
            "reinvestment_rate": null,
            "research_to_sale_ratio": 0.5,
            "price_fair": 1.2,
            "eps_avg_yearly": 0.4,
            "eps_latest_yearly": 0.36,
            "eps_growth_yearly": -182.18
        },
        "20174": {
            "year_quarter": 20174,
            "year": 2017,
            "quarter": 4,
            "eps": 0.1,
            "eps_growth_year": null,
            "eps_4q": 0.43,
            "eps_4q_growth_year": null,
            "roe": 1.3,
            "roe_4q": 8.71,
            "gross_profit": 33717,
            "gross_margin": 3.53,
            "gross_margin_4q_avg": 4.46,
            "net_income": 8190,
            "revenue": 956115,
            "common_shares": 796162,
            "book_valuer_per_share": 11.19,
            "book_valuer_per_share_4q_avg": 8.28,
            "equity": 891261,
            "current_ratio": 286.72,
            "debt_ratio": 52.22,
            "inventory_turnover_ratio": 1.39,
            "account_receivable_turnover_ratio": 7.15,
            "reinvestment_rate": null,
            "research_to_sale_ratio": 0.18,
            "price_fair": 1.2,
            "eps_avg_yearly": 0.4,
            "eps_latest_yearly": 0.4,
            "eps_growth_yearly": -125.52
        },
        "20181": {
            "year_quarter": 20181,
            "year": 2018,
            "quarter": 1,
            "eps": 0.2,
            "eps_growth_year": -20,
            "eps_4q": 0.41,
            "eps_4q_growth_year": null,
            "roe": 1.63,
            "roe_4q": 6.779999999999999,
            "gross_profit": 22162,
            "gross_margin": 5.59,
            "gross_margin_4q_avg": 4.7,
            "net_income": 17098,
            "revenue": 396464,
            "common_shares": 946162,
            "book_valuer_per_share": 12.78,
            "book_valuer_per_share_4q_avg": 9.69,
            "equity": 1208891,
            "current_ratio": 347.06,
            "debt_ratio": 45.11,
            "inventory_turnover_ratio": 0.47,
            "account_receivable_turnover_ratio": 1.81,
            "reinvestment_rate": null,
            "research_to_sale_ratio": 0.27,
            "price_fair": 1.44,
            "eps_avg_yearly": 0.48,
            "eps_latest_yearly": 0.8,
            "eps_growth_yearly": -20.42
        },
        "20182": {
            "year_quarter": 20182,
            "year": 2018,
            "quarter": 2,
            "eps": 0.16,
            "eps_growth_year": -15.79,
            "eps_4q": 0.47,
            "eps_4q_growth_year": null,
            "roe": 1.25,
            "roe_4q": 5.369999999999999,
            "gross_profit": 54904,
            "gross_margin": 5.93,
            "gross_margin_4q_avg": 5.08,
            "net_income": 15197,
            "revenue": 925507,
            "common_shares": 946162,
            "book_valuer_per_share": 12.93,
            "book_valuer_per_share_4q_avg": 11.08,
            "equity": 1223717,
            "current_ratio": 297.33,
            "debt_ratio": 46.65,
            "inventory_turnover_ratio": 0.82,
            "account_receivable_turnover_ratio": 6.48,
            "reinvestment_rate": null,
            "research_to_sale_ratio": 0.09,
            "price_fair": 1.52,
            "eps_avg_yearly": 0.51,
            "eps_latest_yearly": 0.64,
            "eps_growth_yearly": -30.35
        },
        "20183": {
            "year_quarter": 20183,
            "year": 2018,
            "quarter": 3,
            "eps": 0.12,
            "eps_growth_year": 33.33,
            "eps_4q": 0.55,
            "eps_4q_growth_year": null,
            "roe": 0.94,
            "roe_4q": 5.12,
            "gross_profit": 46965,
            "gross_margin": 8.22,
            "gross_margin_4q_avg": 5.82,
            "net_income": 11514,
            "revenue": 571391,
            "common_shares": 946162,
            "book_valuer_per_share": 13.04,
            "book_valuer_per_share_4q_avg": 12.49,
            "equity": 1234242,
            "current_ratio": 237.23,
            "debt_ratio": 50.89,
            "inventory_turnover_ratio": 0.45,
            "account_receivable_turnover_ratio": 5.65,
            "reinvestment_rate": null,
            "research_to_sale_ratio": 0.88,
            "price_fair": 1.72,
            "eps_avg_yearly": 0.57,
            "eps_latest_yearly": 0.48,
            "eps_growth_yearly": -7.01
        },
        "20184": {
            "year_quarter": 20184,
            "year": 2018,
            "quarter": 4,
            "eps": 0.28,
            "eps_growth_year": 172.57,
            "eps_4q": 0.74,
            "eps_4q_growth_year": 71.59,
            "roe": 2.15,
            "roe_4q": 5.97,
            "gross_profit": 60352,
            "gross_margin": 7.09,
            "gross_margin_4q_avg": 6.71,
            "net_income": 26522,
            "revenue": 850747,
            "common_shares": 946162,
            "book_valuer_per_share": 13.07,
            "book_valuer_per_share_4q_avg": 12.96,
            "equity": 1235930,
            "current_ratio": 331.39,
            "debt_ratio": 51.99,
            "inventory_turnover_ratio": 0.75,
            "account_receivable_turnover_ratio": 2.62,
            "reinvestment_rate": null,
            "research_to_sale_ratio": 0.14,
            "price_fair": 22.8,
            "eps_avg_yearly": 0.65,
            "eps_latest_yearly": 1.12,
            "eps_growth_yearly": 70.18
        },
        "20191": {
            "year_quarter": 20191,
            "year": 2019,
            "quarter": 1,
            "eps": 0.01,
            "eps_growth_year": -95,
            "eps_4q": 0.58,
            "eps_4q_growth_year": 39.86,
            "roe": 0.04,
            "roe_4q": 4.38,
            "gross_profit": 31140,
            "gross_margin": 9.58,
            "gross_margin_4q_avg": 7.71,
            "net_income": 514,
            "revenue": 325148,
            "common_shares": 946162,
            "book_valuer_per_share": 13.25,
            "book_valuer_per_share_4q_avg": 13.07,
            "equity": 1228870,
            "current_ratio": 219.45,
            "debt_ratio": 54.45,
            "inventory_turnover_ratio": 0.3,
            "account_receivable_turnover_ratio": 0.67,
            "reinvestment_rate": null,
            "research_to_sale_ratio": 0.7,
            "price_fair": 13.34,
            "eps_avg_yearly": 0.58,
            "eps_latest_yearly": 0.04,
            "eps_growth_yearly": 13.19
        },
        "20192": {
            "year_quarter": 20192,
            "year": 2019,
            "quarter": 2,
            "eps": -0.17,
            "eps_growth_year": -206.25,
            "eps_4q": 0.25,
            "eps_4q_growth_year": -48.1,
            "roe": -1.29,
            "roe_4q": 1.8399999999999999,
            "gross_profit": 21963,
            "gross_margin": 6.1,
            "gross_margin_4q_avg": 7.75,
            "net_income": -15755,
            "revenue": 360171,
            "common_shares": 946162,
            "book_valuer_per_share": 13.09,
            "book_valuer_per_share_4q_avg": 13.11,
            "equity": 1212582,
            "current_ratio": 200.23,
            "debt_ratio": 56.84,
            "inventory_turnover_ratio": 0.28,
            "account_receivable_turnover_ratio": 0.92,
            "reinvestment_rate": null,
            "research_to_sale_ratio": 0.93,
            "price_fair": 13.34,
            "eps_avg_yearly": 0.58,
            "eps_latest_yearly": 0.04,
            "eps_growth_yearly": 13.19
        },
        "20193": {
            "year_quarter": 20193,
            "year": 2019,
            "quarter": 3,
            "eps": 0.19,
            "eps_growth_year": 58.33,
            "eps_4q": 0.31,
            "eps_4q_growth_year": -44.15,
            "roe": 1.41,
            "roe_4q": 2.3099999999999996,
            "gross_profit": 65453,
            "gross_margin": 12.23,
            "gross_margin_4q_avg": 8.75,
            "net_income": 17182,
            "revenue": 535295,
            "common_shares": 946162,
            "book_valuer_per_share": 13.24,
            "book_valuer_per_share_4q_avg": 13.16,
            "equity": 1227834,
            "current_ratio": 200.26,
            "debt_ratio": 56.94,
            "inventory_turnover_ratio": 0.37,
            "account_receivable_turnover_ratio": 1.35,
            "reinvestment_rate": null,
            "research_to_sale_ratio": 1.64,
            "price_fair": 13.34,
            "eps_avg_yearly": 0.58,
            "eps_latest_yearly": 0.04,
            "eps_growth_yearly": 13.19
        },
        "20194": {
            "year_quarter": 20194,
            "year": 2019,
            "quarter": 4,
            "eps": -0.01,
            "eps_growth_year": -102.89,
            "eps_4q": 0.01,
            "eps_4q_growth_year": -98.33,
            "roe": -0.06,
            "roe_4q": 0.09999999999999984,
            "gross_profit": 17400,
            "gross_margin": 2.08,
            "gross_margin_4q_avg": 7.5,
            "net_income": -767,
            "revenue": 837248,
            "common_shares": 946162,
            "book_valuer_per_share": 12.93,
            "book_valuer_per_share_4q_avg": 13.13,
            "equity": 1222551,
            "current_ratio": 232.97,
            "debt_ratio": 58.44,
            "inventory_turnover_ratio": 0.74,
            "account_receivable_turnover_ratio": 1.58,
            "reinvestment_rate": null,
            "research_to_sale_ratio": -0.86,
            "price_fair": 13.34,
            "eps_avg_yearly": 0.58,
            "eps_latest_yearly": 0.04,
            "eps_growth_yearly": 13.19
        },
        "20201": {
            "year_quarter": 20201,
            "year": 2020,
            "quarter": 1,
            "eps": 0.04,
            "eps_growth_year": 300,
            "eps_4q": 0.04,
            "eps_4q_growth_year": -92.56,
            "roe": 0.27,
            "roe_4q": 0.32999999999999985,
            "gross_profit": 37446,
            "gross_margin": 12.76,
            "gross_margin_4q_avg": 8.29,
            "net_income": 3337,
            "revenue": 293425,
            "common_shares": 946162,
            "book_valuer_per_share": 13.22,
            "book_valuer_per_share_4q_avg": 13.12,
            "equity": 1225481,
            "current_ratio": 204.78,
            "debt_ratio": 59.76,
            "inventory_turnover_ratio": 0.24,
            "account_receivable_turnover_ratio": 0.52,
            "reinvestment_rate": 6139.69,
            "research_to_sale_ratio": 0.74,
            "price_fair": 13.34,
            "eps_avg_yearly": 0.58,
            "eps_latest_yearly": 0.04,
            "eps_growth_yearly": 13.19
        },
        "20202": {
            "year_quarter": 20202,
            "year": 2020,
            "quarter": 2,
            "eps": 0.03,
            "eps_growth_year": null,
            "eps_4q": 0.24,
            "eps_4q_growth_year": -3.17,
            "roe": 0.19,
            "roe_4q": 1.81,
            "gross_profit": 40598,
            "gross_margin": 9.92,
            "gross_margin_4q_avg": 9.25,
            "net_income": 2342,
            "revenue": 409060,
            "common_shares": 946162,
            "book_valuer_per_share": 13.23,
            "book_valuer_per_share_4q_avg": 13.16,
            "equity": 1227087,
            "current_ratio": 193.66,
            "debt_ratio": 61.45,
            "inventory_turnover_ratio": 0.3,
            "account_receivable_turnover_ratio": 0.79,
            "reinvestment_rate": 2643.98,
            "research_to_sale_ratio": -0.12,
            "price_fair": 5.24,
            "eps_avg_yearly": 0.52,
            "eps_latest_yearly": 0.12,
            "eps_growth_yearly": 0.62
        },
        "20203": {
            "year_quarter": 20203,
            "year": 2020,
            "quarter": 3,
            "eps": 0.02,
            "eps_growth_year": -89.47,
            "eps_4q": 0.08,
            "eps_4q_growth_year": -75.54,
            "roe": 0.17,
            "roe_4q": 0.5700000000000001,
            "gross_profit": 57153,
            "gross_margin": 12.4,
            "gross_margin_4q_avg": 9.29,
            "net_income": 2051,
            "revenue": 460866,
            "common_shares": 946162,
            "book_valuer_per_share": 13.27,
            "book_valuer_per_share_4q_avg": 13.16,
            "equity": 1230076,
            "current_ratio": 186.59,
            "debt_ratio": 61.54,
            "inventory_turnover_ratio": 0.32,
            "account_receivable_turnover_ratio": 0.87,
            "reinvestment_rate": 1200.87,
            "research_to_sale_ratio": 0.24,
            "price_fair": 1.44,
            "eps_avg_yearly": 0.48,
            "eps_latest_yearly": 0.08,
            "eps_growth_yearly": -12.78
        },
        "20204": {
            "year_quarter": 20204,
            "year": 2020,
            "quarter": 4,
            "eps": 0.03,
            "eps_growth_year": null,
            "eps_4q": 0.11,
            "eps_4q_growth_year": 806.16,
            "roe": 0.22,
            "roe_4q": 0.8500000000000001,
            "gross_profit": 52129,
            "gross_margin": 6.88,
            "gross_margin_4q_avg": 10.49,
            "net_income": 2699,
            "revenue": 757507,
            "common_shares": 946162,
            "book_valuer_per_share": 13.1,
            "book_valuer_per_share_4q_avg": 13.21,
            "equity": 1214920,
            "current_ratio": 180.71,
            "debt_ratio": 61.38,
            "inventory_turnover_ratio": 0.64,
            "account_receivable_turnover_ratio": 1.33,
            "reinvestment_rate": 152.12,
            "research_to_sale_ratio": 0.75,
            "price_fair": 7.41,
            "eps_avg_yearly": 0.45,
            "eps_latest_yearly": 0.12,
            "eps_growth_yearly": 6.56
        },
        "20211": {
            "year_quarter": 20211,
            "year": 2021,
            "quarter": 1,
            "eps": -0.03,
            "eps_growth_year": -175,
            "eps_4q": 0.04,
            "eps_4q_growth_year": -1.6,
            "roe": -0.26,
            "roe_4q": 0.32,
            "gross_profit": 15646,
            "gross_margin": 4.12,
            "gross_margin_4q_avg": 8.33,
            "net_income": -3159,
            "revenue": 379984,
            "common_shares": 946162,
            "book_valuer_per_share": 12.99,
            "book_valuer_per_share_4q_avg": 13.15,
            "equity": 1204924,
            "current_ratio": 246.64,
            "debt_ratio": 61.59,
            "inventory_turnover_ratio": 0.34,
            "account_receivable_turnover_ratio": 0.79,
            "reinvestment_rate": 93.8,
            "research_to_sale_ratio": 0.52,
            "price_fair": 7.41,
            "eps_avg_yearly": 0.45,
            "eps_latest_yearly": 0.12,
            "eps_growth_yearly": 6.56
        },
        "20212": {
            "year_quarter": 20212,
            "year": 2021,
            "quarter": 2,
            "eps": 0.41,
            "eps_growth_year": 1266.67,
            "eps_4q": 0.37,
            "eps_4q_growth_year": 53.95,
            "roe": 3.04,
            "roe_4q": 3.1700000000000004,
            "gross_profit": 102953,
            "gross_margin": 17.77,
            "gross_margin_4q_avg": 10.29,
            "net_income": 43429,
            "revenue": 579273,
            "common_shares": 1246162,
            "book_valuer_per_share": 13.47,
            "book_valuer_per_share_4q_avg": 13.21,
            "equity": 1653123,
            "current_ratio": 300.56,
            "debt_ratio": 54.71,
            "inventory_turnover_ratio": 0.34,
            "account_receivable_turnover_ratio": 1.4,
            "reinvestment_rate": 68.69,
            "research_to_sale_ratio": 1.16,
            "price_fair": 11.16,
            "eps_avg_yearly": 0.42,
            "eps_latest_yearly": 0.12,
            "eps_growth_yearly": 16.82
        },
        "20213": {
            "year_quarter": 20213,
            "year": 2021,
            "quarter": 3,
            "eps": 0.35,
            "eps_growth_year": 1650,
            "eps_4q": 0.69,
            "eps_4q_growth_year": 819.23,
            "roe": 2.55,
            "roe_4q": 5.55,
            "gross_profit": 110959,
            "gross_margin": 15.51,
            "gross_margin_4q_avg": 11.07,
            "net_income": 43052,
            "revenue": 715607,
            "common_shares": 1246162,
            "book_valuer_per_share": 13.82,
            "book_valuer_per_share_4q_avg": 13.35,
            "equity": 1722536,
            "current_ratio": 283.56,
            "debt_ratio": 54.67,
            "inventory_turnover_ratio": 0.37,
            "account_receivable_turnover_ratio": 1.51,
            "reinvestment_rate": 53.29,
            "research_to_sale_ratio": 0.51,
            "price_fair": 18.2,
            "eps_avg_yearly": 0.52,
            "eps_latest_yearly": 1.4,
            "eps_growth_yearly": 32.02
        },
        "20214": {
            "year_quarter": 20214,
            "year": 2021,
            "quarter": 4,
            "eps": 0.49,
            "eps_growth_year": 1576.94,
            "eps_4q": 1.16,
            "eps_4q_growth_year": 928.47,
            "roe": 3.47,
            "roe_4q": 8.799999999999999,
            "gross_profit": 120054,
            "gross_margin": 14.16,
            "gross_margin_4q_avg": 12.89,
            "net_income": 60828,
            "revenue": 848036,
            "common_shares": 1246162,
            "book_valuer_per_share": 14.31,
            "book_valuer_per_share_4q_avg": 13.65,
            "equity": 1783037,
            "current_ratio": 213.72,
            "debt_ratio": 55.42,
            "inventory_turnover_ratio": 0.42,
            "account_receivable_turnover_ratio": 1.49,
            "reinvestment_rate": 41.68,
            "research_to_sale_ratio": 0.17,
            "price_fair": 23.66,
            "eps_avg_yearly": 0.68,
            "eps_latest_yearly": 1.96,
            "eps_growth_yearly": 43.57
        },
        "20221": {
            "year_quarter": 20221,
            "year": 2022,
            "quarter": 1,
            "eps": 0.27,
            "eps_growth_year": null,
            "eps_4q": 1.45,
            "eps_4q_growth_year": 3326.76,
            "roe": 1.9,
            "roe_4q": 10.96,
            "gross_profit": 80907,
            "gross_margin": 16.37,
            "gross_margin_4q_avg": 15.95,
            "net_income": 33820,
            "revenue": 494343,
            "common_shares": 1246162,
            "book_valuer_per_share": 14.29,
            "book_valuer_per_share_4q_avg": 13.97,
            "equity": 1780535,
            "current_ratio": 224.14,
            "debt_ratio": 55.47,
            "inventory_turnover_ratio": 0.23,
            "account_receivable_turnover_ratio": 0.89,
            "reinvestment_rate": 102.73,
            "research_to_sale_ratio": 1.23,
            "price_fair": 2.11,
            "eps_avg_yearly": 0.7,
            "eps_latest_yearly": 1.08,
            "eps_growth_yearly": -14.38
        },
        "20222": {
            "year_quarter": 20222,
            "year": 2022,
            "quarter": 2,
            "eps": 0.17,
            "eps_growth_year": -58.54,
            "eps_4q": 1.28,
            "eps_4q_growth_year": 248.8,
            "roe": 1.21,
            "roe_4q": 9.129999999999999,
            "gross_profit": 81536,
            "gross_margin": 14.17,
            "gross_margin_4q_avg": 15.05,
            "net_income": 21752,
            "revenue": 575397,
            "common_shares": 1246162,
            "book_valuer_per_share": 14.46,
            "book_valuer_per_share_4q_avg": 14.22,
            "equity": 1801809,
            "current_ratio": 210.87,
            "debt_ratio": 57.07,
            "inventory_turnover_ratio": 0.26,
            "account_receivable_turnover_ratio": 1.19,
            "reinvestment_rate": 101.34,
            "research_to_sale_ratio": 0.11,
            "price_fair": 2.12,
            "eps_avg_yearly": 0.71,
            "eps_latest_yearly": 0.68,
            "eps_growth_yearly": -21.2
        },
        "20223": {
            "year_quarter": 20223,
            "year": 2022,
            "quarter": 3,
            "eps": -0.22,
            "eps_growth_year": -162.86,
            "eps_4q": 0.71,
            "eps_4q_growth_year": 2.59,
            "roe": -1.54,
            "roe_4q": 5.04,
            "gross_profit": 15427,
            "gross_margin": 4.93,
            "gross_margin_4q_avg": 12.41,
            "net_income": -27875,
            "revenue": 312872,
            "common_shares": 1246162,
            "book_valuer_per_share": 14.49,
            "book_valuer_per_share_4q_avg": 14.39,
            "equity": 1809797,
            "current_ratio": 242.87,
            "debt_ratio": 57.91,
            "inventory_turnover_ratio": 0.15,
            "account_receivable_turnover_ratio": 0.79,
            "reinvestment_rate": 124.74,
            "research_to_sale_ratio": 0.18,
            "price_fair": 2.2,
            "eps_avg_yearly": 0.73,
            "eps_latest_yearly": 0.68,
            "eps_growth_yearly": -12.44
        },
        "20224": {
            "year_quarter": 20224,
            "year": 2022,
            "quarter": 4,
            "eps": -0.19,
            "eps_growth_year": -139.16,
            "eps_4q": 0.01,
            "eps_4q_growth_year": -99,
            "roe": -1.64,
            "roe_4q": -0.06999999999999984,
            "gross_profit": 24145,
            "gross_margin": 3.31,
            "gross_margin_4q_avg": 9.7,
            "net_income": -31232,
            "revenue": 730242,
            "common_shares": 1366162,
            "book_valuer_per_share": 14.16,
            "book_valuer_per_share_4q_avg": 14.35,
            "equity": 2001832,
            "current_ratio": 326.95,
            "debt_ratio": 49.54,
            "inventory_turnover_ratio": 0.39,
            "account_receivable_turnover_ratio": 1.55,
            "reinvestment_rate": 120.2,
            "research_to_sale_ratio": 0.09,
            "price_fair": 2.06,
            "eps_avg_yearly": 0.69,
            "eps_latest_yearly": 0.68,
            "eps_growth_yearly": -80.67
        },
        "20231": {
            "year_quarter": 20231,
            "year": 2023,
            "quarter": 1,
            "eps": -0.73,
            "eps_growth_year": -370.37,
            "eps_4q": -0.96,
            "eps_4q_growth_year": -166.15,
            "roe": -5.23,
            "roe_4q": -7.2,
            "gross_profit": -13517,
            "gross_margin": -5.09,
            "gross_margin_4q_avg": 4.33,
            "net_income": -102102,
            "revenue": 265404,
            "common_shares": 1366228,
            "book_valuer_per_share": 13.44,
            "book_valuer_per_share_4q_avg": 14.14,
            "equity": 1900061,
            "current_ratio": 322.41,
            "debt_ratio": 52.42,
            "inventory_turnover_ratio": 0.16,
            "account_receivable_turnover_ratio": 0.47,
            "reinvestment_rate": 312.97,
            "research_to_sale_ratio": 0.22,
            "price_fair": 2.33,
            "eps_avg_yearly": 0.78,
            "eps_latest_yearly": 0.68,
            "eps_growth_yearly": -37.09
        },
        "20232": {
            "year_quarter": 20232,
            "year": 2023,
            "quarter": 2,
            "eps": -0.78,
            "eps_growth_year": -558.82,
            "eps_4q": -1.9,
            "eps_4q_growth_year": -248.63,
            "roe": -5.71,
            "roe_4q": -14.120000000000001,
            "gross_profit": -19282,
            "gross_margin": -5.33,
            "gross_margin_4q_avg": -0.55,
            "net_income": -105315,
            "revenue": 361698,
            "common_shares": 1366228,
            "book_valuer_per_share": 12.65,
            "book_valuer_per_share_4q_avg": 13.69,
            "equity": 1791840,
            "current_ratio": 312.27,
            "debt_ratio": 53.1,
            "inventory_turnover_ratio": 0.22,
            "account_receivable_turnover_ratio": 0.67,
            "reinvestment_rate": null,
            "research_to_sale_ratio": 0.17,
            "price_fair": 2.33,
            "eps_avg_yearly": 0.78,
            "eps_latest_yearly": 0.68,
            "eps_growth_yearly": -37.09
        }
    },
    "months": {
        "2001-06": {
            "month": "2001-06",
            "price": "3.92",
            "revenue": 155790
        },
        "2001-07": {
            "month": "2001-07",
            "price": "3.17",
            "revenue": 81553
        },
        "2001-08": {
            "month": "2001-08",
            "price": "2.48",
            "revenue": 178617
        },
        "2001-09": {
            "month": "2001-09",
            "price": "2.03",
            "revenue": 116141
        },
        "2001-10": {
            "month": "2001-10",
            "price": "1.65",
            "revenue": 110689
        },
        "2001-11": {
            "month": "2001-11",
            "price": "1.13",
            "revenue": 111693
        },
        "2001-12": {
            "month": "2001-12",
            "price": "0.82",
            "revenue": 264195
        },
        "2002-01": {
            "month": "2002-01",
            "price": "2.19",
            "revenue": 227850
        },
        "2002-02": {
            "month": "2002-02",
            "price": "3.18",
            "revenue": 158290
        },
        "2002-03": {
            "month": "2002-03",
            "price": "3.04",
            "revenue": 242824
        },
        "2002-04": {
            "month": "2002-04",
            "price": "3.14",
            "revenue": 192424
        },
        "2002-05": {
            "month": "2002-05",
            "price": "1.98",
            "revenue": 327237
        },
        "2002-06": {
            "month": "2002-06",
            "price": "1.87",
            "revenue": 175318
        },
        "2002-07": {
            "month": "2002-07",
            "price": "1.32",
            "revenue": 263663
        },
        "2002-08": {
            "month": "2002-08",
            "price": "1.20",
            "revenue": 293054
        },
        "2002-09": {
            "month": "2002-09",
            "price": "1.18",
            "revenue": 298183
        },
        "2002-10": {
            "month": "2002-10",
            "price": "1.10",
            "revenue": 273109
        },
        "2002-11": {
            "month": "2002-11",
            "price": "1.68",
            "revenue": 250899
        },
        "2002-12": {
            "month": "2002-12",
            "price": "1.61",
            "revenue": 252749
        },
        "2003-01": {
            "month": "2003-01",
            "price": "1.64",
            "revenue": 252156
        },
        "2003-02": {
            "month": "2003-02",
            "price": "2.10",
            "revenue": 152862
        },
        "2003-03": {
            "month": "2003-03",
            "price": "1.88",
            "revenue": 210837
        },
        "2003-04": {
            "month": "2003-04",
            "price": "11.38",
            "revenue": 196337
        },
        "2003-05": {
            "month": "2003-05",
            "price": "10.15",
            "revenue": 160009
        },
        "2003-06": {
            "month": "2003-06",
            "price": "12.52",
            "revenue": 190646
        },
        "2003-07": {
            "month": "2003-07",
            "price": "12.15",
            "revenue": 246138
        },
        "2003-08": {
            "month": "2003-08",
            "price": "12.13",
            "revenue": 256412
        },
        "2003-09": {
            "month": "2003-09",
            "price": "12.76",
            "revenue": 290990
        },
        "2003-10": {
            "month": "2003-10",
            "price": "14.02",
            "revenue": 280720
        },
        "2003-11": {
            "month": "2003-11",
            "price": "14.18",
            "revenue": 227413
        },
        "2003-12": {
            "month": "2003-12",
            "price": "14.15",
            "revenue": 447532
        },
        "2004-01": {
            "month": "2004-01",
            "price": "14.85",
            "revenue": 154533
        },
        "2004-02": {
            "month": "2004-02",
            "price": "23.51",
            "revenue": 150586
        },
        "2004-03": {
            "month": "2004-03",
            "price": "26.47",
            "revenue": 155579
        },
        "2004-04": {
            "month": "2004-04",
            "price": "23.89",
            "revenue": 160684
        },
        "2004-05": {
            "month": "2004-05",
            "price": "19.39",
            "revenue": 149054
        },
        "2004-06": {
            "month": "2004-06",
            "price": "18.30",
            "revenue": 159710
        },
        "2004-07": {
            "month": "2004-07",
            "price": "17.22",
            "revenue": 163829
        },
        "2004-08": {
            "month": "2004-08",
            "price": "14.73",
            "revenue": 183124
        },
        "2004-09": {
            "month": "2004-09",
            "price": "12.87",
            "revenue": 166619
        },
        "2004-10": {
            "month": "2004-10",
            "price": "12.41",
            "revenue": 201562
        },
        "2004-11": {
            "month": "2004-11",
            "price": "12.09",
            "revenue": 200283
        },
        "2004-12": {
            "month": "2004-12",
            "price": "10.86",
            "revenue": 212468
        },
        "2005-01": {
            "month": "2005-01",
            "price": "9.90",
            "revenue": 156977
        },
        "2005-02": {
            "month": "2005-02",
            "price": "10.71",
            "revenue": 145506
        },
        "2005-03": {
            "month": "2005-03",
            "price": "11.53",
            "revenue": 147111
        },
        "2005-04": {
            "month": "2005-04",
            "price": "10.37",
            "revenue": 154946
        },
        "2005-05": {
            "month": "2005-05",
            "price": "9.61",
            "revenue": 154122
        },
        "2005-06": {
            "month": "2005-06",
            "price": "10.12",
            "revenue": 143802
        },
        "2005-07": {
            "month": "2005-07",
            "price": "10.25",
            "revenue": 131743
        },
        "2005-08": {
            "month": "2005-08",
            "price": "9.67",
            "revenue": 157655
        },
        "2005-09": {
            "month": "2005-09",
            "price": "8.62",
            "revenue": 193379
        },
        "2005-10": {
            "month": "2005-10",
            "price": "6.83",
            "revenue": 215265
        },
        "2005-11": {
            "month": "2005-11",
            "price": "6.71",
            "revenue": 224029
        },
        "2005-12": {
            "month": "2005-12",
            "price": "6.74",
            "revenue": 215816
        },
        "2006-01": {
            "month": "2006-01",
            "price": "8.94",
            "revenue": 150976
        },
        "2006-02": {
            "month": "2006-02",
            "price": "9.05",
            "revenue": 154869
        },
        "2006-03": {
            "month": "2006-03",
            "price": "7.78",
            "revenue": 155047
        },
        "2006-04": {
            "month": "2006-04",
            "price": "8.15",
            "revenue": 145768
        },
        "2006-05": {
            "month": "2006-05",
            "price": "8.06",
            "revenue": 150121
        },
        "2006-06": {
            "month": "2006-06",
            "price": "7.71",
            "revenue": 139744
        },
        "2006-07": {
            "month": "2006-07",
            "price": "7.35",
            "revenue": 162320
        },
        "2006-08": {
            "month": "2006-08",
            "price": "7.49",
            "revenue": 165186
        },
        "2006-09": {
            "month": "2006-09",
            "price": "6.82",
            "revenue": 175694
        },
        "2006-10": {
            "month": "2006-10",
            "price": "7.14",
            "revenue": 186002
        },
        "2006-11": {
            "month": "2006-11",
            "price": "7.64",
            "revenue": 184937
        },
        "2006-12": {
            "month": "2006-12",
            "price": "9.75",
            "revenue": 175299
        },
        "2007-01": {
            "month": "2007-01",
            "price": "11.85",
            "revenue": 146177
        },
        "2007-02": {
            "month": "2007-02",
            "price": "11.63",
            "revenue": 144902
        },
        "2007-03": {
            "month": "2007-03",
            "price": "11.70",
            "revenue": 139517
        },
        "2007-04": {
            "month": "2007-04",
            "price": "12.84",
            "revenue": 156039
        },
        "2007-05": {
            "month": "2007-05",
            "price": "12.67",
            "revenue": 155999
        },
        "2007-06": {
            "month": "2007-06",
            "price": "13.06",
            "revenue": 149641
        },
        "2007-07": {
            "month": "2007-07",
            "price": "14.61",
            "revenue": 155290
        },
        "2007-08": {
            "month": "2007-08",
            "price": "12.41",
            "revenue": 160637
        },
        "2007-09": {
            "month": "2007-09",
            "price": "10.99",
            "revenue": 170420
        },
        "2007-10": {
            "month": "2007-10",
            "price": "9.36",
            "revenue": 173482
        },
        "2007-11": {
            "month": "2007-11",
            "price": "8.31",
            "revenue": 173629
        },
        "2007-12": {
            "month": "2007-12",
            "price": "7.30",
            "revenue": 170965
        },
        "2008-01": {
            "month": "2008-01",
            "price": "6.91",
            "revenue": 150655
        },
        "2008-02": {
            "month": "2008-02",
            "price": "7.03",
            "revenue": 133979
        },
        "2008-03": {
            "month": "2008-03",
            "price": "7.94",
            "revenue": 141813
        },
        "2008-04": {
            "month": "2008-04",
            "price": "8.06",
            "revenue": 155928
        },
        "2008-05": {
            "month": "2008-05",
            "price": "7.46",
            "revenue": 151595
        },
        "2008-06": {
            "month": "2008-06",
            "price": "6.11",
            "revenue": 155067
        },
        "2008-07": {
            "month": "2008-07",
            "price": "4.76",
            "revenue": 162673
        },
        "2008-08": {
            "month": "2008-08",
            "price": "5.27",
            "revenue": 157214
        },
        "2008-09": {
            "month": "2008-09",
            "price": "4.57",
            "revenue": 158481
        },
        "2008-10": {
            "month": "2008-10",
            "price": "3.83",
            "revenue": 160283
        },
        "2008-11": {
            "month": "2008-11",
            "price": "3.35",
            "revenue": 131517
        },
        "2008-12": {
            "month": "2008-12",
            "price": "3.02",
            "revenue": 110071
        },
        "2009-01": {
            "month": "2009-01",
            "price": "2.97",
            "revenue": 90030
        },
        "2009-02": {
            "month": "2009-02",
            "price": "2.95",
            "revenue": 96374
        },
        "2009-03": {
            "month": "2009-03",
            "price": "4.56",
            "revenue": 89944
        },
        "2009-04": {
            "month": "2009-04",
            "price": "5.36",
            "revenue": 90612
        },
        "2009-05": {
            "month": "2009-05",
            "price": "5.33",
            "revenue": 92694
        },
        "2009-06": {
            "month": "2009-06",
            "price": "7.77",
            "revenue": 93497
        },
        "2009-07": {
            "month": "2009-07",
            "price": "7.65",
            "revenue": 100815
        },
        "2009-08": {
            "month": "2009-08",
            "price": "8.56",
            "revenue": 98230
        },
        "2009-09": {
            "month": "2009-09",
            "price": "20.55",
            "revenue": 101281
        },
        "2009-10": {
            "month": "2009-10",
            "price": "21.02",
            "revenue": 160447
        },
        "2009-11": {
            "month": "2009-11",
            "price": "18.04",
            "revenue": 101791
        },
        "2009-12": {
            "month": "2009-12",
            "price": "17.94",
            "revenue": 99600
        },
        "2010-01": {
            "month": "2010-01",
            "price": "17.37",
            "revenue": 109194
        },
        "2010-02": {
            "month": "2010-02",
            "price": "14.61",
            "revenue": 50291
        },
        "2010-03": {
            "month": "2010-03",
            "price": "15.06",
            "revenue": 51071
        },
        "2010-04": {
            "month": "2010-04",
            "price": "15.75",
            "revenue": 54402
        },
        "2010-05": {
            "month": "2010-05",
            "price": "17.37",
            "revenue": 65443
        },
        "2010-06": {
            "month": "2010-06",
            "price": "17.32",
            "revenue": 58853
        },
        "2010-07": {
            "month": "2010-07",
            "price": "16.50",
            "revenue": 77927
        },
        "2010-08": {
            "month": "2010-08",
            "price": "16.12",
            "revenue": 88078
        },
        "2010-09": {
            "month": "2010-09",
            "price": "15.07",
            "revenue": 131773
        },
        "2010-10": {
            "month": "2010-10",
            "price": "14.27",
            "revenue": 90807
        },
        "2010-11": {
            "month": "2010-11",
            "price": "11.12",
            "revenue": 52031
        },
        "2010-12": {
            "month": "2010-12",
            "price": "11.74",
            "revenue": 52264
        },
        "2011-01": {
            "month": "2011-01",
            "price": "11.50",
            "revenue": 107126
        },
        "2011-02": {
            "month": "2011-02",
            "price": "12.53",
            "revenue": 43653
        },
        "2011-03": {
            "month": "2011-03",
            "price": "13.33",
            "revenue": 80147
        },
        "2011-04": {
            "month": "2011-04",
            "price": "13.41",
            "revenue": 33989
        },
        "2011-05": {
            "month": "2011-05",
            "price": "13.04",
            "revenue": 17334
        },
        "2011-06": {
            "month": "2011-06",
            "price": "12.25",
            "revenue": 40838
        },
        "2011-07": {
            "month": "2011-07",
            "price": "11.33",
            "revenue": 20660
        },
        "2011-08": {
            "month": "2011-08",
            "price": "10.61",
            "revenue": 25049
        },
        "2011-09": {
            "month": "2011-09",
            "price": "7.90",
            "revenue": 48861
        },
        "2011-10": {
            "month": "2011-10",
            "price": "7.26",
            "revenue": 61575
        },
        "2011-11": {
            "month": "2011-11",
            "price": "6.34",
            "revenue": 22494
        },
        "2011-12": {
            "month": "2011-12",
            "price": "7.56",
            "revenue": 53079
        },
        "2012-01": {
            "month": "2012-01",
            "price": "8.45",
            "revenue": 16624
        },
        "2012-02": {
            "month": "2012-02",
            "price": "10.07",
            "revenue": 14896
        },
        "2012-03": {
            "month": "2012-03",
            "price": "9.10",
            "revenue": 12107
        },
        "2012-04": {
            "month": "2012-04",
            "price": "11.79",
            "revenue": 27496
        },
        "2012-05": {
            "month": "2012-05",
            "price": "12.60",
            "revenue": 48500
        },
        "2012-06": {
            "month": "2012-06",
            "price": "13.03",
            "revenue": 74149
        },
        "2012-07": {
            "month": "2012-07",
            "price": "12.96",
            "revenue": 60916
        },
        "2012-08": {
            "month": "2012-08",
            "price": "13.43",
            "revenue": 55375
        },
        "2012-09": {
            "month": "2012-09",
            "price": "13.72",
            "revenue": 82113
        },
        "2012-10": {
            "month": "2012-10",
            "price": "13.05",
            "revenue": 156313
        },
        "2012-11": {
            "month": "2012-11",
            "price": "12.05",
            "revenue": 168289
        },
        "2012-12": {
            "month": "2012-12",
            "price": "11.76",
            "revenue": 145205
        },
        "2013-01": {
            "month": "2013-01",
            "price": "11.59",
            "revenue": 144181
        },
        "2013-02": {
            "month": "2013-02",
            "price": "10.87",
            "revenue": 74184
        },
        "2013-03": {
            "month": "2013-03",
            "price": "11.82",
            "revenue": 135670
        },
        "2013-04": {
            "month": "2013-04",
            "price": "11.69",
            "revenue": 137947
        },
        "2013-05": {
            "month": "2013-05",
            "price": "12.08",
            "revenue": 163572
        },
        "2013-06": {
            "month": "2013-06",
            "price": "11.98",
            "revenue": 121142
        },
        "2013-07": {
            "month": "2013-07",
            "price": "11.15",
            "revenue": 143781
        },
        "2013-08": {
            "month": "2013-08",
            "price": "10.67",
            "revenue": 114031
        },
        "2013-09": {
            "month": "2013-09",
            "price": "10.05",
            "revenue": 133030
        },
        "2013-10": {
            "month": "2013-10",
            "price": "9.85",
            "revenue": 133578
        },
        "2013-11": {
            "month": "2013-11",
            "price": "9.38",
            "revenue": 131212
        },
        "2013-12": {
            "month": "2013-12",
            "price": "10.91",
            "revenue": 130737
        },
        "2014-01": {
            "month": "2014-01",
            "price": "10.92",
            "revenue": 89892
        },
        "2014-02": {
            "month": "2014-02",
            "price": "10.56",
            "revenue": 89494
        },
        "2014-03": {
            "month": "2014-03",
            "price": "11.40",
            "revenue": 142668
        },
        "2014-04": {
            "month": "2014-04",
            "price": "14.92",
            "revenue": 182308
        },
        "2014-05": {
            "month": "2014-05",
            "price": "18.45",
            "revenue": 181004
        },
        "2014-06": {
            "month": "2014-06",
            "price": "18.20",
            "revenue": 181332
        },
        "2014-07": {
            "month": "2014-07",
            "price": "21.04",
            "revenue": 162860
        },
        "2014-08": {
            "month": "2014-08",
            "price": "17.63",
            "revenue": 162387
        },
        "2014-09": {
            "month": "2014-09",
            "price": "16.28",
            "revenue": 161729
        },
        "2014-10": {
            "month": "2014-10",
            "price": "13.95",
            "revenue": 163520
        },
        "2014-11": {
            "month": "2014-11",
            "price": "12.29",
            "revenue": 156500
        },
        "2014-12": {
            "month": "2014-12",
            "price": "13.05",
            "revenue": 152600
        },
        "2015-01": {
            "month": "2015-01",
            "price": "12.32",
            "revenue": 124809
        },
        "2015-02": {
            "month": "2015-02",
            "price": "12.02",
            "revenue": 89251
        },
        "2015-03": {
            "month": "2015-03",
            "price": "13.56",
            "revenue": 143471
        },
        "2015-04": {
            "month": "2015-04",
            "price": "12.89",
            "revenue": 124474
        },
        "2015-05": {
            "month": "2015-05",
            "price": "12.42",
            "revenue": 110842
        },
        "2015-06": {
            "month": "2015-06",
            "price": "10.70",
            "revenue": 125977
        },
        "2015-07": {
            "month": "2015-07",
            "price": "9.56",
            "revenue": 125341
        },
        "2015-08": {
            "month": "2015-08",
            "price": "8.80",
            "revenue": 120085
        },
        "2015-09": {
            "month": "2015-09",
            "price": "8.48",
            "revenue": 117504
        },
        "2015-10": {
            "month": "2015-10",
            "price": "9.44",
            "revenue": 138649
        },
        "2015-11": {
            "month": "2015-11",
            "price": "8.80",
            "revenue": 125715
        },
        "2015-12": {
            "month": "2015-12",
            "price": "8.61",
            "revenue": 285092
        },
        "2016-01": {
            "month": "2016-01",
            "price": "9.55",
            "revenue": 70096
        },
        "2016-02": {
            "month": "2016-02",
            "price": "9.99",
            "revenue": 59999
        },
        "2016-03": {
            "month": "2016-03",
            "price": "10.06",
            "revenue": 128089
        },
        "2016-04": {
            "month": "2016-04",
            "price": "8.25",
            "revenue": 126414
        },
        "2016-05": {
            "month": "2016-05",
            "price": "7.64",
            "revenue": 131715
        },
        "2016-06": {
            "month": "2016-06",
            "price": "7.51",
            "revenue": 185016
        },
        "2016-07": {
            "month": "2016-07",
            "price": "7.06",
            "revenue": 164908
        },
        "2016-08": {
            "month": "2016-08",
            "price": "6.71",
            "revenue": 202471
        },
        "2016-09": {
            "month": "2016-09",
            "price": "7.60",
            "revenue": 149337
        },
        "2016-10": {
            "month": "2016-10",
            "price": "7.94",
            "revenue": 170544
        },
        "2016-11": {
            "month": "2016-11",
            "price": "13.35",
            "revenue": 264614
        },
        "2016-12": {
            "month": "2016-12",
            "price": "14.84",
            "revenue": 281441
        },
        "2017-01": {
            "month": "2017-01",
            "price": "15.01",
            "revenue": 81132
        },
        "2017-02": {
            "month": "2017-02",
            "price": "15.38",
            "revenue": 114025
        },
        "2017-03": {
            "month": "2017-03",
            "price": "15.46",
            "revenue": 199045
        },
        "2017-04": {
            "month": "2017-04",
            "price": "14.72",
            "revenue": 137045
        },
        "2017-05": {
            "month": "2017-05",
            "price": "14.78",
            "revenue": 140472
        },
        "2017-06": {
            "month": "2017-06",
            "price": "16.23",
            "revenue": 235550
        },
        "2017-07": {
            "month": "2017-07",
            "price": "21.68",
            "revenue": 160779
        },
        "2017-08": {
            "month": "2017-08",
            "price": "21.13",
            "revenue": 204106
        },
        "2017-09": {
            "month": "2017-09",
            "price": "20.90",
            "revenue": 250561
        },
        "2017-10": {
            "month": "2017-10",
            "price": "18.61",
            "revenue": 191484
        },
        "2017-11": {
            "month": "2017-11",
            "price": "22.79",
            "revenue": 262639
        },
        "2017-12": {
            "month": "2017-12",
            "price": "24.61",
            "revenue": 502830
        },
        "2018-01": {
            "month": "2018-01",
            "price": "24.48",
            "revenue": 143803
        },
        "2018-02": {
            "month": "2018-02",
            "price": "23.38",
            "revenue": 83751
        },
        "2018-03": {
            "month": "2018-03",
            "price": "22.60",
            "revenue": 168000
        },
        "2018-04": {
            "month": "2018-04",
            "price": "20.81",
            "revenue": 170398
        },
        "2018-05": {
            "month": "2018-05",
            "price": "21.14",
            "revenue": 172094
        },
        "2018-06": {
            "month": "2018-06",
            "price": "26.87",
            "revenue": 586403
        },
        "2018-07": {
            "month": "2018-07",
            "price": "24.06",
            "revenue": 602087
        },
        "2018-08": {
            "month": "2018-08",
            "price": "22.75",
            "revenue": 183552
        },
        "2018-09": {
            "month": "2018-09",
            "price": "20.42",
            "revenue": 668628
        },
        "2018-10": {
            "month": "2018-10",
            "price": "17.61",
            "revenue": 183244
        },
        "2018-11": {
            "month": "2018-11",
            "price": "16.51",
            "revenue": 213879
        },
        "2018-12": {
            "month": "2018-12",
            "price": "17.79",
            "revenue": 453280
        },
        "2019-01": {
            "month": "2019-01",
            "price": "17.64",
            "revenue": 102798
        },
        "2019-02": {
            "month": "2019-02",
            "price": "16.95",
            "revenue": 67626
        },
        "2019-03": {
            "month": "2019-03",
            "price": "16.86",
            "revenue": 154669
        },
        "2019-04": {
            "month": "2019-04",
            "price": "17.02",
            "revenue": 120358
        },
        "2019-05": {
            "month": "2019-05",
            "price": "15.83",
            "revenue": 132550
        },
        "2019-06": {
            "month": "2019-06",
            "price": "15.55",
            "revenue": 121863
        },
        "2019-07": {
            "month": "2019-07",
            "price": "14.88",
            "revenue": 113576
        },
        "2019-08": {
            "month": "2019-08",
            "price": "13.62",
            "revenue": 196431
        },
        "2019-09": {
            "month": "2019-09",
            "price": "15.62",
            "revenue": 196376
        },
        "2019-10": {
            "month": "2019-10",
            "price": "15.83",
            "revenue": 170902
        },
        "2019-11": {
            "month": "2019-11",
            "price": "14.36",
            "revenue": 196615
        },
        "2019-12": {
            "month": "2019-12",
            "price": "15.87",
            "revenue": 452499
        },
        "2020-01": {
            "month": "2020-01",
            "price": "16.08",
            "revenue": 76016
        },
        "2020-02": {
            "month": "2020-02",
            "price": "14.04",
            "revenue": 92938
        },
        "2020-03": {
            "month": "2020-03",
            "price": "11.86",
            "revenue": 124471
        },
        "2020-04": {
            "month": "2020-04",
            "price": "11.91",
            "revenue": 168250
        },
        "2020-05": {
            "month": "2020-05",
            "price": "13.94",
            "revenue": 114760
        },
        "2020-06": {
            "month": "2020-06",
            "price": "13.84",
            "revenue": 126049
        },
        "2020-07": {
            "month": "2020-07",
            "price": "14.85",
            "revenue": 117824
        },
        "2020-08": {
            "month": "2020-08",
            "price": "14.82",
            "revenue": 148202
        },
        "2020-09": {
            "month": "2020-09",
            "price": "15.08",
            "revenue": 194839
        },
        "2020-10": {
            "month": "2020-10",
            "price": "15.21",
            "revenue": 188161
        },
        "2020-11": {
            "month": "2020-11",
            "price": "14.94",
            "revenue": 168725
        },
        "2020-12": {
            "month": "2020-12",
            "price": "15.37",
            "revenue": 400621
        },
        "2021-01": {
            "month": "2021-01",
            "price": "14.08",
            "revenue": 156318
        },
        "2021-02": {
            "month": "2021-02",
            "price": "13.70",
            "revenue": 59403
        },
        "2021-03": {
            "month": "2021-03",
            "price": "14.13",
            "revenue": 164262
        },
        "2021-04": {
            "month": "2021-04",
            "price": "17.09",
            "revenue": 162805
        },
        "2021-05": {
            "month": "2021-05",
            "price": "15.15",
            "revenue": 136839
        },
        "2021-06": {
            "month": "2021-06",
            "price": "14.38",
            "revenue": 279628
        },
        "2021-07": {
            "month": "2021-07",
            "price": "20.46",
            "revenue": 226282
        },
        "2021-08": {
            "month": "2021-08",
            "price": "21.54",
            "revenue": 253418
        },
        "2021-09": {
            "month": "2021-09",
            "price": "25.23",
            "revenue": 235907
        },
        "2021-10": {
            "month": "2021-10",
            "price": "23.41",
            "revenue": 228291
        },
        "2021-11": {
            "month": "2021-11",
            "price": "22.81",
            "revenue": 236900
        },
        "2021-12": {
            "month": "2021-12",
            "price": "21.86",
            "revenue": 382719
        },
        "2022-01": {
            "month": "2022-01",
            "price": "24.92",
            "revenue": 166593
        },
        "2022-02": {
            "month": "2022-02",
            "price": "25.18",
            "revenue": 110378
        },
        "2022-03": {
            "month": "2022-03",
            "price": "24.45",
            "revenue": 217287
        },
        "2022-04": {
            "month": "2022-04",
            "price": "22.13",
            "revenue": 215691
        },
        "2022-05": {
            "month": "2022-05",
            "price": "18.91",
            "revenue": 178707
        },
        "2022-06": {
            "month": "2022-06",
            "price": "18.30",
            "revenue": 182708
        },
        "2022-07": {
            "month": "2022-07",
            "price": "16.64",
            "revenue": 115744
        },
        "2022-08": {
            "month": "2022-08",
            "price": "15.39",
            "revenue": 111234
        },
        "2022-09": {
            "month": "2022-09",
            "price": "14.43",
            "revenue": 84191
        },
        "2022-10": {
            "month": "2022-10",
            "price": "14.53",
            "revenue": 96368
        },
        "2022-11": {
            "month": "2022-11",
            "price": "15.18",
            "revenue": 98824
        },
        "2022-12": {
            "month": "2022-12",
            "price": "14.56",
            "revenue": 756222
        },
        "2023-01": {
            "month": "2023-01",
            "price": "15.27",
            "revenue": 85436
        },
        "2023-02": {
            "month": "2023-02",
            "price": "15.83",
            "revenue": 83893
        },
        "2023-03": {
            "month": "2023-03",
            "price": "14.99",
            "revenue": 88252
        },
        "2023-04": {
            "month": "2023-04",
            "price": "10.37",
            "revenue": 275083
        },
        "2023-05": {
            "month": "2023-05",
            "price": "12.12",
            "revenue": 57927
        },
        "2023-06": {
            "month": "2023-06",
            "price": "11.01",
            "revenue": 28688
        },
        "2023-07": {
            "month": "2023-07",
            "price": "10.01",
            "revenue": 50344
        },
        "2023-08": {
            "month": "2023-08",
            "price": "9.52",
            "revenue": 52142
        }
    }
}
