{
    "summary": {
        "stock_name": "所羅門",
        "stock_id": "2359",
        "category": "其他電子",
        "main_business": "電子零件、映射管等半導體產品代理<br>引擎發電機等設備代理、設計及維修<br>其他",
        "website_url": "http://www.solomon.com.tw",
        "ceo": "陳政隆",
        "pe_ratio": 11,
        "report_year_from": 2001,
        "report_year_to": 2023,
        "age": 22,
        "eps_negative_percentage": 26,
        "eps_growth_avg": {
            "last_all": 10.18,
            "last_2y": 35.5,
            "last_4y": 43.72,
            "last_8y": 23.21,
            "last_12y": 15.44,
            "last_16y": 10.18,
            "last_20y": 10.18,
            "at_2006_last_3y": null,
            "at_2007_last_3y": 51.88,
            "at_2008_last_3y": -24.06,
            "at_2009_last_3y": -24.06,
            "at_2010_last_3y": -22.35,
            "at_2011_last_3y": -41.31,
            "at_2012_last_3y": -36.04,
            "at_2013_last_3y": -2.03,
            "at_2014_last_3y": 27.7,
            "at_2015_last_3y": 31.68,
            "at_2016_last_3y": 38.88,
            "at_2017_last_3y": -2.43,
            "at_2018_last_3y": -2.43,
            "at_2019_last_3y": -2.14,
            "at_2020_last_3y": -11.66,
            "at_2021_last_3y": 29.65,
            "at_2022_last_3y": 29.65,
            "at_2023_last_3y": 29.65,
            "at_2006_last_all": null,
            "at_2007_last_all": 51.88,
            "at_2008_last_all": -24.06,
            "at_2009_last_all": -24.06,
            "at_2010_last_all": -22.35,
            "at_2011_last_all": -18.01,
            "at_2012_last_all": -31.25,
            "at_2013_last_all": -9.37,
            "at_2014_last_all": 6.25,
            "at_2015_last_all": 6.84,
            "at_2016_last_all": -0.08,
            "at_2017_last_all": -6.6,
            "at_2018_last_all": 3.09,
            "at_2019_last_all": 3.85,
            "at_2020_last_all": -3.64,
            "at_2021_last_all": 3.76,
            "at_2022_last_all": 10.18,
            "at_2023_last_all": 10.18
        },
        "latest_eps": 3.25,
        "latest_price": 34.2,
        "latest_roe": 10.99,
        "latest_gross_margin": 23.26,
        "latest_equity": 5427080,
        "latest_revenue": 1198647,
        "latest_gross_profit": 278788,
        "latest_net_income": 346298,
        "latest_debt_ratio": 38.22,
        "latest_current_ratio": 168.61,
        "latest_account_receivable_turnover_ratio": 1.49,
        "latest_inventory_turnover_ratio": 0.79,
        "latest_reinvestment_rate": 11.67,
        "latest_research_to_sale_ratio": 2.71
    },
    "eps_dividends": {
        "1997": {
            "cash": 0,
            "stock": 2.5,
            "eps": 0
        },
        "2000": {
            "cash": 0,
            "stock": 2.16,
            "eps": 0
        },
        "2001": {
            "cash": 0,
            "stock": 2.35,
            "eps": -2.16
        },
        "2002": {
            "cash": 0,
            "stock": 0,
            "eps": -2.93
        },
        "2003": {
            "cash": 0,
            "stock": 0,
            "eps": -0.16
        },
        "2004": {
            "cash": 0,
            "stock": 0,
            "eps": -1.52
        },
        "2005": {
            "cash": 0,
            "stock": 0,
            "eps": -0.14
        },
        "2006": {
            "cash": 0,
            "stock": 0,
            "eps": 2.66
        },
        "2007": {
            "cash": 0,
            "stock": 0,
            "eps": 4.04
        },
        "2008": {
            "cash": 0,
            "stock": 1,
            "eps": -0.13
        },
        "2009": {
            "cash": 0,
            "stock": 0,
            "eps": 0.74
        },
        "2010": {
            "cash": 0,
            "stock": 0,
            "eps": 0.6
        },
        "2011": {
            "cash": 0.3,
            "stock": 0,
            "eps": 0.57
        },
        "2012": {
            "cash": 0,
            "stock": 0,
            "eps": 0.09
        },
        "2013": {
            "cash": 0,
            "stock": 0,
            "eps": 0.47
        },
        "2014": {
            "cash": 0,
            "stock": 0,
            "eps": 1.92
        },
        "2015": {
            "cash": 1,
            "stock": 0,
            "eps": 2.13
        },
        "2016": {
            "cash": 1,
            "stock": 0,
            "eps": 0.95
        },
        "2017": {
            "cash": 1,
            "stock": 0,
            "eps": 0.33
        },
        "2018": {
            "cash": 1,
            "stock": 0,
            "eps": 1.65
        },
        "2019": {
            "cash": 1.1,
            "stock": 0,
            "eps": 1.85
        },
        "2020": {
            "cash": 0.8,
            "stock": 0,
            "eps": 0.12
        },
        "2021": {
            "cash": 0.5,
            "stock": 0,
            "eps": 1.16
        },
        "2022": {
            "cash": 0.9,
            "stock": 0,
            "eps": 2.67
        },
        "2023": {
            "cash": 1.5,
            "stock": 0,
            "eps": 2.19
        }
    },
    "dividends": {
        "1997-03-28": {
            "cash": 0,
            "stock": 2.5
        },
        "2000-05-26": {
            "cash": 0,
            "stock": 2.16
        },
        "2001-05-15": {
            "cash": 0,
            "stock": 2.35
        },
        "2008-04-30": {
            "cash": 0,
            "stock": 1
        },
        "2011-04-26": {
            "cash": 0.3,
            "stock": 0
        },
        "2015-08-07": {
            "cash": 1,
            "stock": 0
        },
        "2016-07-08": {
            "cash": 1,
            "stock": 0
        },
        "2017-07-03": {
            "cash": 1,
            "stock": 0
        },
        "2018-07-06": {
            "cash": 1,
            "stock": 0
        },
        "2019-07-15": {
            "cash": 1.1,
            "stock": 0
        },
        "2020-07-10": {
            "cash": 0.8,
            "stock": 0
        },
        "2021-07-16": {
            "cash": 0.5,
            "stock": 0
        },
        "2022-07-22": {
            "cash": 0.9,
            "stock": 0
        },
        "2023-07-27": {
            "cash": 1.5,
            "stock": 0
        }
    },
    "prices": {
        "200101": "19.11",
        "200102": "22.49",
        "200103": "25.12",
        "200104": "25.59",
        "200105": "20.73",
        "200106": "20.86",
        "200107": "17.81",
        "200108": "15.20",
        "200109": "11.41",
        "200110": "10.84",
        "200111": "11.60",
        "200112": "14.81",
        "200201": "19.55",
        "200202": "20.32",
        "200203": "22.13",
        "200204": "23.81",
        "200205": "17.17",
        "200206": "14.70",
        "200207": "13.12",
        "200208": "11.84",
        "200209": "10.30",
        "200210": "9.50",
        "200211": "9.84",
        "200212": "8.85",
        "200301": "8.67",
        "200302": "8.77",
        "200303": "8.11",
        "200304": "7.84",
        "200305": "8.24",
        "200306": "12.18",
        "200307": "14.32",
        "200308": "12.97",
        "200309": "11.60",
        "200310": "11.42",
        "200311": "11.96",
        "200312": "12.04",
        "200401": "12.12",
        "200402": "12.66",
        "200403": "12.06",
        "200404": "13.42",
        "200405": "10.80",
        "200406": "9.49",
        "200407": "8.01",
        "200408": "8.12",
        "200409": "7.68",
        "200410": "6.90",
        "200411": "6.75",
        "200412": "6.68",
        "200501": "6.27",
        "200502": "6.19",
        "200503": "6.15",
        "200504": "5.28",
        "200505": "5.58",
        "200506": "6.05",
        "200507": "6.25",
        "200508": "5.86",
        "200509": "5.31",
        "200510": "4.49",
        "200511": "4.39",
        "200512": "5.78",
        "200601": "6.37",
        "200602": "6.07",
        "200603": "5.84",
        "200604": "6.29",
        "200605": "10.98",
        "200606": "9.14",
        "200607": "8.91",
        "200608": "8.97",
        "200609": "7.93",
        "200610": "8.83",
        "200611": "10.93",
        "200612": "10.51",
        "200701": "10.42",
        "200702": "10.27",
        "200703": "10.97",
        "200704": "12.84",
        "200705": "14.74",
        "200706": "16.68",
        "200707": "23.74",
        "200708": "26.40",
        "200709": "28.03",
        "200710": "27.97",
        "200711": "22.79",
        "200712": "18.75",
        "200801": "19.62",
        "200802": "18.62",
        "200803": "19.76",
        "200804": "19.64",
        "200805": "24.09",
        "200806": "18.75",
        "200807": "13.49",
        "200808": "13.09",
        "200809": "9.52",
        "200810": "7.57",
        "200811": "6.70",
        "200812": "6.45",
        "200901": "6.26",
        "200902": "6.25",
        "200903": "8.26",
        "200904": "9.08",
        "200905": "8.86",
        "200906": "9.03",
        "200907": "10.67",
        "200908": "12.13",
        "200909": "12.51",
        "200910": "13.88",
        "200911": "13.88",
        "200912": "15.26",
        "201001": "14.98",
        "201002": "12.79",
        "201003": "14.02",
        "201004": "14.78",
        "201005": "13.55",
        "201006": "13.43",
        "201007": "13.57",
        "201008": "14.10",
        "201009": "14.54",
        "201010": "14.90",
        "201011": "14.36",
        "201012": "14.62",
        "201101": "14.44",
        "201102": "13.67",
        "201103": "13.10",
        "201104": "13.01",
        "201105": "13.34",
        "201106": "12.66",
        "201107": "12.26",
        "201108": "10.71",
        "201109": "10.22",
        "201110": "9.98",
        "201111": "10.04",
        "201112": "9.88",
        "201201": "9.91",
        "201202": "11.13",
        "201203": "10.67",
        "201204": "10.30",
        "201205": "10.07",
        "201206": "9.86",
        "201207": "9.96",
        "201208": "10.05",
        "201209": "10.67",
        "201210": "11.99",
        "201211": "11.69",
        "201212": "12.18",
        "201301": "11.82",
        "201302": "11.76",
        "201303": "12.07",
        "201304": "12.23",
        "201305": "13.22",
        "201306": "13.20",
        "201307": "13.20",
        "201308": "12.89",
        "201309": "12.95",
        "201310": "12.86",
        "201311": "12.80",
        "201312": "13.00",
        "201401": "13.69",
        "201402": "16.18",
        "201403": "18.97",
        "201404": "19.66",
        "201405": "21.68",
        "201406": "20.31",
        "201407": "18.35",
        "201408": "17.42",
        "201409": "18.35",
        "201410": "17.58",
        "201411": "18.14",
        "201412": "20.05",
        "201501": "19.69",
        "201502": "18.42",
        "201503": "19.57",
        "201504": "20.02",
        "201505": "18.34",
        "201506": "16.70",
        "201507": "15.64",
        "201508": "13.82",
        "201509": "14.16",
        "201510": "14.52",
        "201511": "14.61",
        "201512": "14.61",
        "201601": "15.81",
        "201602": "15.37",
        "201603": "16.06",
        "201604": "15.89",
        "201605": "14.81",
        "201606": "14.88",
        "201607": "14.08",
        "201608": "13.98",
        "201609": "15.22",
        "201610": "14.67",
        "201611": "13.79",
        "201612": "14.72",
        "201701": "15.22",
        "201702": "15.59",
        "201703": "16.41",
        "201704": "17.03",
        "201705": "18.46",
        "201706": "19.44",
        "201707": "18.39",
        "201708": "20.67",
        "201709": "23.03",
        "201710": "23.14",
        "201711": "21.91",
        "201712": "22.32",
        "201801": "26.02",
        "201802": "23.61",
        "201803": "22.93",
        "201804": "21.87",
        "201805": "21.33",
        "201806": "22.72",
        "201807": "21.50",
        "201808": "22.65",
        "201809": "21.71",
        "201810": "18.14",
        "201811": "17.04",
        "201812": "18.33",
        "201901": "18.18",
        "201902": "19.32",
        "201903": "19.87",
        "201904": "22.68",
        "201905": "22.15",
        "201906": "21.89",
        "201907": "20.28",
        "201908": "20.89",
        "201909": "21.94",
        "201910": "21.00",
        "201911": "20.58",
        "201912": "21.05",
        "202001": "21.77",
        "202002": "20.28",
        "202003": "17.21",
        "202004": "17.41",
        "202005": "18.56",
        "202006": "19.25",
        "202007": "19.82",
        "202008": "19.43",
        "202009": "19.05",
        "202010": "18.88",
        "202011": "18.36",
        "202012": "18.95",
        "202101": "18.30",
        "202102": "18.00",
        "202103": "18.00",
        "202104": "18.94",
        "202105": "17.17",
        "202106": "17.28",
        "202107": "17.22",
        "202108": "17.48",
        "202109": "17.24",
        "202110": "17.23",
        "202111": "17.62",
        "202112": "18.40",
        "202201": "24.51",
        "202202": "22.98",
        "202203": "26.77",
        "202204": "24.84",
        "202205": "25.71",
        "202206": "25.76",
        "202207": "27.04",
        "202208": "28.29",
        "202209": "24.92",
        "202210": "23.28",
        "202211": "24.24",
        "202212": "26.65",
        "202301": "26.66",
        "202302": "26.67",
        "202303": "31.75",
        "202304": "33.29",
        "202305": "32.20",
        "202306": "34.63",
        "202307": "38.01",
        "202308": "39.44",
        "202309": "37.80",
        "202310": "35.67"
    },
    "quarters": {
        "20011": {
            "year_quarter": 20011,
            "year": 2001,
            "quarter": 1,
            "eps": 0.52,
            "eps_growth_year": 0,
            "eps_4q": 2.25,
            "eps_4q_growth_year": 23.25,
            "roe": 2.68,
            "roe_4q": 2.68,
            "gross_profit": 69074,
            "gross_margin": 7.02,
            "gross_margin_4q_avg": 7.02,
            "net_income": 156445,
            "net_income_4q": null,
            "revenue": 983350,
            "revenue_4q": null,
            "common_shares": 3004962,
            "book_valuer_per_share": 19.75,
            "book_valuer_per_share_4q_avg": 19.75,
            "equity": 5933937,
            "current_ratio": 80.89,
            "debt_ratio": 46.34,
            "inventory_turnover_ratio": 0.56,
            "account_receivable_turnover_ratio": null,
            "reinvestment_rate": null,
            "research_to_sale_ratio": null,
            "price_fair": 0,
            "eps_avg_yearly": 0,
            "eps_latest_yearly": 0,
            "eps_growth_yearly": 0
        },
        "20012": {
            "year_quarter": 20012,
            "year": 2001,
            "quarter": 2,
            "eps": -0.47,
            "eps_growth_year": -491.67,
            "eps_4q": 1.67,
            "eps_4q_growth_year": 236.89,
            "roe": -2.4,
            "roe_4q": 0.28000000000000025,
            "gross_profit": 97147,
            "gross_margin": 7.89,
            "gross_margin_4q_avg": 7.46,
            "net_income": -141075,
            "net_income_4q": null,
            "revenue": 1232010,
            "revenue_4q": null,
            "common_shares": 3004962,
            "book_valuer_per_share": 19.45,
            "book_valuer_per_share_4q_avg": 19.6,
            "equity": 5845482,
            "current_ratio": 80.78,
            "debt_ratio": 46.76,
            "inventory_turnover_ratio": 1,
            "account_receivable_turnover_ratio": null,
            "reinvestment_rate": null,
            "research_to_sale_ratio": null,
            "price_fair": 0,
            "eps_avg_yearly": 0,
            "eps_latest_yearly": 0,
            "eps_growth_yearly": 0
        },
        "20013": {
            "year_quarter": 20013,
            "year": 2001,
            "quarter": 3,
            "eps": -0.25,
            "eps_growth_year": -238.89,
            "eps_4q": 0.94,
            "eps_4q_growth_year": 13.82,
            "roe": -1.64,
            "roe_4q": -1.3599999999999999,
            "gross_profit": 84418,
            "gross_margin": 7.43,
            "gross_margin_4q_avg": 7.45,
            "net_income": -95331,
            "net_income_4q": null,
            "revenue": 1136179,
            "revenue_4q": null,
            "common_shares": 3761708,
            "book_valuer_per_share": 15.29,
            "book_valuer_per_share_4q_avg": 18.16,
            "equity": 5753370,
            "current_ratio": 79.91,
            "debt_ratio": 46.76,
            "inventory_turnover_ratio": 1.72,
            "account_receivable_turnover_ratio": null,
            "reinvestment_rate": null,
            "research_to_sale_ratio": null,
            "price_fair": 0,
            "eps_avg_yearly": 0,
            "eps_latest_yearly": 0,
            "eps_growth_yearly": 0
        },
        "20014": {
            "year_quarter": 20014,
            "year": 2001,
            "quarter": 4,
            "eps": -1.96,
            "eps_growth_year": -235.17,
            "eps_4q": -1.99,
            "eps_4q_growth_year": -191.83,
            "roe": -13.74,
            "roe_4q": -15.100000000000001,
            "gross_profit": 125334,
            "gross_margin": 10.6,
            "gross_margin_4q_avg": 8.24,
            "net_income": -732271,
            "net_income_4q": null,
            "revenue": 1181990,
            "revenue_4q": null,
            "common_shares": 3761708,
            "book_valuer_per_share": 13.05,
            "book_valuer_per_share_4q_avg": 16.89,
            "equity": 4908879,
            "current_ratio": 99.4,
            "debt_ratio": 60.36,
            "inventory_turnover_ratio": 1.68,
            "account_receivable_turnover_ratio": null,
            "reinvestment_rate": null,
            "research_to_sale_ratio": null,
            "price_fair": 0,
            "eps_avg_yearly": 0,
            "eps_latest_yearly": 0,
            "eps_growth_yearly": 0
        },
        "20021": {
            "year_quarter": 20021,
            "year": 2002,
            "quarter": 1,
            "eps": -0.4,
            "eps_growth_year": -176.92,
            "eps_4q": -2.99,
            "eps_4q_growth_year": -232.77,
            "roe": -3.07,
            "roe_4q": -20.849999999999998,
            "gross_profit": 97792,
            "gross_margin": 8.45,
            "gross_margin_4q_avg": 8.59,
            "net_income": -149487,
            "net_income_4q": null,
            "revenue": 1157164,
            "revenue_4q": null,
            "common_shares": 3761708,
            "book_valuer_per_share": 12.81,
            "book_valuer_per_share_4q_avg": 15.15,
            "equity": 4820144,
            "current_ratio": 84.27,
            "debt_ratio": 51.39,
            "inventory_turnover_ratio": 1.51,
            "account_receivable_turnover_ratio": null,
            "reinvestment_rate": null,
            "research_to_sale_ratio": null,
            "price_fair": 0,
            "eps_avg_yearly": 0,
            "eps_latest_yearly": 0,
            "eps_growth_yearly": 0
        },
        "20022": {
            "year_quarter": 20022,
            "year": 2002,
            "quarter": 2,
            "eps": -1.31,
            "eps_growth_year": null,
            "eps_4q": -3.91,
            "eps_4q_growth_year": -333.52,
            "roe": -10.8,
            "roe_4q": -29.25,
            "gross_profit": 104518,
            "gross_margin": 9.7,
            "gross_margin_4q_avg": 9.05,
            "net_income": -492370,
            "net_income_4q": null,
            "revenue": 1077475,
            "revenue_4q": null,
            "common_shares": 3761708,
            "book_valuer_per_share": 11.42,
            "book_valuer_per_share_4q_avg": 13.14,
            "equity": 4294717,
            "current_ratio": 68.43,
            "debt_ratio": 52.56,
            "inventory_turnover_ratio": 3.27,
            "account_receivable_turnover_ratio": null,
            "reinvestment_rate": null,
            "research_to_sale_ratio": null,
            "price_fair": 0,
            "eps_avg_yearly": 0,
            "eps_latest_yearly": 0,
            "eps_growth_yearly": 0
        },
        "20023": {
            "year_quarter": 20023,
            "year": 2002,
            "quarter": 3,
            "eps": -0.41,
            "eps_growth_year": null,
            "eps_4q": -4.06,
            "eps_4q_growth_year": -532.01,
            "roe": -3.63,
            "roe_4q": -31.240000000000002,
            "gross_profit": 69571,
            "gross_margin": 6.41,
            "gross_margin_4q_avg": 8.79,
            "net_income": -153791,
            "net_income_4q": null,
            "revenue": 1085637,
            "revenue_4q": null,
            "common_shares": 3761708,
            "book_valuer_per_share": 11.12,
            "book_valuer_per_share_4q_avg": 12.1,
            "equity": 4184706,
            "current_ratio": 64.75,
            "debt_ratio": 53.45,
            "inventory_turnover_ratio": 3.43,
            "account_receivable_turnover_ratio": null,
            "reinvestment_rate": null,
            "research_to_sale_ratio": null,
            "price_fair": 0,
            "eps_avg_yearly": 0,
            "eps_latest_yearly": 0,
            "eps_growth_yearly": 0
        },
        "20024": {
            "year_quarter": 20024,
            "year": 2002,
            "quarter": 4,
            "eps": -0.81,
            "eps_growth_year": null,
            "eps_4q": -2.81,
            "eps_4q_growth_year": null,
            "roe": -7.59,
            "roe_4q": -25.09,
            "gross_profit": 70384,
            "gross_margin": 5.72,
            "gross_margin_4q_avg": 7.57,
            "net_income": -303039,
            "net_income_4q": null,
            "revenue": 1230479,
            "revenue_4q": null,
            "common_shares": 3761834,
            "book_valuer_per_share": 10.1,
            "book_valuer_per_share_4q_avg": 11.36,
            "equity": 3799676,
            "current_ratio": 85.88,
            "debt_ratio": 65.01,
            "inventory_turnover_ratio": 1.58,
            "account_receivable_turnover_ratio": null,
            "reinvestment_rate": null,
            "research_to_sale_ratio": null,
            "price_fair": 0,
            "eps_avg_yearly": 0,
            "eps_latest_yearly": 0,
            "eps_growth_yearly": 0
        },
        "20031": {
            "year_quarter": 20031,
            "year": 2003,
            "quarter": 1,
            "eps": 0.45,
            "eps_growth_year": null,
            "eps_4q": -2.07,
            "eps_4q_growth_year": null,
            "roe": 4.36,
            "roe_4q": -17.66,
            "gross_profit": 92788,
            "gross_margin": 7.42,
            "gross_margin_4q_avg": 7.31,
            "net_income": 169476,
            "net_income_4q": null,
            "revenue": 1250344,
            "revenue_4q": null,
            "common_shares": 3761834,
            "book_valuer_per_share": 10.58,
            "book_valuer_per_share_4q_avg": 10.81,
            "equity": 3978407,
            "current_ratio": 73.03,
            "debt_ratio": 53.55,
            "inventory_turnover_ratio": 1.49,
            "account_receivable_turnover_ratio": null,
            "reinvestment_rate": null,
            "research_to_sale_ratio": null,
            "price_fair": 0,
            "eps_avg_yearly": 0,
            "eps_latest_yearly": 0,
            "eps_growth_yearly": 0
        },
        "20032": {
            "year_quarter": 20032,
            "year": 2003,
            "quarter": 2,
            "eps": -0.53,
            "eps_growth_year": null,
            "eps_4q": -1.29,
            "eps_4q_growth_year": null,
            "roe": -5.1,
            "roe_4q": -11.959999999999997,
            "gross_profit": 105092,
            "gross_margin": 7.18,
            "gross_margin_4q_avg": 6.68,
            "net_income": -197920,
            "net_income_4q": null,
            "revenue": 1464089,
            "revenue_4q": null,
            "common_shares": 3761834,
            "book_valuer_per_share": 10.05,
            "book_valuer_per_share_4q_avg": 10.46,
            "equity": 3780406,
            "current_ratio": 77.97,
            "debt_ratio": 56.48,
            "inventory_turnover_ratio": 3.14,
            "account_receivable_turnover_ratio": null,
            "reinvestment_rate": null,
            "research_to_sale_ratio": null,
            "price_fair": 0,
            "eps_avg_yearly": 0,
            "eps_latest_yearly": 0,
            "eps_growth_yearly": 0
        },
        "20033": {
            "year_quarter": 20033,
            "year": 2003,
            "quarter": 3,
            "eps": 0.01,
            "eps_growth_year": null,
            "eps_4q": -0.87,
            "eps_4q_growth_year": null,
            "roe": 0.1,
            "roe_4q": -8.23,
            "gross_profit": 126362,
            "gross_margin": 7.48,
            "gross_margin_4q_avg": 6.95,
            "net_income": 3922,
            "net_income_4q": null,
            "revenue": 1688794,
            "revenue_4q": null,
            "common_shares": 3761834,
            "book_valuer_per_share": 10.01,
            "book_valuer_per_share_4q_avg": 10.19,
            "equity": 3763969,
            "current_ratio": 73.95,
            "debt_ratio": 56.49,
            "inventory_turnover_ratio": 3.07,
            "account_receivable_turnover_ratio": null,
            "reinvestment_rate": null,
            "research_to_sale_ratio": null,
            "price_fair": 0,
            "eps_avg_yearly": 0,
            "eps_latest_yearly": 0,
            "eps_growth_yearly": 0
        },
        "20034": {
            "year_quarter": 20034,
            "year": 2003,
            "quarter": 4,
            "eps": -0.09,
            "eps_growth_year": null,
            "eps_4q": -0.08,
            "eps_4q_growth_year": null,
            "roe": -0.79,
            "roe_4q": -1.4299999999999997,
            "gross_profit": 132688,
            "gross_margin": 6.75,
            "gross_margin_4q_avg": 7.21,
            "net_income": -32674,
            "net_income_4q": null,
            "revenue": 1966841,
            "revenue_4q": null,
            "common_shares": 3761834,
            "book_valuer_per_share": 10.05,
            "book_valuer_per_share_4q_avg": 10.17,
            "equity": 4521598,
            "current_ratio": 95.94,
            "debt_ratio": 59.03,
            "inventory_turnover_ratio": 2.1,
            "account_receivable_turnover_ratio": null,
            "reinvestment_rate": null,
            "research_to_sale_ratio": null,
            "price_fair": 0,
            "eps_avg_yearly": 0,
            "eps_latest_yearly": 0,
            "eps_growth_yearly": 0
        },
        "20041": {
            "year_quarter": 20041,
            "year": 2004,
            "quarter": 1,
            "eps": 0.05,
            "eps_growth_year": -88.89,
            "eps_4q": -0.56,
            "eps_4q_growth_year": null,
            "roe": 0.45,
            "roe_4q": -5.34,
            "gross_profit": 138752,
            "gross_margin": 7.83,
            "gross_margin_4q_avg": 7.31,
            "net_income": 18644,
            "net_income_4q": null,
            "revenue": 1772109,
            "revenue_4q": null,
            "common_shares": 3761834,
            "book_valuer_per_share": 10.02,
            "book_valuer_per_share_4q_avg": 10.03,
            "equity": 3768053,
            "current_ratio": 70.85,
            "debt_ratio": 56.19,
            "inventory_turnover_ratio": 1.79,
            "account_receivable_turnover_ratio": null,
            "reinvestment_rate": null,
            "research_to_sale_ratio": null,
            "price_fair": 0,
            "eps_avg_yearly": 0,
            "eps_latest_yearly": 0,
            "eps_growth_yearly": 0
        },
        "20042": {
            "year_quarter": 20042,
            "year": 2004,
            "quarter": 2,
            "eps": 0.02,
            "eps_growth_year": null,
            "eps_4q": -0.01,
            "eps_4q_growth_year": null,
            "roe": 0.16,
            "roe_4q": -0.08000000000000004,
            "gross_profit": 182660,
            "gross_margin": 7.98,
            "gross_margin_4q_avg": 7.51,
            "net_income": 6100,
            "net_income_4q": null,
            "revenue": 2288451,
            "revenue_4q": null,
            "common_shares": 3761834,
            "book_valuer_per_share": 10.03,
            "book_valuer_per_share_4q_avg": 10.03,
            "equity": 3772283,
            "current_ratio": 74.45,
            "debt_ratio": 56.78,
            "inventory_turnover_ratio": 3.48,
            "account_receivable_turnover_ratio": null,
            "reinvestment_rate": null,
            "research_to_sale_ratio": null,
            "price_fair": 0.24,
            "eps_avg_yearly": 0.08,
            "eps_latest_yearly": 0.08,
            "eps_growth_yearly": -240
        },
        "20043": {
            "year_quarter": 20043,
            "year": 2004,
            "quarter": 3,
            "eps": -0.02,
            "eps_growth_year": -300,
            "eps_4q": -0.04,
            "eps_4q_growth_year": null,
            "roe": -0.21,
            "roe_4q": -0.39,
            "gross_profit": 134163,
            "gross_margin": 6.77,
            "gross_margin_4q_avg": 7.33,
            "net_income": -7976,
            "net_income_4q": null,
            "revenue": 1980559,
            "revenue_4q": null,
            "common_shares": 3761834,
            "book_valuer_per_share": 10.06,
            "book_valuer_per_share_4q_avg": 10.04,
            "equity": 3784276,
            "current_ratio": 73.08,
            "debt_ratio": 56.34,
            "inventory_turnover_ratio": 2.86,
            "account_receivable_turnover_ratio": null,
            "reinvestment_rate": null,
            "research_to_sale_ratio": null,
            "price_fair": 0.24,
            "eps_avg_yearly": 0.08,
            "eps_latest_yearly": 0.08,
            "eps_growth_yearly": -240
        },
        "20044": {
            "year_quarter": 20044,
            "year": 2004,
            "quarter": 4,
            "eps": -1.57,
            "eps_growth_year": null,
            "eps_4q": -1.49,
            "eps_4q_growth_year": null,
            "roe": -15.83,
            "roe_4q": -15.43,
            "gross_profit": 144908,
            "gross_margin": 7.1,
            "gross_margin_4q_avg": 7.42,
            "net_income": -589524,
            "net_income_4q": null,
            "revenue": 2040645,
            "revenue_4q": null,
            "common_shares": 3761834,
            "book_valuer_per_share": 8.07,
            "book_valuer_per_share_4q_avg": 9.55,
            "equity": 3664077,
            "current_ratio": 102.73,
            "debt_ratio": 63.57,
            "inventory_turnover_ratio": 1.58,
            "account_receivable_turnover_ratio": null,
            "reinvestment_rate": null,
            "research_to_sale_ratio": null,
            "price_fair": 0.24,
            "eps_avg_yearly": 0.08,
            "eps_latest_yearly": 0.08,
            "eps_growth_yearly": -240
        },
        "20051": {
            "year_quarter": 20051,
            "year": 2005,
            "quarter": 1,
            "eps": 0.27,
            "eps_growth_year": 440,
            "eps_4q": -1.31,
            "eps_4q_growth_year": null,
            "roe": 2.97,
            "roe_4q": -12.91,
            "gross_profit": 131412,
            "gross_margin": 7.53,
            "gross_margin_4q_avg": 7.35,
            "net_income": 101327,
            "net_income_4q": null,
            "revenue": 1745397,
            "revenue_4q": null,
            "common_shares": 3761834,
            "book_valuer_per_share": 8.42,
            "book_valuer_per_share_4q_avg": 9.15,
            "equity": 3168981,
            "current_ratio": 85.16,
            "debt_ratio": 60.44,
            "inventory_turnover_ratio": 1.49,
            "account_receivable_turnover_ratio": null,
            "reinvestment_rate": null,
            "research_to_sale_ratio": null,
            "price_fair": 0.24,
            "eps_avg_yearly": 0.08,
            "eps_latest_yearly": 0.08,
            "eps_growth_yearly": -240
        },
        "20052": {
            "year_quarter": 20052,
            "year": 2005,
            "quarter": 2,
            "eps": -0.11,
            "eps_growth_year": -650,
            "eps_4q": -1.43,
            "eps_4q_growth_year": null,
            "roe": -1.28,
            "roe_4q": -14.350000000000001,
            "gross_profit": 140345,
            "gross_margin": 8.2,
            "gross_margin_4q_avg": 7.4,
            "net_income": -40557,
            "net_income_4q": null,
            "revenue": 1710786,
            "revenue_4q": null,
            "common_shares": 3761834,
            "book_valuer_per_share": 8.42,
            "book_valuer_per_share_4q_avg": 8.74,
            "equity": 3167295,
            "current_ratio": 93.88,
            "debt_ratio": 55.37,
            "inventory_turnover_ratio": 3.79,
            "account_receivable_turnover_ratio": null,
            "reinvestment_rate": null,
            "research_to_sale_ratio": null,
            "price_fair": 0.24,
            "eps_avg_yearly": 0.08,
            "eps_latest_yearly": 0.08,
            "eps_growth_yearly": -240
        },
        "20053": {
            "year_quarter": 20053,
            "year": 2005,
            "quarter": 3,
            "eps": -0.11,
            "eps_growth_year": null,
            "eps_4q": -1.52,
            "eps_4q_growth_year": null,
            "roe": -1.34,
            "roe_4q": -15.48,
            "gross_profit": 118844,
            "gross_margin": 7.17,
            "gross_margin_4q_avg": 7.5,
            "net_income": -42372,
            "net_income_4q": null,
            "revenue": 1658529,
            "revenue_4q": null,
            "common_shares": 3761834,
            "book_valuer_per_share": 8.43,
            "book_valuer_per_share_4q_avg": 8.34,
            "equity": 3170987,
            "current_ratio": 92.33,
            "debt_ratio": 55.16,
            "inventory_turnover_ratio": 3.82,
            "account_receivable_turnover_ratio": null,
            "reinvestment_rate": null,
            "research_to_sale_ratio": null,
            "price_fair": 0.24,
            "eps_avg_yearly": 0.08,
            "eps_latest_yearly": 0.08,
            "eps_growth_yearly": -240
        },
        "20054": {
            "year_quarter": 20054,
            "year": 2005,
            "quarter": 4,
            "eps": -0.19,
            "eps_growth_year": null,
            "eps_4q": -0.12,
            "eps_4q_growth_year": null,
            "roe": -2.08,
            "roe_4q": -1.73,
            "gross_profit": 132057,
            "gross_margin": 6.78,
            "gross_margin_4q_avg": 7.42,
            "net_income": -72194,
            "net_income_4q": null,
            "revenue": 1946954,
            "revenue_4q": null,
            "common_shares": 3761834,
            "book_valuer_per_share": 8.26,
            "book_valuer_per_share_4q_avg": 8.38,
            "equity": 3783502,
            "current_ratio": 139.91,
            "debt_ratio": 57,
            "inventory_turnover_ratio": 2.44,
            "account_receivable_turnover_ratio": null,
            "reinvestment_rate": null,
            "research_to_sale_ratio": null,
            "price_fair": 0.24,
            "eps_avg_yearly": 0.08,
            "eps_latest_yearly": 0.08,
            "eps_growth_yearly": -240
        },
        "20061": {
            "year_quarter": 20061,
            "year": 2006,
            "quarter": 1,
            "eps": 3.55,
            "eps_growth_year": 1214.81,
            "eps_4q": 3.14,
            "eps_4q_growth_year": null,
            "roe": 32.52,
            "roe_4q": 27.820000000000004,
            "gross_profit": 122255,
            "gross_margin": 10.74,
            "gross_margin_4q_avg": 8.22,
            "net_income": 1334713,
            "net_income_4q": null,
            "revenue": 1137864,
            "revenue_4q": null,
            "common_shares": 3761834,
            "book_valuer_per_share": 11.76,
            "book_valuer_per_share_4q_avg": 9.22,
            "equity": 4424240,
            "current_ratio": 134.84,
            "debt_ratio": 44.76,
            "inventory_turnover_ratio": 1.38,
            "account_receivable_turnover_ratio": null,
            "reinvestment_rate": null,
            "research_to_sale_ratio": null,
            "price_fair": 0.24,
            "eps_avg_yearly": 0.08,
            "eps_latest_yearly": 0.08,
            "eps_growth_yearly": -240
        },
        "20062": {
            "year_quarter": 20062,
            "year": 2006,
            "quarter": 2,
            "eps": -0.65,
            "eps_growth_year": null,
            "eps_4q": 2.59,
            "eps_4q_growth_year": null,
            "roe": -5.69,
            "roe_4q": 23.41,
            "gross_profit": 119911,
            "gross_margin": 10.79,
            "gross_margin_4q_avg": 8.87,
            "net_income": -244037,
            "net_income_4q": null,
            "revenue": 1111115,
            "revenue_4q": null,
            "common_shares": 3761834,
            "book_valuer_per_share": 11.03,
            "book_valuer_per_share_4q_avg": 9.87,
            "equity": 4149941,
            "current_ratio": 135.37,
            "debt_ratio": 43.09,
            "inventory_turnover_ratio": 2.43,
            "account_receivable_turnover_ratio": null,
            "reinvestment_rate": null,
            "research_to_sale_ratio": null,
            "price_fair": 0.24,
            "eps_avg_yearly": 0.08,
            "eps_latest_yearly": 0.08,
            "eps_growth_yearly": -240
        },
        "20063": {
            "year_quarter": 20063,
            "year": 2006,
            "quarter": 3,
            "eps": -0.31,
            "eps_growth_year": null,
            "eps_4q": 2.4,
            "eps_4q_growth_year": null,
            "roe": -2.84,
            "roe_4q": 21.910000000000004,
            "gross_profit": 155766,
            "gross_margin": 10.91,
            "gross_margin_4q_avg": 9.81,
            "net_income": -116320,
            "net_income_4q": null,
            "revenue": 1428355,
            "revenue_4q": null,
            "common_shares": 3761834,
            "book_valuer_per_share": 10.77,
            "book_valuer_per_share_4q_avg": 10.46,
            "equity": 4050177,
            "current_ratio": 131.9,
            "debt_ratio": 44.77,
            "inventory_turnover_ratio": 2.91,
            "account_receivable_turnover_ratio": null,
            "reinvestment_rate": null,
            "research_to_sale_ratio": null,
            "price_fair": 0.24,
            "eps_avg_yearly": 0.08,
            "eps_latest_yearly": 0.08,
            "eps_growth_yearly": -240
        },
        "20064": {
            "year_quarter": 20064,
            "year": 2006,
            "quarter": 4,
            "eps": 0.07,
            "eps_growth_year": null,
            "eps_4q": 2.5,
            "eps_4q_growth_year": null,
            "roe": 0.64,
            "roe_4q": 24.630000000000003,
            "gross_profit": 146598,
            "gross_margin": 9.32,
            "gross_margin_4q_avg": 10.44,
            "net_income": 28086,
            "net_income_4q": null,
            "revenue": 1573611,
            "revenue_4q": null,
            "common_shares": 3761834,
            "book_valuer_per_share": 10.93,
            "book_valuer_per_share_4q_avg": 11.12,
            "equity": 4756092,
            "current_ratio": 181.19,
            "debt_ratio": 46.88,
            "inventory_turnover_ratio": 1.65,
            "account_receivable_turnover_ratio": null,
            "reinvestment_rate": -229.45,
            "research_to_sale_ratio": null,
            "price_fair": 0.24,
            "eps_avg_yearly": 0.08,
            "eps_latest_yearly": 0.08,
            "eps_growth_yearly": -240
        },
        "20071": {
            "year_quarter": 20071,
            "year": 2007,
            "quarter": 1,
            "eps": 1.3,
            "eps_growth_year": -63.38,
            "eps_4q": 0.42,
            "eps_4q_growth_year": -86.67,
            "roe": 10.42,
            "roe_4q": 2.5300000000000002,
            "gross_profit": 145364,
            "gross_margin": 10.8,
            "gross_margin_4q_avg": 10.46,
            "net_income": 489801,
            "net_income_4q": null,
            "revenue": 1346496,
            "revenue_4q": null,
            "common_shares": 3761834,
            "book_valuer_per_share": 12.35,
            "book_valuer_per_share_4q_avg": 11.27,
            "equity": 4645990,
            "current_ratio": 167.53,
            "debt_ratio": 40.71,
            "inventory_turnover_ratio": 1.45,
            "account_receivable_turnover_ratio": null,
            "reinvestment_rate": -66.84,
            "research_to_sale_ratio": null,
            "price_fair": 92.4,
            "eps_avg_yearly": 2.64,
            "eps_latest_yearly": 5.2,
            "eps_growth_yearly": 3394.29
        },
        "20072": {
            "year_quarter": 20072,
            "year": 2007,
            "quarter": 2,
            "eps": 1.96,
            "eps_growth_year": null,
            "eps_4q": 3.03,
            "eps_4q_growth_year": 16.63,
            "roe": 14.62,
            "roe_4q": 22.84,
            "gross_profit": 189483,
            "gross_margin": 11.84,
            "gross_margin_4q_avg": 10.72,
            "net_income": 738225,
            "net_income_4q": null,
            "revenue": 1599787,
            "revenue_4q": null,
            "common_shares": 3774199,
            "book_valuer_per_share": 14.44,
            "book_valuer_per_share_4q_avg": 12.12,
            "equity": 5450348,
            "current_ratio": 186.34,
            "debt_ratio": 37.82,
            "inventory_turnover_ratio": 4.23,
            "account_receivable_turnover_ratio": null,
            "reinvestment_rate": -22.64,
            "research_to_sale_ratio": null,
            "price_fair": 153.07,
            "eps_avg_yearly": 4.37,
            "eps_latest_yearly": 7.84,
            "eps_growth_yearly": 2330.55
        },
        "20073": {
            "year_quarter": 20073,
            "year": 2007,
            "quarter": 3,
            "eps": 0.36,
            "eps_growth_year": null,
            "eps_4q": 3.71,
            "eps_4q_growth_year": 54.83,
            "roe": 2.42,
            "roe_4q": 28.1,
            "gross_profit": 170098,
            "gross_margin": 9.86,
            "gross_margin_4q_avg": 10.46,
            "net_income": 134864,
            "net_income_4q": null,
            "revenue": 1726012,
            "revenue_4q": null,
            "common_shares": 3877244,
            "book_valuer_per_share": 14.7,
            "book_valuer_per_share_4q_avg": 13.11,
            "equity": 5699260,
            "current_ratio": 200.12,
            "debt_ratio": 35.27,
            "inventory_turnover_ratio": 5.23,
            "account_receivable_turnover_ratio": null,
            "reinvestment_rate": -20.39,
            "research_to_sale_ratio": null,
            "price_fair": 127.4,
            "eps_avg_yearly": 3.64,
            "eps_latest_yearly": 1.44,
            "eps_growth_yearly": 1666.28
        },
        "20074": {
            "year_quarter": 20074,
            "year": 2007,
            "quarter": 4,
            "eps": 0.42,
            "eps_growth_year": 500,
            "eps_4q": 4.01,
            "eps_4q_growth_year": 60.38,
            "roe": 2.61,
            "roe_4q": 30.07,
            "gross_profit": 120209,
            "gross_margin": 6.23,
            "gross_margin_4q_avg": 9.68,
            "net_income": 159584,
            "net_income_4q": null,
            "revenue": 1930482,
            "revenue_4q": null,
            "common_shares": 3883624,
            "book_valuer_per_share": 15.07,
            "book_valuer_per_share_4q_avg": 14.14,
            "equity": 6550292,
            "current_ratio": 214.88,
            "debt_ratio": 39.97,
            "inventory_turnover_ratio": 1.71,
            "account_receivable_turnover_ratio": null,
            "reinvestment_rate": -31.25,
            "research_to_sale_ratio": null,
            "price_fair": 113.68,
            "eps_avg_yearly": 3.25,
            "eps_latest_yearly": 1.68,
            "eps_growth_yearly": 1346.36
        },
        "20081": {
            "year_quarter": 20081,
            "year": 2008,
            "quarter": 1,
            "eps": 0.24,
            "eps_growth_year": -81.54,
            "eps_4q": 2.28,
            "eps_4q_growth_year": 445.22,
            "roe": 1.82,
            "roe_4q": 21.47,
            "gross_profit": 253781,
            "gross_margin": 7.41,
            "gross_margin_4q_avg": 8.84,
            "net_income": 118676,
            "net_income_4q": null,
            "revenue": 3426404,
            "revenue_4q": null,
            "common_shares": 3889244,
            "book_valuer_per_share": 15.06,
            "book_valuer_per_share_4q_avg": 14.82,
            "equity": 6480410,
            "current_ratio": 251.72,
            "debt_ratio": 33.79,
            "inventory_turnover_ratio": 2.57,
            "account_receivable_turnover_ratio": null,
            "reinvestment_rate": -2.46,
            "research_to_sale_ratio": null,
            "price_fair": 100.33,
            "eps_avg_yearly": 2.87,
            "eps_latest_yearly": 0.96,
            "eps_growth_yearly": 1093.39
        },
        "20082": {
            "year_quarter": 20082,
            "year": 2008,
            "quarter": 2,
            "eps": 0.27,
            "eps_growth_year": -86.22,
            "eps_4q": 1.52,
            "eps_4q_growth_year": -49.82,
            "roe": 1.55,
            "roe_4q": 8.4,
            "gross_profit": 167558,
            "gross_margin": 10.04,
            "gross_margin_4q_avg": 8.39,
            "net_income": 84905,
            "net_income_4q": null,
            "revenue": 1668535,
            "revenue_4q": null,
            "common_shares": 2129244,
            "book_valuer_per_share": 19.85,
            "book_valuer_per_share_4q_avg": 16.17,
            "equity": 4481618,
            "current_ratio": 230.89,
            "debt_ratio": 34.21,
            "inventory_turnover_ratio": 2.92,
            "account_receivable_turnover_ratio": null,
            "reinvestment_rate": -1.54,
            "research_to_sale_ratio": null,
            "price_fair": 106.17,
            "eps_avg_yearly": 3.03,
            "eps_latest_yearly": 1.08,
            "eps_growth_yearly": 1141.73
        },
        "20083": {
            "year_quarter": 20083,
            "year": 2008,
            "quarter": 3,
            "eps": -0.36,
            "eps_growth_year": -200,
            "eps_4q": 1.03,
            "eps_4q_growth_year": -72.27,
            "roe": -2.18,
            "roe_4q": 3.8,
            "gross_profit": 61538,
            "gross_margin": 5.3,
            "gross_margin_4q_avg": 7.25,
            "net_income": -97815,
            "net_income_4q": null,
            "revenue": 1161444,
            "revenue_4q": null,
            "common_shares": 2363945,
            "book_valuer_per_share": 17.73,
            "book_valuer_per_share_4q_avg": 16.93,
            "equity": 4482442,
            "current_ratio": 249.16,
            "debt_ratio": 31.86,
            "inventory_turnover_ratio": 3.26,
            "account_receivable_turnover_ratio": null,
            "reinvestment_rate": 1.27,
            "research_to_sale_ratio": null,
            "price_fair": 106.17,
            "eps_avg_yearly": 3.03,
            "eps_latest_yearly": 1.08,
            "eps_growth_yearly": 1141.73
        },
        "20084": {
            "year_quarter": 20084,
            "year": 2008,
            "quarter": 4,
            "eps": -0.28,
            "eps_growth_year": -166.67,
            "eps_4q": 0.01,
            "eps_4q_growth_year": -99.68,
            "roe": -2.16,
            "roe_4q": -0.97,
            "gross_profit": 80209,
            "gross_margin": 5.95,
            "gross_margin_4q_avg": 7.18,
            "net_income": -95516,
            "net_income_4q": null,
            "revenue": 1347803,
            "revenue_4q": null,
            "common_shares": 2288375,
            "book_valuer_per_share": 17.71,
            "book_valuer_per_share_4q_avg": 17.59,
            "equity": 4347273,
            "current_ratio": 276.23,
            "debt_ratio": 29.27,
            "inventory_turnover_ratio": 5.01,
            "account_receivable_turnover_ratio": 2.42,
            "reinvestment_rate": -21.43,
            "research_to_sale_ratio": null,
            "price_fair": 106.17,
            "eps_avg_yearly": 3.03,
            "eps_latest_yearly": 1.08,
            "eps_growth_yearly": 1141.73
        },
        "20091": {
            "year_quarter": 20091,
            "year": 2009,
            "quarter": 1,
            "eps": -0.23,
            "eps_growth_year": -195.83,
            "eps_4q": -0.61,
            "eps_4q_growth_year": -126.77,
            "roe": -1.42,
            "roe_4q": -4.21,
            "gross_profit": 63460,
            "gross_margin": 5.84,
            "gross_margin_4q_avg": 6.78,
            "net_income": -62743,
            "net_income_4q": null,
            "revenue": 1087384,
            "revenue_4q": null,
            "common_shares": 2288375,
            "book_valuer_per_share": 17.65,
            "book_valuer_per_share_4q_avg": 18.24,
            "equity": 4496949,
            "current_ratio": 282.4,
            "debt_ratio": 28.89,
            "inventory_turnover_ratio": 5.25,
            "account_receivable_turnover_ratio": 1,
            "reinvestment_rate": -1.92,
            "research_to_sale_ratio": null,
            "price_fair": 106.17,
            "eps_avg_yearly": 3.03,
            "eps_latest_yearly": 1.08,
            "eps_growth_yearly": 1141.73
        },
        "20092": {
            "year_quarter": 20092,
            "year": 2009,
            "quarter": 2,
            "eps": 0.41,
            "eps_growth_year": 51.85,
            "eps_4q": -0.75,
            "eps_4q_growth_year": -149.17,
            "roe": 1.81,
            "roe_4q": -3.95,
            "gross_profit": 134146,
            "gross_margin": 9.01,
            "gross_margin_4q_avg": 6.53,
            "net_income": 75920,
            "net_income_4q": null,
            "revenue": 1489266,
            "revenue_4q": null,
            "common_shares": 1808545,
            "book_valuer_per_share": 20.1,
            "book_valuer_per_share_4q_avg": 18.3,
            "equity": 3903076,
            "current_ratio": 207.3,
            "debt_ratio": 36.48,
            "inventory_turnover_ratio": 7.81,
            "account_receivable_turnover_ratio": 1.42,
            "reinvestment_rate": -2.28,
            "research_to_sale_ratio": null,
            "price_fair": 106.17,
            "eps_avg_yearly": 3.03,
            "eps_latest_yearly": 1.08,
            "eps_growth_yearly": 1141.73
        },
        "20093": {
            "year_quarter": 20093,
            "year": 2009,
            "quarter": 3,
            "eps": 0.06,
            "eps_growth_year": null,
            "eps_4q": -0.01,
            "eps_4q_growth_year": -101.04,
            "roe": -3.72,
            "roe_4q": -5.49,
            "gross_profit": 126293,
            "gross_margin": 9.6,
            "gross_margin_4q_avg": 7.6,
            "net_income": -144961,
            "net_income_4q": null,
            "revenue": 1315006,
            "revenue_4q": null,
            "common_shares": 1808545,
            "book_valuer_per_share": 19.98,
            "book_valuer_per_share_4q_avg": 18.86,
            "equity": 3896923,
            "current_ratio": 173.78,
            "debt_ratio": 41.95,
            "inventory_turnover_ratio": 4.43,
            "account_receivable_turnover_ratio": 1.26,
            "reinvestment_rate": 6.43,
            "research_to_sale_ratio": null,
            "price_fair": 92.2,
            "eps_avg_yearly": 2.63,
            "eps_latest_yearly": 0.24,
            "eps_growth_yearly": 929.84
        },
        "20094": {
            "year_quarter": 20094,
            "year": 2009,
            "quarter": 4,
            "eps": 0.5,
            "eps_growth_year": null,
            "eps_4q": 0.81,
            "eps_4q_growth_year": 6237.49,
            "roe": 5.7,
            "roe_4q": 2.37,
            "gross_profit": 112865,
            "gross_margin": 7.94,
            "gross_margin_4q_avg": 8.1,
            "net_income": 226812,
            "net_income_4q": null,
            "revenue": 1421498,
            "revenue_4q": null,
            "common_shares": 1880577,
            "book_valuer_per_share": 20.11,
            "book_valuer_per_share_4q_avg": 19.46,
            "equity": 4059682,
            "current_ratio": 232.24,
            "debt_ratio": 28.5,
            "inventory_turnover_ratio": 4.17,
            "account_receivable_turnover_ratio": 3.15,
            "reinvestment_rate": -7.78,
            "research_to_sale_ratio": null,
            "price_fair": 89.43,
            "eps_avg_yearly": 2.56,
            "eps_latest_yearly": 2,
            "eps_growth_yearly": 1180.28
        },
        "20101": {
            "year_quarter": 20101,
            "year": 2010,
            "quarter": 1,
            "eps": 0.04,
            "eps_growth_year": null,
            "eps_4q": 1.12,
            "eps_4q_growth_year": null,
            "roe": 0.33,
            "roe_4q": 4.12,
            "gross_profit": 171711,
            "gross_margin": 10.91,
            "gross_margin_4q_avg": 9.37,
            "net_income": 13302,
            "net_income_4q": null,
            "revenue": 1574485,
            "revenue_4q": null,
            "common_shares": 1880577,
            "book_valuer_per_share": 20.07,
            "book_valuer_per_share_4q_avg": 20.07,
            "equity": 4095183,
            "current_ratio": 239.02,
            "debt_ratio": 28.35,
            "inventory_turnover_ratio": 4.48,
            "account_receivable_turnover_ratio": 1.75,
            "reinvestment_rate": 28.27,
            "research_to_sale_ratio": 0.57,
            "price_fair": 80.11,
            "eps_avg_yearly": 2.29,
            "eps_latest_yearly": 0.16,
            "eps_growth_yearly": 1008.25
        },
        "20102": {
            "year_quarter": 20102,
            "year": 2010,
            "quarter": 2,
            "eps": 0.26,
            "eps_growth_year": -36.51,
            "eps_4q": 0.9,
            "eps_4q_growth_year": null,
            "roe": 1.53,
            "roe_4q": 3.8400000000000003,
            "gross_profit": 211020,
            "gross_margin": 12.33,
            "gross_margin_4q_avg": 10.2,
            "net_income": 63024,
            "net_income_4q": null,
            "revenue": 1711330,
            "revenue_4q": null,
            "common_shares": 1880577,
            "book_valuer_per_share": 20.59,
            "book_valuer_per_share_4q_avg": 20.19,
            "equity": 4149322,
            "current_ratio": 273.96,
            "debt_ratio": 24.26,
            "inventory_turnover_ratio": 3.72,
            "account_receivable_turnover_ratio": 1.78,
            "reinvestment_rate": 23.59,
            "research_to_sale_ratio": 0.86,
            "price_fair": 75.74,
            "eps_avg_yearly": 2.16,
            "eps_latest_yearly": 1.04,
            "eps_growth_yearly": 1127.42
        },
        "20103": {
            "year_quarter": 20103,
            "year": 2010,
            "quarter": 3,
            "eps": 0.36,
            "eps_growth_year": 500.93,
            "eps_4q": 1.19,
            "eps_4q_growth_year": null,
            "roe": 2,
            "roe_4q": 9.56,
            "gross_profit": 256881,
            "gross_margin": 13.94,
            "gross_margin_4q_avg": 11.28,
            "net_income": 83801,
            "net_income_4q": null,
            "revenue": 1842371,
            "revenue_4q": null,
            "common_shares": 1880577,
            "book_valuer_per_share": 20.87,
            "book_valuer_per_share_4q_avg": 20.41,
            "equity": 4238182,
            "current_ratio": 294.29,
            "debt_ratio": 25.74,
            "inventory_turnover_ratio": 3.79,
            "account_receivable_turnover_ratio": 1.78,
            "reinvestment_rate": 94.05,
            "research_to_sale_ratio": 0.65,
            "price_fair": 73.44,
            "eps_avg_yearly": 2.1,
            "eps_latest_yearly": 1.44,
            "eps_growth_yearly": 1038.92
        },
        "20104": {
            "year_quarter": 20104,
            "year": 2010,
            "quarter": 4,
            "eps": -0.06,
            "eps_growth_year": -111.75,
            "eps_4q": 0.6,
            "eps_4q_growth_year": -26.2,
            "roe": -0.05,
            "roe_4q": 3.81,
            "gross_profit": 165153,
            "gross_margin": 8.9,
            "gross_margin_4q_avg": 11.52,
            "net_income": -2109,
            "net_income_4q": null,
            "revenue": 1855685,
            "revenue_4q": null,
            "common_shares": 1880577,
            "book_valuer_per_share": 20.47,
            "book_valuer_per_share_4q_avg": 20.5,
            "equity": 4140682,
            "current_ratio": 320.41,
            "debt_ratio": 20.56,
            "inventory_turnover_ratio": 4.92,
            "account_receivable_turnover_ratio": 1.88,
            "reinvestment_rate": -1.54,
            "research_to_sale_ratio": 1.09,
            "price_fair": 73.44,
            "eps_avg_yearly": 2.1,
            "eps_latest_yearly": 1.44,
            "eps_growth_yearly": 1038.92
        },
        "20111": {
            "year_quarter": 20111,
            "year": 2011,
            "quarter": 1,
            "eps": 0.11,
            "eps_growth_year": 175,
            "eps_4q": 0.67,
            "eps_4q_growth_year": -40.04,
            "roe": 0.45,
            "roe_4q": 3.9299999999999997,
            "gross_profit": 189596,
            "gross_margin": 15.26,
            "gross_margin_4q_avg": 12.61,
            "net_income": 18784,
            "net_income_4q": null,
            "revenue": 1242746,
            "revenue_4q": null,
            "common_shares": 1880577,
            "book_valuer_per_share": 20.61,
            "book_valuer_per_share_4q_avg": 20.64,
            "equity": 4174309,
            "current_ratio": 264.68,
            "debt_ratio": 24.1,
            "inventory_turnover_ratio": 3.22,
            "account_receivable_turnover_ratio": 1.26,
            "reinvestment_rate": 45.02,
            "research_to_sale_ratio": 1.17,
            "price_fair": 62.58,
            "eps_avg_yearly": 1.79,
            "eps_latest_yearly": 1.44,
            "eps_growth_yearly": 439.95
        },
        "20112": {
            "year_quarter": 20112,
            "year": 2011,
            "quarter": 2,
            "eps": 0.09,
            "eps_growth_year": -63.86,
            "eps_4q": 0.51,
            "eps_4q_growth_year": -43.98,
            "roe": 0.74,
            "roe_4q": 3.1399999999999997,
            "gross_profit": 183280,
            "gross_margin": 10.99,
            "gross_margin_4q_avg": 12.27,
            "net_income": 30611,
            "net_income_4q": null,
            "revenue": 1667257,
            "revenue_4q": null,
            "common_shares": 1880577,
            "book_valuer_per_share": 20.28,
            "book_valuer_per_share_4q_avg": 20.56,
            "equity": 4117039,
            "current_ratio": 252.96,
            "debt_ratio": 24.76,
            "inventory_turnover_ratio": 4.18,
            "account_receivable_turnover_ratio": 1.56,
            "reinvestment_rate": 106.83,
            "research_to_sale_ratio": 0.74,
            "price_fair": 36.4,
            "eps_avg_yearly": 1.04,
            "eps_latest_yearly": 0.36,
            "eps_growth_yearly": 412.37
        },
        "20113": {
            "year_quarter": 20113,
            "year": 2011,
            "quarter": 3,
            "eps": 0.07,
            "eps_growth_year": -81.8,
            "eps_4q": 0.21,
            "eps_4q_growth_year": -82.33,
            "roe": 0.52,
            "roe_4q": 1.66,
            "gross_profit": 175737,
            "gross_margin": 12.49,
            "gross_margin_4q_avg": 11.91,
            "net_income": 21515,
            "net_income_4q": null,
            "revenue": 1406848,
            "revenue_4q": null,
            "common_shares": 1880577,
            "book_valuer_per_share": 20.26,
            "book_valuer_per_share_4q_avg": 20.41,
            "equity": 4191654,
            "current_ratio": 278.49,
            "debt_ratio": 23.17,
            "inventory_turnover_ratio": 3.63,
            "account_receivable_turnover_ratio": 1.31,
            "reinvestment_rate": 380.19,
            "research_to_sale_ratio": 0.5,
            "price_fair": 32.34,
            "eps_avg_yearly": 0.92,
            "eps_latest_yearly": 0.28,
            "eps_growth_yearly": 436.13
        },
        "20114": {
            "year_quarter": 20114,
            "year": 2011,
            "quarter": 4,
            "eps": 0.3,
            "eps_growth_year": null,
            "eps_4q": 0.57,
            "eps_4q_growth_year": -4.11,
            "roe": 1.55,
            "roe_4q": 3.2600000000000007,
            "gross_profit": 212441,
            "gross_margin": 17.38,
            "gross_margin_4q_avg": 14.03,
            "net_income": 64255,
            "net_income_4q": null,
            "revenue": 1222411,
            "revenue_4q": null,
            "common_shares": 1880577,
            "book_valuer_per_share": 20.14,
            "book_valuer_per_share_4q_avg": 20.32,
            "equity": 4119115,
            "current_ratio": 289.41,
            "debt_ratio": 21.91,
            "inventory_turnover_ratio": 3.37,
            "account_receivable_turnover_ratio": 1.22,
            "reinvestment_rate": 25.55,
            "research_to_sale_ratio": 0.64,
            "price_fair": 30.66,
            "eps_avg_yearly": 0.88,
            "eps_latest_yearly": 1.2,
            "eps_growth_yearly": 560.9
        },
        "20121": {
            "year_quarter": 20121,
            "year": 2012,
            "quarter": 1,
            "eps": 0.16,
            "eps_growth_year": 45.45,
            "eps_4q": 0.62,
            "eps_4q_growth_year": -7.55,
            "roe": 0.88,
            "roe_4q": 3.6900000000000004,
            "gross_profit": 171849,
            "gross_margin": 16.45,
            "gross_margin_4q_avg": 14.33,
            "net_income": 36194,
            "net_income_4q": null,
            "revenue": 1044439,
            "revenue_4q": null,
            "common_shares": 1880577,
            "book_valuer_per_share": 20.39,
            "book_valuer_per_share_4q_avg": 20.27,
            "equity": 4105306,
            "current_ratio": 263.51,
            "debt_ratio": 25.09,
            "inventory_turnover_ratio": 2.81,
            "account_receivable_turnover_ratio": 1.14,
            "reinvestment_rate": 500.28,
            "research_to_sale_ratio": 0.57,
            "price_fair": 29.54,
            "eps_avg_yearly": 0.84,
            "eps_latest_yearly": 0.64,
            "eps_growth_yearly": 559.37
        },
        "20122": {
            "year_quarter": 20122,
            "year": 2012,
            "quarter": 2,
            "eps": 0.18,
            "eps_growth_year": 95.83,
            "eps_4q": 0.71,
            "eps_4q_growth_year": 40.66,
            "roe": 1.19,
            "roe_4q": 4.140000000000001,
            "gross_profit": 222790,
            "gross_margin": 14.96,
            "gross_margin_4q_avg": 15.32,
            "net_income": 48930,
            "net_income_4q": null,
            "revenue": 1489607,
            "revenue_4q": null,
            "common_shares": 1880577,
            "book_valuer_per_share": 20.11,
            "book_valuer_per_share_4q_avg": 20.23,
            "equity": 4121671,
            "current_ratio": 311.4,
            "debt_ratio": 20.95,
            "inventory_turnover_ratio": 3.7,
            "account_receivable_turnover_ratio": 1.58,
            "reinvestment_rate": 37.12,
            "research_to_sale_ratio": 1.54,
            "price_fair": 28.28,
            "eps_avg_yearly": 0.81,
            "eps_latest_yearly": 0.72,
            "eps_growth_yearly": 559.37
        },
        "20123": {
            "year_quarter": 20123,
            "year": 2012,
            "quarter": 3,
            "eps": 0.17,
            "eps_growth_year": 155.68,
            "eps_4q": 0.81,
            "eps_4q_growth_year": 285.8,
            "roe": 1.13,
            "roe_4q": 4.75,
            "gross_profit": 248184,
            "gross_margin": 16.42,
            "gross_margin_4q_avg": 16.3,
            "net_income": 46942,
            "net_income_4q": null,
            "revenue": 1511204,
            "revenue_4q": null,
            "common_shares": 1880577,
            "book_valuer_per_share": 20.42,
            "book_valuer_per_share_4q_avg": 20.27,
            "equity": 4186670,
            "current_ratio": 319.05,
            "debt_ratio": 20.78,
            "inventory_turnover_ratio": 3.68,
            "account_receivable_turnover_ratio": 1.47,
            "reinvestment_rate": 369.85,
            "research_to_sale_ratio": 0.93,
            "price_fair": 27.87,
            "eps_avg_yearly": 0.8,
            "eps_latest_yearly": 0.68,
            "eps_growth_yearly": 506.5
        },
        "20124": {
            "year_quarter": 20124,
            "year": 2012,
            "quarter": 4,
            "eps": -0.42,
            "eps_growth_year": -237.12,
            "eps_4q": 0.09,
            "eps_4q_growth_year": -83.71,
            "roe": -1.44,
            "roe_4q": 1.7599999999999998,
            "gross_profit": 220625,
            "gross_margin": 15.76,
            "gross_margin_4q_avg": 15.9,
            "net_income": -60805,
            "net_income_4q": null,
            "revenue": 1399464,
            "revenue_4q": null,
            "common_shares": 1880577,
            "book_valuer_per_share": 20.77,
            "book_valuer_per_share_4q_avg": 20.42,
            "equity": 4272690,
            "current_ratio": 348.71,
            "debt_ratio": 18.76,
            "inventory_turnover_ratio": 3.09,
            "account_receivable_turnover_ratio": 1.4,
            "reinvestment_rate": 27.22,
            "research_to_sale_ratio": 0.64,
            "price_fair": 27.87,
            "eps_avg_yearly": 0.8,
            "eps_latest_yearly": 0.68,
            "eps_growth_yearly": 506.5
        },
        "20131": {
            "year_quarter": 20131,
            "year": 2013,
            "quarter": 1,
            "eps": 0.15,
            "eps_growth_year": -6.25,
            "eps_4q": 0.08,
            "eps_4q_growth_year": -87.03,
            "roe": 0.73,
            "roe_4q": 1.6099999999999999,
            "gross_profit": 175489,
            "gross_margin": 12.91,
            "gross_margin_4q_avg": 15.01,
            "net_income": 31283,
            "net_income_4q": null,
            "revenue": 1359461,
            "revenue_4q": null,
            "common_shares": 1880577,
            "book_valuer_per_share": 21.02,
            "book_valuer_per_share_4q_avg": 20.58,
            "equity": 4330446,
            "current_ratio": 341.18,
            "debt_ratio": 18.99,
            "inventory_turnover_ratio": 3.11,
            "account_receivable_turnover_ratio": 1.35,
            "reinvestment_rate": 25.34,
            "research_to_sale_ratio": 0.82,
            "price_fair": 27.87,
            "eps_avg_yearly": 0.8,
            "eps_latest_yearly": 0.68,
            "eps_growth_yearly": 506.5
        },
        "20132": {
            "year_quarter": 20132,
            "year": 2013,
            "quarter": 2,
            "eps": 0.12,
            "eps_growth_year": -34.86,
            "eps_4q": 0.01,
            "eps_4q_growth_year": -98.15,
            "roe": 0.56,
            "roe_4q": 0.98,
            "gross_profit": 257748,
            "gross_margin": 15.43,
            "gross_margin_4q_avg": 15.13,
            "net_income": 24585,
            "net_income_4q": null,
            "revenue": 1670200,
            "revenue_4q": null,
            "common_shares": 1880577,
            "book_valuer_per_share": 21.78,
            "book_valuer_per_share_4q_avg": 21,
            "equity": 4480084,
            "current_ratio": 355.46,
            "debt_ratio": 18.37,
            "inventory_turnover_ratio": 4.24,
            "account_receivable_turnover_ratio": 1.53,
            "reinvestment_rate": 53.37,
            "research_to_sale_ratio": 0.81,
            "price_fair": 26.95,
            "eps_avg_yearly": 0.77,
            "eps_latest_yearly": 0.48,
            "eps_growth_yearly": 457.62
        },
        "20133": {
            "year_quarter": 20133,
            "year": 2013,
            "quarter": 3,
            "eps": 0.13,
            "eps_growth_year": -22.53,
            "eps_4q": -0.02,
            "eps_4q_growth_year": -102.89,
            "roe": 0.63,
            "roe_4q": 0.48,
            "gross_profit": 192964,
            "gross_margin": 14.4,
            "gross_margin_4q_avg": 14.63,
            "net_income": 28025,
            "net_income_4q": null,
            "revenue": 1340416,
            "revenue_4q": null,
            "common_shares": 1824160,
            "book_valuer_per_share": 22.13,
            "book_valuer_per_share_4q_avg": 21.43,
            "equity": 4422293,
            "current_ratio": 344.75,
            "debt_ratio": 19.06,
            "inventory_turnover_ratio": 3.8,
            "account_receivable_turnover_ratio": 1.17,
            "reinvestment_rate": 9.24,
            "research_to_sale_ratio": 0.95,
            "price_fair": 27.77,
            "eps_avg_yearly": 0.79,
            "eps_latest_yearly": 0.52,
            "eps_growth_yearly": 488.86
        },
        "20134": {
            "year_quarter": 20134,
            "year": 2013,
            "quarter": 4,
            "eps": 0.07,
            "eps_growth_year": null,
            "eps_4q": 0.48,
            "eps_4q_growth_year": 409.86,
            "roe": 0.58,
            "roe_4q": 2.5,
            "gross_profit": 206626,
            "gross_margin": 15.88,
            "gross_margin_4q_avg": 14.66,
            "net_income": 25760,
            "net_income_4q": null,
            "revenue": 1301293,
            "revenue_4q": null,
            "common_shares": 1824160,
            "book_valuer_per_share": 22.53,
            "book_valuer_per_share_4q_avg": 21.87,
            "equity": 4511321,
            "current_ratio": 388.66,
            "debt_ratio": 16.97,
            "inventory_turnover_ratio": 4.27,
            "account_receivable_turnover_ratio": 1.15,
            "reinvestment_rate": -4.32,
            "research_to_sale_ratio": 0.96,
            "price_fair": 22.75,
            "eps_avg_yearly": 0.65,
            "eps_latest_yearly": 0.28,
            "eps_growth_yearly": 229.03
        },
        "20141": {
            "year_quarter": 20141,
            "year": 2014,
            "quarter": 1,
            "eps": 0.69,
            "eps_growth_year": 360,
            "eps_4q": 1.02,
            "eps_4q_growth_year": 1163.95,
            "roe": 3,
            "roe_4q": 4.77,
            "gross_profit": 267328,
            "gross_margin": 18.82,
            "gross_margin_4q_avg": 16.13,
            "net_income": 137641,
            "net_income_4q": null,
            "revenue": 1420365,
            "revenue_4q": null,
            "common_shares": 1824160,
            "book_valuer_per_share": 23.23,
            "book_valuer_per_share_4q_avg": 22.42,
            "equity": 4649333,
            "current_ratio": 410.27,
            "debt_ratio": 16.26,
            "inventory_turnover_ratio": 5.19,
            "account_receivable_turnover_ratio": 1.18,
            "reinvestment_rate": -10.61,
            "research_to_sale_ratio": 0.95,
            "price_fair": 30.33,
            "eps_avg_yearly": 0.87,
            "eps_latest_yearly": 2.76,
            "eps_growth_yearly": 554.93
        },
        "20142": {
            "year_quarter": 20142,
            "year": 2014,
            "quarter": 2,
            "eps": -0.03,
            "eps_growth_year": -125,
            "eps_4q": 0.87,
            "eps_4q_growth_year": 6499.44,
            "roe": 0.11,
            "roe_4q": 4.32,
            "gross_profit": 236847,
            "gross_margin": 20.96,
            "gross_margin_4q_avg": 17.52,
            "net_income": 5151,
            "net_income_4q": null,
            "revenue": 1129934,
            "revenue_4q": null,
            "common_shares": 1824160,
            "book_valuer_per_share": 23.11,
            "book_valuer_per_share_4q_avg": 22.75,
            "equity": 4634230,
            "current_ratio": 378.39,
            "debt_ratio": 17.22,
            "inventory_turnover_ratio": 3.79,
            "account_receivable_turnover_ratio": 0.9,
            "reinvestment_rate": -3.59,
            "research_to_sale_ratio": 0.96,
            "price_fair": 29.78,
            "eps_avg_yearly": 0.85,
            "eps_latest_yearly": 2.76,
            "eps_growth_yearly": 405.38
        },
        "20143": {
            "year_quarter": 20143,
            "year": 2014,
            "quarter": 3,
            "eps": 0.72,
            "eps_growth_year": 453.85,
            "eps_4q": 1.51,
            "eps_4q_growth_year": null,
            "roe": 3.02,
            "roe_4q": 6.71,
            "gross_profit": 231968,
            "gross_margin": 18.82,
            "gross_margin_4q_avg": 18.62,
            "net_income": 139498,
            "net_income_4q": null,
            "revenue": 1232783,
            "revenue_4q": null,
            "common_shares": 1714711,
            "book_valuer_per_share": 24.3,
            "book_valuer_per_share_4q_avg": 23.29,
            "equity": 4606146,
            "current_ratio": 411.16,
            "debt_ratio": 16.55,
            "inventory_turnover_ratio": 3.8,
            "account_receivable_turnover_ratio": 0.97,
            "reinvestment_rate": -330.16,
            "research_to_sale_ratio": 1.04,
            "price_fair": 27.72,
            "eps_avg_yearly": 0.79,
            "eps_latest_yearly": 2.76,
            "eps_growth_yearly": 430.54
        },
        "20144": {
            "year_quarter": 20144,
            "year": 2014,
            "quarter": 4,
            "eps": 0.54,
            "eps_growth_year": 672.47,
            "eps_4q": 1.98,
            "eps_4q_growth_year": 315.73,
            "roe": 2.36,
            "roe_4q": 8.49,
            "gross_profit": 286549,
            "gross_margin": 20.78,
            "gross_margin_4q_avg": 19.85,
            "net_income": 110532,
            "net_income_4q": null,
            "revenue": 1379164,
            "revenue_4q": null,
            "common_shares": 1714711,
            "book_valuer_per_share": 25.14,
            "book_valuer_per_share_4q_avg": 23.95,
            "equity": 4761237,
            "current_ratio": 354.68,
            "debt_ratio": 19.61,
            "inventory_turnover_ratio": 3.82,
            "account_receivable_turnover_ratio": 1,
            "reinvestment_rate": -16.95,
            "research_to_sale_ratio": 0.88,
            "price_fair": 32.07,
            "eps_avg_yearly": 0.92,
            "eps_latest_yearly": 2.16,
            "eps_growth_yearly": 382.31
        },
        "20151": {
            "year_quarter": 20151,
            "year": 2015,
            "quarter": 1,
            "eps": 0.49,
            "eps_growth_year": -28.99,
            "eps_4q": 1.75,
            "eps_4q_growth_year": 71.8,
            "roe": 2.02,
            "roe_4q": 7.510000000000001,
            "gross_profit": 257745,
            "gross_margin": 20.28,
            "gross_margin_4q_avg": 20.21,
            "net_income": 97240,
            "net_income_4q": null,
            "revenue": 1270856,
            "revenue_4q": null,
            "common_shares": 1714711,
            "book_valuer_per_share": 25.58,
            "book_valuer_per_share_4q_avg": 24.53,
            "equity": 4844403,
            "current_ratio": 470.79,
            "debt_ratio": 14.76,
            "inventory_turnover_ratio": 3.72,
            "account_receivable_turnover_ratio": 0.88,
            "reinvestment_rate": -47.94,
            "research_to_sale_ratio": 0.87,
            "price_fair": 35.12,
            "eps_avg_yearly": 1,
            "eps_latest_yearly": 1.96,
            "eps_growth_yearly": 347.36
        },
        "20152": {
            "year_quarter": 20152,
            "year": 2015,
            "quarter": 2,
            "eps": 0.1,
            "eps_growth_year": null,
            "eps_4q": 1.88,
            "eps_4q_growth_year": 116.18,
            "roe": 0.42,
            "roe_4q": 7.82,
            "gross_profit": 236718,
            "gross_margin": 21.06,
            "gross_margin_4q_avg": 20.24,
            "net_income": 19926,
            "net_income_4q": null,
            "revenue": 1124134,
            "revenue_4q": null,
            "common_shares": 1714711,
            "book_valuer_per_share": 24.58,
            "book_valuer_per_share_4q_avg": 24.9,
            "equity": 4672423,
            "current_ratio": 388.15,
            "debt_ratio": 17.91,
            "inventory_turnover_ratio": 3.65,
            "account_receivable_turnover_ratio": 0.79,
            "reinvestment_rate": -71.94,
            "research_to_sale_ratio": 0.98,
            "price_fair": 35.23,
            "eps_avg_yearly": 1.01,
            "eps_latest_yearly": 0.4,
            "eps_growth_yearly": 326.89
        },
        "20153": {
            "year_quarter": 20153,
            "year": 2015,
            "quarter": 3,
            "eps": 0.6,
            "eps_growth_year": -16.67,
            "eps_4q": 1.75,
            "eps_4q_growth_year": 16.07,
            "roe": 2.62,
            "roe_4q": 7.42,
            "gross_profit": 192659,
            "gross_margin": 20.29,
            "gross_margin_4q_avg": 20.6,
            "net_income": 124581,
            "net_income_4q": null,
            "revenue": 949647,
            "revenue_4q": null,
            "common_shares": 1714711,
            "book_valuer_per_share": 25.44,
            "book_valuer_per_share_4q_avg": 25.19,
            "equity": 4847176,
            "current_ratio": 409.05,
            "debt_ratio": 17.25,
            "inventory_turnover_ratio": 2.6,
            "account_receivable_turnover_ratio": 0.68,
            "reinvestment_rate": -223.86,
            "research_to_sale_ratio": 1.08,
            "price_fair": 41.42,
            "eps_avg_yearly": 1.18,
            "eps_latest_yearly": 2.4,
            "eps_growth_yearly": 500.96
        },
        "20154": {
            "year_quarter": 20154,
            "year": 2015,
            "quarter": 4,
            "eps": 0.94,
            "eps_growth_year": 73.52,
            "eps_4q": 2.15,
            "eps_4q_growth_year": 8.77,
            "roe": 3.35,
            "roe_4q": 8.41,
            "gross_profit": 217164,
            "gross_margin": 17.25,
            "gross_margin_4q_avg": 19.72,
            "net_income": 164420,
            "net_income_4q": null,
            "revenue": 1258855,
            "revenue_4q": null,
            "common_shares": 1714711,
            "book_valuer_per_share": 26.53,
            "book_valuer_per_share_4q_avg": 25.53,
            "equity": 4968946,
            "current_ratio": 363.11,
            "debt_ratio": 19.22,
            "inventory_turnover_ratio": 2.94,
            "account_receivable_turnover_ratio": 0.89,
            "reinvestment_rate": -10.33,
            "research_to_sale_ratio": 0.91,
            "price_fair": 48.88,
            "eps_avg_yearly": 1.4,
            "eps_latest_yearly": 3.76,
            "eps_growth_yearly": 410.33
        },
        "20161": {
            "year_quarter": 20161,
            "year": 2016,
            "quarter": 1,
            "eps": 0.17,
            "eps_growth_year": -65.31,
            "eps_4q": 1.82,
            "eps_4q_growth_year": 3.76,
            "roe": 0.67,
            "roe_4q": 7.0600000000000005,
            "gross_profit": 203882,
            "gross_margin": 22.3,
            "gross_margin_4q_avg": 20.23,
            "net_income": 33176,
            "net_income_4q": null,
            "revenue": 914427,
            "revenue_4q": null,
            "common_shares": 1714711,
            "book_valuer_per_share": 26.59,
            "book_valuer_per_share_4q_avg": 25.79,
            "equity": 4977866,
            "current_ratio": 377.17,
            "debt_ratio": 19.38,
            "inventory_turnover_ratio": 1.77,
            "account_receivable_turnover_ratio": 0.64,
            "reinvestment_rate": -189.99,
            "research_to_sale_ratio": 2.29,
            "price_fair": 49,
            "eps_avg_yearly": 1.4,
            "eps_latest_yearly": 0.68,
            "eps_growth_yearly": 398.58
        },
        "20162": {
            "year_quarter": 20162,
            "year": 2016,
            "quarter": 2,
            "eps": 0.22,
            "eps_growth_year": 120,
            "eps_4q": 1.93,
            "eps_4q_growth_year": 2.59,
            "roe": 0.92,
            "roe_4q": 7.5600000000000005,
            "gross_profit": 228072,
            "gross_margin": 19.59,
            "gross_margin_4q_avg": 19.86,
            "net_income": 44913,
            "net_income_4q": null,
            "revenue": 1164360,
            "revenue_4q": null,
            "common_shares": 1714711,
            "book_valuer_per_share": 25.71,
            "book_valuer_per_share_4q_avg": 26.07,
            "equity": 4829026,
            "current_ratio": 356.73,
            "debt_ratio": 20.31,
            "inventory_turnover_ratio": 2.57,
            "account_receivable_turnover_ratio": 0.85,
            "reinvestment_rate": -19.87,
            "research_to_sale_ratio": 1.7,
            "price_fair": 49.47,
            "eps_avg_yearly": 1.41,
            "eps_latest_yearly": 0.88,
            "eps_growth_yearly": 404.22
        },
        "20163": {
            "year_quarter": 20163,
            "year": 2016,
            "quarter": 3,
            "eps": 0.12,
            "eps_growth_year": -80,
            "eps_4q": 1.45,
            "eps_4q_growth_year": -17.04,
            "roe": 0.48,
            "roe_4q": 5.42,
            "gross_profit": 205997,
            "gross_margin": 22.02,
            "gross_margin_4q_avg": 20.29,
            "net_income": 23228,
            "net_income_4q": null,
            "revenue": 935541,
            "revenue_4q": null,
            "common_shares": 1714711,
            "book_valuer_per_share": 25.63,
            "book_valuer_per_share_4q_avg": 26.12,
            "equity": 4808538,
            "current_ratio": 439.54,
            "debt_ratio": 16.18,
            "inventory_turnover_ratio": 2.66,
            "account_receivable_turnover_ratio": 0.77,
            "reinvestment_rate": -172.98,
            "research_to_sale_ratio": 2.36,
            "price_fair": 48.88,
            "eps_avg_yearly": 1.4,
            "eps_latest_yearly": 0.48,
            "eps_growth_yearly": 390.92
        },
        "20164": {
            "year_quarter": 20164,
            "year": 2016,
            "quarter": 4,
            "eps": 0.44,
            "eps_growth_year": -53.87,
            "eps_4q": 0.95,
            "eps_4q_growth_year": -56.07,
            "roe": 1.86,
            "roe_4q": 3.9299999999999997,
            "gross_profit": 197060,
            "gross_margin": 19.1,
            "gross_margin_4q_avg": 20.75,
            "net_income": 90099,
            "net_income_4q": null,
            "revenue": 1031906,
            "revenue_4q": null,
            "common_shares": 1714711,
            "book_valuer_per_share": 26.03,
            "book_valuer_per_share_4q_avg": 25.99,
            "equity": 4895213,
            "current_ratio": 405.74,
            "debt_ratio": 17.52,
            "inventory_turnover_ratio": 2.77,
            "account_receivable_turnover_ratio": 0.95,
            "reinvestment_rate": -7.42,
            "research_to_sale_ratio": 2.4,
            "price_fair": 49.86,
            "eps_avg_yearly": 1.42,
            "eps_latest_yearly": 1.76,
            "eps_growth_yearly": 442.9
        },
        "20171": {
            "year_quarter": 20171,
            "year": 2017,
            "quarter": 1,
            "eps": -0.06,
            "eps_growth_year": -135.29,
            "eps_4q": 0.72,
            "eps_4q_growth_year": -60.43,
            "roe": -0.31,
            "roe_4q": 2.95,
            "gross_profit": 186674,
            "gross_margin": 19.38,
            "gross_margin_4q_avg": 20.02,
            "net_income": -14946,
            "net_income_4q": null,
            "revenue": 963087,
            "revenue_4q": null,
            "common_shares": 1714711,
            "book_valuer_per_share": 25.57,
            "book_valuer_per_share_4q_avg": 25.74,
            "equity": 4801151,
            "current_ratio": 411.79,
            "debt_ratio": 17.04,
            "inventory_turnover_ratio": 2.32,
            "account_receivable_turnover_ratio": 0.94,
            "reinvestment_rate": -7.83,
            "research_to_sale_ratio": 2.23,
            "price_fair": 49.86,
            "eps_avg_yearly": 1.42,
            "eps_latest_yearly": 1.76,
            "eps_growth_yearly": 442.9
        },
        "20172": {
            "year_quarter": 20172,
            "year": 2017,
            "quarter": 2,
            "eps": 0.28,
            "eps_growth_year": 27.27,
            "eps_4q": 0.78,
            "eps_4q_growth_year": -59.38,
            "roe": 1.16,
            "roe_4q": 3.19,
            "gross_profit": 217077,
            "gross_margin": 20.08,
            "gross_margin_4q_avg": 20.15,
            "net_income": 54865,
            "net_income_4q": null,
            "revenue": 1081176,
            "revenue_4q": null,
            "common_shares": 1714711,
            "book_valuer_per_share": 24.88,
            "book_valuer_per_share_4q_avg": 25.53,
            "equity": 4688449,
            "current_ratio": 374.87,
            "debt_ratio": 18.62,
            "inventory_turnover_ratio": 2.88,
            "account_receivable_turnover_ratio": 1.1,
            "reinvestment_rate": -16.52,
            "research_to_sale_ratio": 2.53,
            "price_fair": 52.62,
            "eps_avg_yearly": 1.5,
            "eps_latest_yearly": 1.76,
            "eps_growth_yearly": 486.47
        },
        "20173": {
            "year_quarter": 20173,
            "year": 2017,
            "quarter": 3,
            "eps": 0.24,
            "eps_growth_year": 100,
            "eps_4q": 0.91,
            "eps_4q_growth_year": -37.76,
            "roe": 1.02,
            "roe_4q": 3.7299999999999995,
            "gross_profit": 209206,
            "gross_margin": 21.61,
            "gross_margin_4q_avg": 20.04,
            "net_income": 47909,
            "net_income_4q": null,
            "revenue": 968189,
            "revenue_4q": null,
            "common_shares": 1714711,
            "book_valuer_per_share": 25.18,
            "book_valuer_per_share_4q_avg": 25.42,
            "equity": 4751882,
            "current_ratio": 414.77,
            "debt_ratio": 16.78,
            "inventory_turnover_ratio": 2.74,
            "account_receivable_turnover_ratio": 1,
            "reinvestment_rate": -14.76,
            "research_to_sale_ratio": 2.92,
            "price_fair": 53.9,
            "eps_avg_yearly": 1.54,
            "eps_latest_yearly": 0.96,
            "eps_growth_yearly": 478.93
        },
        "20174": {
            "year_quarter": 20174,
            "year": 2017,
            "quarter": 4,
            "eps": -0.13,
            "eps_growth_year": -128.91,
            "eps_4q": 0.34,
            "eps_4q_growth_year": -63.66,
            "roe": -0.49,
            "roe_4q": 1.38,
            "gross_profit": 200058,
            "gross_margin": 20.06,
            "gross_margin_4q_avg": 20.28,
            "net_income": -22967,
            "net_income_4q": null,
            "revenue": 997283,
            "revenue_4q": null,
            "common_shares": 1714711,
            "book_valuer_per_share": 25,
            "book_valuer_per_share_4q_avg": 25.16,
            "equity": 4716814,
            "current_ratio": 360.53,
            "debt_ratio": 19.79,
            "inventory_turnover_ratio": 2.58,
            "account_receivable_turnover_ratio": 0.97,
            "reinvestment_rate": -13.4,
            "research_to_sale_ratio": 2.78,
            "price_fair": 57.91,
            "eps_avg_yearly": 1.65,
            "eps_latest_yearly": 0.96,
            "eps_growth_yearly": 539.26
        },
        "20181": {
            "year_quarter": 20181,
            "year": 2018,
            "quarter": 1,
            "eps": 0.06,
            "eps_growth_year": null,
            "eps_4q": 0.46,
            "eps_4q_growth_year": -36.02,
            "roe": 0.16,
            "roe_4q": 1.85,
            "gross_profit": 177863,
            "gross_margin": 16.92,
            "gross_margin_4q_avg": 19.67,
            "net_income": 7436,
            "net_income_4q": null,
            "revenue": 1051024,
            "revenue_4q": null,
            "common_shares": 1714711,
            "book_valuer_per_share": 25.08,
            "book_valuer_per_share_4q_avg": 25.04,
            "equity": 4729653,
            "current_ratio": 396.25,
            "debt_ratio": 17.89,
            "inventory_turnover_ratio": 2.78,
            "account_receivable_turnover_ratio": 1.01,
            "reinvestment_rate": -13.58,
            "research_to_sale_ratio": 2.31,
            "price_fair": 54.04,
            "eps_avg_yearly": 1.54,
            "eps_latest_yearly": 0.96,
            "eps_growth_yearly": 238.9
        },
        "20182": {
            "year_quarter": 20182,
            "year": 2018,
            "quarter": 2,
            "eps": 0.77,
            "eps_growth_year": 175,
            "eps_4q": 0.95,
            "eps_4q_growth_year": 21.08,
            "roe": 3.27,
            "roe_4q": 3.9600000000000004,
            "gross_profit": 220699,
            "gross_margin": 18.28,
            "gross_margin_4q_avg": 19.22,
            "net_income": 154208,
            "net_income_4q": null,
            "revenue": 1207601,
            "revenue_4q": null,
            "common_shares": 1714711,
            "book_valuer_per_share": 24.91,
            "book_valuer_per_share_4q_avg": 25.04,
            "equity": 4710929,
            "current_ratio": 301.6,
            "debt_ratio": 24.29,
            "inventory_turnover_ratio": 2.4,
            "account_receivable_turnover_ratio": 1.07,
            "reinvestment_rate": -15.24,
            "research_to_sale_ratio": 1.96,
            "price_fair": 58.93,
            "eps_avg_yearly": 1.68,
            "eps_latest_yearly": 3.08,
            "eps_growth_yearly": 647.48
        },
        "20183": {
            "year_quarter": 20183,
            "year": 2018,
            "quarter": 3,
            "eps": 0.12,
            "eps_growth_year": -50,
            "eps_4q": 0.82,
            "eps_4q_growth_year": -9.34,
            "roe": 0.6,
            "roe_4q": 3.54,
            "gross_profit": 193553,
            "gross_margin": 20.23,
            "gross_margin_4q_avg": 18.87,
            "net_income": 27953,
            "net_income_4q": null,
            "revenue": 956988,
            "revenue_4q": null,
            "common_shares": 1714711,
            "book_valuer_per_share": 25.15,
            "book_valuer_per_share_4q_avg": 25.04,
            "equity": 4628165,
            "current_ratio": 336.38,
            "debt_ratio": 21.37,
            "inventory_turnover_ratio": 1.35,
            "account_receivable_turnover_ratio": 0.85,
            "reinvestment_rate": -1.74,
            "research_to_sale_ratio": 2.66,
            "price_fair": 55.42,
            "eps_avg_yearly": 1.58,
            "eps_latest_yearly": 0.48,
            "eps_growth_yearly": 565.39
        },
        "20184": {
            "year_quarter": 20184,
            "year": 2018,
            "quarter": 4,
            "eps": 0.7,
            "eps_growth_year": null,
            "eps_4q": 1.65,
            "eps_4q_growth_year": 378.89,
            "roe": 2.71,
            "roe_4q": 6.74,
            "gross_profit": 188489,
            "gross_margin": 21.28,
            "gross_margin_4q_avg": 19.18,
            "net_income": 127212,
            "net_income_4q": null,
            "revenue": 885917,
            "revenue_4q": null,
            "common_shares": 1714711,
            "book_valuer_per_share": 25.96,
            "book_valuer_per_share_4q_avg": 25.28,
            "equity": 4776080,
            "current_ratio": 338.65,
            "debt_ratio": 21.59,
            "inventory_turnover_ratio": 1.17,
            "account_receivable_turnover_ratio": 0.97,
            "reinvestment_rate": 3.31,
            "research_to_sale_ratio": 2.31,
            "price_fair": 57.28,
            "eps_avg_yearly": 1.64,
            "eps_latest_yearly": 2.8,
            "eps_growth_yearly": 734.83
        },
        "20191": {
            "year_quarter": 20191,
            "year": 2019,
            "quarter": 1,
            "eps": 1.03,
            "eps_growth_year": 1616.67,
            "eps_4q": 2.62,
            "eps_4q_growth_year": 468.97,
            "roe": 3.82,
            "roe_4q": 10.399999999999999,
            "gross_profit": 183864,
            "gross_margin": 18.78,
            "gross_margin_4q_avg": 19.64,
            "net_income": 186415,
            "net_income_4q": null,
            "revenue": 979116,
            "revenue_4q": null,
            "common_shares": 1714711,
            "book_valuer_per_share": 27.13,
            "book_valuer_per_share_4q_avg": 25.79,
            "equity": 4989199,
            "current_ratio": 336.67,
            "debt_ratio": 23.3,
            "inventory_turnover_ratio": 1.32,
            "account_receivable_turnover_ratio": 1.12,
            "reinvestment_rate": 3.36,
            "research_to_sale_ratio": 2.18,
            "price_fair": 63.58,
            "eps_avg_yearly": 1.82,
            "eps_latest_yearly": 4.12,
            "eps_growth_yearly": 753.63
        },
        "20192": {
            "year_quarter": 20192,
            "year": 2019,
            "quarter": 2,
            "eps": 0.09,
            "eps_growth_year": -88.31,
            "eps_4q": 1.94,
            "eps_4q_growth_year": 103.85,
            "roe": 0.41,
            "roe_4q": 7.539999999999999,
            "gross_profit": 162050,
            "gross_margin": 19.48,
            "gross_margin_4q_avg": 19.94,
            "net_income": 20454,
            "net_income_4q": null,
            "revenue": 831730,
            "revenue_4q": null,
            "common_shares": 1714711,
            "book_valuer_per_share": 26.24,
            "book_valuer_per_share_4q_avg": 26.12,
            "equity": 4894981,
            "current_ratio": 345.18,
            "debt_ratio": 22.5,
            "inventory_turnover_ratio": 1.12,
            "account_receivable_turnover_ratio": 0.96,
            "reinvestment_rate": 4.25,
            "research_to_sale_ratio": 3.23,
            "price_fair": 63.47,
            "eps_avg_yearly": 1.81,
            "eps_latest_yearly": 0.36,
            "eps_growth_yearly": 749.74
        },
        "20193": {
            "year_quarter": 20193,
            "year": 2019,
            "quarter": 3,
            "eps": 0.46,
            "eps_growth_year": 283.33,
            "eps_4q": 2.28,
            "eps_4q_growth_year": 178.16,
            "roe": 1.7,
            "roe_4q": 8.64,
            "gross_profit": 223378,
            "gross_margin": 21.49,
            "gross_margin_4q_avg": 20.26,
            "net_income": 83684,
            "net_income_4q": null,
            "revenue": 1039360,
            "revenue_4q": null,
            "common_shares": 1714711,
            "book_valuer_per_share": 26.48,
            "book_valuer_per_share_4q_avg": 26.45,
            "equity": 4934669,
            "current_ratio": 403.23,
            "debt_ratio": 19.18,
            "inventory_turnover_ratio": 1.55,
            "account_receivable_turnover_ratio": 1.28,
            "reinvestment_rate": -0.86,
            "research_to_sale_ratio": 2.52,
            "price_fair": 61.83,
            "eps_avg_yearly": 1.77,
            "eps_latest_yearly": 1.84,
            "eps_growth_yearly": 720.11
        },
        "20194": {
            "year_quarter": 20194,
            "year": 2019,
            "quarter": 4,
            "eps": 0.27,
            "eps_growth_year": -60.72,
            "eps_4q": 1.86,
            "eps_4q_growth_year": 12.85,
            "roe": 1.42,
            "roe_4q": 7.35,
            "gross_profit": 198672,
            "gross_margin": 22.4,
            "gross_margin_4q_avg": 20.54,
            "net_income": 70339,
            "net_income_4q": null,
            "revenue": 886858,
            "revenue_4q": null,
            "common_shares": 1714711,
            "book_valuer_per_share": 26.69,
            "book_valuer_per_share_4q_avg": 26.64,
            "equity": 4993733,
            "current_ratio": 374.14,
            "debt_ratio": 20.66,
            "inventory_turnover_ratio": 1.24,
            "account_receivable_turnover_ratio": 1.16,
            "reinvestment_rate": -20.92,
            "research_to_sale_ratio": 3.89,
            "price_fair": 54.02,
            "eps_avg_yearly": 1.54,
            "eps_latest_yearly": 1.08,
            "eps_growth_yearly": 687.45
        },
        "20201": {
            "year_quarter": 20201,
            "year": 2020,
            "quarter": 1,
            "eps": 0.1,
            "eps_growth_year": -90.29,
            "eps_4q": 0.93,
            "eps_4q_growth_year": -64.45,
            "roe": 0.4,
            "roe_4q": 3.9299999999999997,
            "gross_profit": 159668,
            "gross_margin": 23.4,
            "gross_margin_4q_avg": 21.69,
            "net_income": 20167,
            "net_income_4q": null,
            "revenue": 682451,
            "revenue_4q": null,
            "common_shares": 1714711,
            "book_valuer_per_share": 26.75,
            "book_valuer_per_share_4q_avg": 26.54,
            "equity": 4993789,
            "current_ratio": 402.2,
            "debt_ratio": 19.27,
            "inventory_turnover_ratio": 0.82,
            "account_receivable_turnover_ratio": 0.9,
            "reinvestment_rate": -3.82,
            "research_to_sale_ratio": 3.77,
            "price_fair": 53.2,
            "eps_avg_yearly": 1.52,
            "eps_latest_yearly": 0.4,
            "eps_growth_yearly": 693.77
        },
        "20202": {
            "year_quarter": 20202,
            "year": 2020,
            "quarter": 2,
            "eps": 0.21,
            "eps_growth_year": 133.33,
            "eps_4q": 1.05,
            "eps_4q_growth_year": -45.94,
            "roe": 0.78,
            "roe_4q": 4.3,
            "gross_profit": 207643,
            "gross_margin": 21.59,
            "gross_margin_4q_avg": 22.22,
            "net_income": 38302,
            "net_income_4q": null,
            "revenue": 961661,
            "revenue_4q": null,
            "common_shares": 1714711,
            "book_valuer_per_share": 26.08,
            "book_valuer_per_share_4q_avg": 26.5,
            "equity": 4866112,
            "current_ratio": 347.16,
            "debt_ratio": 21.71,
            "inventory_turnover_ratio": 1.13,
            "account_receivable_turnover_ratio": 1.26,
            "reinvestment_rate": -2.75,
            "research_to_sale_ratio": 2.86,
            "price_fair": 53.08,
            "eps_avg_yearly": 1.52,
            "eps_latest_yearly": 0.84,
            "eps_growth_yearly": 720.63
        },
        "20203": {
            "year_quarter": 20203,
            "year": 2020,
            "quarter": 3,
            "eps": -0.02,
            "eps_growth_year": -104.35,
            "eps_4q": 0.56,
            "eps_4q_growth_year": -75.35,
            "roe": 0.03,
            "roe_4q": 2.63,
            "gross_profit": 196228,
            "gross_margin": 20.26,
            "gross_margin_4q_avg": 21.91,
            "net_income": 1300,
            "net_income_4q": null,
            "revenue": 968627,
            "revenue_4q": null,
            "common_shares": 1714711,
            "book_valuer_per_share": 26.13,
            "book_valuer_per_share_4q_avg": 26.41,
            "equity": 4881473,
            "current_ratio": 283.71,
            "debt_ratio": 24.88,
            "inventory_turnover_ratio": 1.13,
            "account_receivable_turnover_ratio": 1.33,
            "reinvestment_rate": -3.82,
            "research_to_sale_ratio": 2.97,
            "price_fair": 56.38,
            "eps_avg_yearly": 1.61,
            "eps_latest_yearly": 0.84,
            "eps_growth_yearly": 802.68
        },
        "20204": {
            "year_quarter": 20204,
            "year": 2020,
            "quarter": 4,
            "eps": -0.17,
            "eps_growth_year": -161.54,
            "eps_4q": 0.12,
            "eps_4q_growth_year": -93.62,
            "roe": -0.6,
            "roe_4q": 0.6100000000000001,
            "gross_profit": 182605,
            "gross_margin": 19.97,
            "gross_margin_4q_avg": 21.31,
            "net_income": -29379,
            "net_income_4q": null,
            "revenue": 914410,
            "revenue_4q": null,
            "common_shares": 1714711,
            "book_valuer_per_share": 26.06,
            "book_valuer_per_share_4q_avg": 26.26,
            "equity": 4869154,
            "current_ratio": 280.87,
            "debt_ratio": 24.89,
            "inventory_turnover_ratio": 1.07,
            "account_receivable_turnover_ratio": 1.32,
            "reinvestment_rate": -2.45,
            "research_to_sale_ratio": 3.05,
            "price_fair": 55.86,
            "eps_avg_yearly": 1.6,
            "eps_latest_yearly": 0.84,
            "eps_growth_yearly": 776.28
        },
        "20211": {
            "year_quarter": 20211,
            "year": 2021,
            "quarter": 1,
            "eps": 0.32,
            "eps_growth_year": 220,
            "eps_4q": 0.34,
            "eps_4q_growth_year": -63.54,
            "roe": 1.09,
            "roe_4q": 1.3000000000000003,
            "gross_profit": 200910,
            "gross_margin": 20.9,
            "gross_margin_4q_avg": 20.68,
            "net_income": 52749,
            "net_income_4q": null,
            "revenue": 961228,
            "revenue_4q": null,
            "common_shares": 1714711,
            "book_valuer_per_share": 25.84,
            "book_valuer_per_share_4q_avg": 26.03,
            "equity": 4826000,
            "current_ratio": 224.54,
            "debt_ratio": 29.74,
            "inventory_turnover_ratio": 1.02,
            "account_receivable_turnover_ratio": 1.25,
            "reinvestment_rate": -0.41,
            "research_to_sale_ratio": 2.56,
            "price_fair": 55.86,
            "eps_avg_yearly": 1.6,
            "eps_latest_yearly": 0.84,
            "eps_growth_yearly": 776.28
        },
        "20212": {
            "year_quarter": 20212,
            "year": 2021,
            "quarter": 2,
            "eps": 0.43,
            "eps_growth_year": 104.76,
            "eps_4q": 0.56,
            "eps_4q_growth_year": -46.43,
            "roe": 1.69,
            "roe_4q": 2.21,
            "gross_profit": 191743,
            "gross_margin": 20.22,
            "gross_margin_4q_avg": 20.34,
            "net_income": 82226,
            "net_income_4q": null,
            "revenue": 948300,
            "revenue_4q": null,
            "common_shares": 1714711,
            "book_valuer_per_share": 26.21,
            "book_valuer_per_share_4q_avg": 26.06,
            "equity": 4884396,
            "current_ratio": 183.94,
            "debt_ratio": 32.84,
            "inventory_turnover_ratio": 0.88,
            "account_receivable_turnover_ratio": 1.11,
            "reinvestment_rate": 3.44,
            "research_to_sale_ratio": 2.59,
            "price_fair": 56.25,
            "eps_avg_yearly": 1.61,
            "eps_latest_yearly": 1.72,
            "eps_growth_yearly": 718.21
        },
        "20213": {
            "year_quarter": 20213,
            "year": 2021,
            "quarter": 3,
            "eps": -0.09,
            "eps_growth_year": null,
            "eps_4q": 0.49,
            "eps_4q_growth_year": -13.22,
            "roe": -0.39,
            "roe_4q": 1.7899999999999996,
            "gross_profit": 189595,
            "gross_margin": 24.78,
            "gross_margin_4q_avg": 21.47,
            "net_income": -19061,
            "net_income_4q": null,
            "revenue": 765175,
            "revenue_4q": null,
            "common_shares": 1714711,
            "book_valuer_per_share": 26.12,
            "book_valuer_per_share_4q_avg": 26.06,
            "equity": 4866008,
            "current_ratio": 176.07,
            "debt_ratio": 35.16,
            "inventory_turnover_ratio": 0.63,
            "account_receivable_turnover_ratio": 0.91,
            "reinvestment_rate": 4.28,
            "research_to_sale_ratio": 3.11,
            "price_fair": 58.52,
            "eps_avg_yearly": 1.67,
            "eps_latest_yearly": 1.72,
            "eps_growth_yearly": 795.74
        },
        "20214": {
            "year_quarter": 20214,
            "year": 2021,
            "quarter": 4,
            "eps": 0.5,
            "eps_growth_year": null,
            "eps_4q": 1.16,
            "eps_4q_growth_year": 877.03,
            "roe": 2.04,
            "roe_4q": 4.43,
            "gross_profit": 211714,
            "gross_margin": 17.29,
            "gross_margin_4q_avg": 20.8,
            "net_income": 100450,
            "net_income_4q": null,
            "revenue": 1224507,
            "revenue_4q": null,
            "common_shares": 1714711,
            "book_valuer_per_share": 26.67,
            "book_valuer_per_share_4q_avg": 26.21,
            "equity": 4975300,
            "current_ratio": 173.5,
            "debt_ratio": 36.91,
            "inventory_turnover_ratio": 0.98,
            "account_receivable_turnover_ratio": 1.52,
            "reinvestment_rate": -3.44,
            "research_to_sale_ratio": 1.72,
            "price_fair": 58.52,
            "eps_avg_yearly": 1.67,
            "eps_latest_yearly": 1.72,
            "eps_growth_yearly": 795.74
        },
        "20221": {
            "year_quarter": 20221,
            "year": 2022,
            "quarter": 1,
            "eps": 0.61,
            "eps_growth_year": 90.62,
            "eps_4q": 1.45,
            "eps_4q_growth_year": 326.93,
            "roe": 2.14,
            "roe_4q": 5.4799999999999995,
            "gross_profit": 238122,
            "gross_margin": 17.76,
            "gross_margin_4q_avg": 20.01,
            "net_income": 106388,
            "net_income_4q": null,
            "revenue": 1340613,
            "revenue_4q": null,
            "common_shares": 1714711,
            "book_valuer_per_share": 26.57,
            "book_valuer_per_share_4q_avg": 26.39,
            "equity": 4957181,
            "current_ratio": 165.12,
            "debt_ratio": 39.08,
            "inventory_turnover_ratio": 0.93,
            "account_receivable_turnover_ratio": 1.56,
            "reinvestment_rate": -0.59,
            "research_to_sale_ratio": 1.89,
            "price_fair": 60.96,
            "eps_avg_yearly": 1.74,
            "eps_latest_yearly": 2.44,
            "eps_growth_yearly": 731.4
        },
        "20222": {
            "year_quarter": 20222,
            "year": 2022,
            "quarter": 2,
            "eps": 1.01,
            "eps_growth_year": 134.88,
            "eps_4q": 2.03,
            "eps_4q_growth_year": 262.04,
            "roe": 3.53,
            "roe_4q": 7.32,
            "gross_profit": 328261,
            "gross_margin": 21,
            "gross_margin_4q_avg": 20.21,
            "net_income": 178024,
            "net_income_4q": null,
            "revenue": 1562825,
            "revenue_4q": null,
            "common_shares": 1714711,
            "book_valuer_per_share": 27.61,
            "book_valuer_per_share_4q_avg": 26.74,
            "equity": 5140644,
            "current_ratio": 172.65,
            "debt_ratio": 37.3,
            "inventory_turnover_ratio": 1.08,
            "account_receivable_turnover_ratio": 1.53,
            "reinvestment_rate": 4.25,
            "research_to_sale_ratio": 1.83,
            "price_fair": 64.02,
            "eps_avg_yearly": 1.83,
            "eps_latest_yearly": 4.04,
            "eps_growth_yearly": 324.94
        },
        "20223": {
            "year_quarter": 20223,
            "year": 2022,
            "quarter": 3,
            "eps": 1.11,
            "eps_growth_year": null,
            "eps_4q": 3.23,
            "eps_4q_growth_year": 562.21,
            "roe": 3.82,
            "roe_4q": 11.530000000000001,
            "gross_profit": 247131,
            "gross_margin": 22.06,
            "gross_margin_4q_avg": 19.53,
            "net_income": 200338,
            "net_income_4q": null,
            "revenue": 1120251,
            "revenue_4q": null,
            "common_shares": 1714711,
            "book_valuer_per_share": 28.73,
            "book_valuer_per_share_4q_avg": 27.4,
            "equity": 5341281,
            "current_ratio": 171.77,
            "debt_ratio": 38.69,
            "inventory_turnover_ratio": 0.74,
            "account_receivable_turnover_ratio": 1.04,
            "reinvestment_rate": 4.19,
            "research_to_sale_ratio": 2.68,
            "price_fair": 76.62,
            "eps_avg_yearly": 2.19,
            "eps_latest_yearly": 4.44,
            "eps_growth_yearly": 359.24
        },
        "20224": {
            "year_quarter": 20224,
            "year": 2022,
            "quarter": 4,
            "eps": -0.06,
            "eps_growth_year": -111.76,
            "eps_4q": 2.67,
            "eps_4q_growth_year": 130.83,
            "roe": -0.17,
            "roe_4q": 9.32,
            "gross_profit": 270000,
            "gross_margin": 22.02,
            "gross_margin_4q_avg": 20.71,
            "net_income": -8807,
            "net_income_4q": null,
            "revenue": 1226239,
            "revenue_4q": null,
            "common_shares": 1714711,
            "book_valuer_per_share": 28.64,
            "book_valuer_per_share_4q_avg": 27.89,
            "equity": 5328557,
            "current_ratio": 177.77,
            "debt_ratio": 36.95,
            "inventory_turnover_ratio": 0.75,
            "account_receivable_turnover_ratio": 1.31,
            "reinvestment_rate": -3.12,
            "research_to_sale_ratio": 2.48,
            "price_fair": 74.48,
            "eps_avg_yearly": 2.13,
            "eps_latest_yearly": 4.44,
            "eps_growth_yearly": 201.83
        },
        "20231": {
            "year_quarter": 20231,
            "year": 2023,
            "quarter": 1,
            "eps": 0.22,
            "eps_growth_year": -63.93,
            "eps_4q": 2.28,
            "eps_4q_growth_year": 57.79,
            "roe": 0.83,
            "roe_4q": 8.01,
            "gross_profit": 204397,
            "gross_margin": 21.56,
            "gross_margin_4q_avg": 21.66,
            "net_income": 43016,
            "net_income_4q": null,
            "revenue": 947828,
            "revenue_4q": null,
            "common_shares": 1714711,
            "book_valuer_per_share": 27.38,
            "book_valuer_per_share_4q_avg": 28.09,
            "equity": 5097640,
            "current_ratio": 161.74,
            "debt_ratio": 41.33,
            "inventory_turnover_ratio": 0.6,
            "account_receivable_turnover_ratio": 1.14,
            "reinvestment_rate": -4,
            "research_to_sale_ratio": 3.05,
            "price_fair": 66.73,
            "eps_avg_yearly": 1.91,
            "eps_latest_yearly": 4.44,
            "eps_growth_yearly": 203.3
        },
        "20232": {
            "year_quarter": 20232,
            "year": 2023,
            "quarter": 2,
            "eps": 1.97,
            "eps_growth_year": 95.05,
            "eps_4q": 3.25,
            "eps_4q_growth_year": 59.86,
            "roe": 6.58,
            "roe_4q": 11.06,
            "gross_profit": 278788,
            "gross_margin": 23.26,
            "gross_margin_4q_avg": 22.23,
            "net_income": 346298,
            "net_income_4q": null,
            "revenue": 1198647,
            "revenue_4q": null,
            "common_shares": 1714711,
            "book_valuer_per_share": 29.26,
            "book_valuer_per_share_4q_avg": 28.5,
            "equity": 5427080,
            "current_ratio": 168.61,
            "debt_ratio": 38.22,
            "inventory_turnover_ratio": 0.79,
            "account_receivable_turnover_ratio": 1.49,
            "reinvestment_rate": 11.67,
            "research_to_sale_ratio": 2.71,
            "price_fair": 95.98,
            "eps_avg_yearly": 2.74,
            "eps_latest_yearly": 7.88,
            "eps_growth_yearly": 597.4
        }
    },
    "months": {
        "2001-06": {
            "month": "2001-06",
            "price": "20.86",
            "revenue": 503471
        },
        "2001-07": {
            "month": "2001-07",
            "price": "17.81",
            "revenue": 431788
        },
        "2001-08": {
            "month": "2001-08",
            "price": "15.20",
            "revenue": 390903
        },
        "2001-09": {
            "month": "2001-09",
            "price": "11.41",
            "revenue": 313841
        },
        "2001-10": {
            "month": "2001-10",
            "price": "10.84",
            "revenue": 403020
        },
        "2001-11": {
            "month": "2001-11",
            "price": "11.60",
            "revenue": 429523
        },
        "2001-12": {
            "month": "2001-12",
            "price": "14.81",
            "revenue": 383538
        },
        "2002-01": {
            "month": "2002-01",
            "price": "19.55",
            "revenue": 343494
        },
        "2002-02": {
            "month": "2002-02",
            "price": "20.32",
            "revenue": 307323
        },
        "2002-03": {
            "month": "2002-03",
            "price": "22.13",
            "revenue": 506347
        },
        "2002-04": {
            "month": "2002-04",
            "price": "23.81",
            "revenue": 348690
        },
        "2002-05": {
            "month": "2002-05",
            "price": "17.17",
            "revenue": 340181
        },
        "2002-06": {
            "month": "2002-06",
            "price": "14.70",
            "revenue": 378604
        },
        "2002-07": {
            "month": "2002-07",
            "price": "13.12",
            "revenue": 341985
        },
        "2002-08": {
            "month": "2002-08",
            "price": "11.84",
            "revenue": 370361
        },
        "2002-09": {
            "month": "2002-09",
            "price": "10.30",
            "revenue": 383291
        },
        "2002-10": {
            "month": "2002-10",
            "price": "9.50",
            "revenue": 391564
        },
        "2002-11": {
            "month": "2002-11",
            "price": "9.84",
            "revenue": 482854
        },
        "2002-12": {
            "month": "2002-12",
            "price": "8.85",
            "revenue": 400689
        },
        "2003-01": {
            "month": "2003-01",
            "price": "8.67",
            "revenue": 363091
        },
        "2003-02": {
            "month": "2003-02",
            "price": "8.77",
            "revenue": 381107
        },
        "2003-03": {
            "month": "2003-03",
            "price": "8.11",
            "revenue": 501790
        },
        "2003-04": {
            "month": "2003-04",
            "price": "7.84",
            "revenue": 400333
        },
        "2003-05": {
            "month": "2003-05",
            "price": "8.24",
            "revenue": 502247
        },
        "2003-06": {
            "month": "2003-06",
            "price": "12.18",
            "revenue": 522643
        },
        "2003-07": {
            "month": "2003-07",
            "price": "14.32",
            "revenue": 522573
        },
        "2003-08": {
            "month": "2003-08",
            "price": "12.97",
            "revenue": 562053
        },
        "2003-09": {
            "month": "2003-09",
            "price": "11.60",
            "revenue": 600349
        },
        "2003-10": {
            "month": "2003-10",
            "price": "11.42",
            "revenue": 630383
        },
        "2003-11": {
            "month": "2003-11",
            "price": "11.96",
            "revenue": 656199
        },
        "2003-12": {
            "month": "2003-12",
            "price": "12.04",
            "revenue": 679447
        },
        "2004-01": {
            "month": "2004-01",
            "price": "12.12",
            "revenue": 535046
        },
        "2004-02": {
            "month": "2004-02",
            "price": "12.66",
            "revenue": 599729
        },
        "2004-03": {
            "month": "2004-03",
            "price": "12.06",
            "revenue": 637285
        },
        "2004-04": {
            "month": "2004-04",
            "price": "13.42",
            "revenue": 725471
        },
        "2004-05": {
            "month": "2004-05",
            "price": "10.80",
            "revenue": 772682
        },
        "2004-06": {
            "month": "2004-06",
            "price": "9.49",
            "revenue": 790237
        },
        "2004-07": {
            "month": "2004-07",
            "price": "8.01",
            "revenue": 669645
        },
        "2004-08": {
            "month": "2004-08",
            "price": "8.12",
            "revenue": 690759
        },
        "2004-09": {
            "month": "2004-09",
            "price": "7.68",
            "revenue": 620574
        },
        "2004-10": {
            "month": "2004-10",
            "price": "6.90",
            "revenue": 640694
        },
        "2004-11": {
            "month": "2004-11",
            "price": "6.75",
            "revenue": 703953
        },
        "2004-12": {
            "month": "2004-12",
            "price": "6.68",
            "revenue": 695408
        },
        "2005-01": {
            "month": "2005-01",
            "price": "6.27",
            "revenue": 561254
        },
        "2005-02": {
            "month": "2005-02",
            "price": "6.19",
            "revenue": 480141
        },
        "2005-03": {
            "month": "2005-03",
            "price": "6.15",
            "revenue": 703770
        },
        "2005-04": {
            "month": "2005-04",
            "price": "5.28",
            "revenue": 652496
        },
        "2005-05": {
            "month": "2005-05",
            "price": "5.58",
            "revenue": 546038
        },
        "2005-06": {
            "month": "2005-06",
            "price": "6.05",
            "revenue": 511661
        },
        "2005-07": {
            "month": "2005-07",
            "price": "6.25",
            "revenue": 496572
        },
        "2005-08": {
            "month": "2005-08",
            "price": "5.86",
            "revenue": 524482
        },
        "2005-09": {
            "month": "2005-09",
            "price": "5.31",
            "revenue": 636266
        },
        "2005-10": {
            "month": "2005-10",
            "price": "4.49",
            "revenue": 668395
        },
        "2005-11": {
            "month": "2005-11",
            "price": "4.39",
            "revenue": 696922
        },
        "2005-12": {
            "month": "2005-12",
            "price": "5.78",
            "revenue": 582427
        },
        "2006-01": {
            "month": "2006-01",
            "price": "6.37",
            "revenue": 411927
        },
        "2006-02": {
            "month": "2006-02",
            "price": "6.07",
            "revenue": 341069
        },
        "2006-03": {
            "month": "2006-03",
            "price": "5.84",
            "revenue": 384776
        },
        "2006-04": {
            "month": "2006-04",
            "price": "6.29",
            "revenue": 325809
        },
        "2006-05": {
            "month": "2006-05",
            "price": "10.98",
            "revenue": 359142
        },
        "2006-06": {
            "month": "2006-06",
            "price": "9.14",
            "revenue": 426268
        },
        "2006-07": {
            "month": "2006-07",
            "price": "8.91",
            "revenue": 377268
        },
        "2006-08": {
            "month": "2006-08",
            "price": "8.97",
            "revenue": 542509
        },
        "2006-09": {
            "month": "2006-09",
            "price": "7.93",
            "revenue": 509036
        },
        "2006-10": {
            "month": "2006-10",
            "price": "8.83",
            "revenue": 523951
        },
        "2006-11": {
            "month": "2006-11",
            "price": "10.93",
            "revenue": 498339
        },
        "2006-12": {
            "month": "2006-12",
            "price": "10.51",
            "revenue": 555097
        },
        "2007-01": {
            "month": "2007-01",
            "price": "10.42",
            "revenue": 431445
        },
        "2007-02": {
            "month": "2007-02",
            "price": "10.27",
            "revenue": 303331
        },
        "2007-03": {
            "month": "2007-03",
            "price": "10.97",
            "revenue": 585922
        },
        "2007-04": {
            "month": "2007-04",
            "price": "12.84",
            "revenue": 616170
        },
        "2007-05": {
            "month": "2007-05",
            "price": "14.74",
            "revenue": 546402
        },
        "2007-06": {
            "month": "2007-06",
            "price": "16.68",
            "revenue": 441186
        },
        "2007-07": {
            "month": "2007-07",
            "price": "23.74",
            "revenue": 536973
        },
        "2007-08": {
            "month": "2007-08",
            "price": "26.40",
            "revenue": 588676
        },
        "2007-09": {
            "month": "2007-09",
            "price": "28.03",
            "revenue": 601551
        },
        "2007-10": {
            "month": "2007-10",
            "price": "27.97",
            "revenue": 654639
        },
        "2007-11": {
            "month": "2007-11",
            "price": "22.79",
            "revenue": 642895
        },
        "2007-12": {
            "month": "2007-12",
            "price": "18.75",
            "revenue": 636612
        },
        "2008-01": {
            "month": "2008-01",
            "price": "19.62",
            "revenue": 539497
        },
        "2008-02": {
            "month": "2008-02",
            "price": "18.62",
            "revenue": 438598
        },
        "2008-03": {
            "month": "2008-03",
            "price": "19.76",
            "revenue": 599338
        },
        "2008-04": {
            "month": "2008-04",
            "price": "19.64",
            "revenue": 611752
        },
        "2008-05": {
            "month": "2008-05",
            "price": "24.09",
            "revenue": 360703
        },
        "2008-06": {
            "month": "2008-06",
            "price": "18.75",
            "revenue": 255954
        },
        "2008-07": {
            "month": "2008-07",
            "price": "13.49",
            "revenue": 278810
        },
        "2008-08": {
            "month": "2008-08",
            "price": "13.09",
            "revenue": 233485
        },
        "2008-09": {
            "month": "2008-09",
            "price": "9.52",
            "revenue": 283142
        },
        "2008-10": {
            "month": "2008-10",
            "price": "7.57",
            "revenue": 396169
        },
        "2008-11": {
            "month": "2008-11",
            "price": "6.70",
            "revenue": 238941
        },
        "2008-12": {
            "month": "2008-12",
            "price": "6.45",
            "revenue": 358007
        },
        "2009-01": {
            "month": "2009-01",
            "price": "6.26",
            "revenue": 228831
        },
        "2009-02": {
            "month": "2009-02",
            "price": "6.25",
            "revenue": 240607
        },
        "2009-03": {
            "month": "2009-03",
            "price": "8.26",
            "revenue": 323320
        },
        "2009-04": {
            "month": "2009-04",
            "price": "9.08",
            "revenue": 433247
        },
        "2009-05": {
            "month": "2009-05",
            "price": "8.86",
            "revenue": 360330
        },
        "2009-06": {
            "month": "2009-06",
            "price": "9.03",
            "revenue": 361404
        },
        "2009-07": {
            "month": "2009-07",
            "price": "10.67",
            "revenue": 317743
        },
        "2009-08": {
            "month": "2009-08",
            "price": "12.13",
            "revenue": 317638
        },
        "2009-09": {
            "month": "2009-09",
            "price": "12.51",
            "revenue": 323899
        },
        "2009-10": {
            "month": "2009-10",
            "price": "13.88",
            "revenue": 335554
        },
        "2009-11": {
            "month": "2009-11",
            "price": "13.88",
            "revenue": 323307
        },
        "2009-12": {
            "month": "2009-12",
            "price": "15.26",
            "revenue": 367537
        },
        "2010-01": {
            "month": "2010-01",
            "price": "14.98",
            "revenue": 376133
        },
        "2010-02": {
            "month": "2010-02",
            "price": "12.79",
            "revenue": 237680
        },
        "2010-03": {
            "month": "2010-03",
            "price": "14.02",
            "revenue": 490521
        },
        "2010-04": {
            "month": "2010-04",
            "price": "14.78",
            "revenue": 401288
        },
        "2010-05": {
            "month": "2010-05",
            "price": "13.55",
            "revenue": 404087
        },
        "2010-06": {
            "month": "2010-06",
            "price": "13.43",
            "revenue": 375820
        },
        "2010-07": {
            "month": "2010-07",
            "price": "13.57",
            "revenue": 489124
        },
        "2010-08": {
            "month": "2010-08",
            "price": "14.10",
            "revenue": 572741
        },
        "2010-09": {
            "month": "2010-09",
            "price": "14.54",
            "revenue": 513259
        },
        "2010-10": {
            "month": "2010-10",
            "price": "14.90",
            "revenue": 328971
        },
        "2010-11": {
            "month": "2010-11",
            "price": "14.36",
            "revenue": 360110
        },
        "2010-12": {
            "month": "2010-12",
            "price": "14.62",
            "revenue": 343741
        },
        "2011-01": {
            "month": "2011-01",
            "price": "14.44",
            "revenue": 311962
        },
        "2011-02": {
            "month": "2011-02",
            "price": "13.67",
            "revenue": 248032
        },
        "2011-03": {
            "month": "2011-03",
            "price": "13.10",
            "revenue": 407509
        },
        "2011-04": {
            "month": "2011-04",
            "price": "13.01",
            "revenue": 332797
        },
        "2011-05": {
            "month": "2011-05",
            "price": "13.34",
            "revenue": 287451
        },
        "2011-06": {
            "month": "2011-06",
            "price": "12.66",
            "revenue": 380370
        },
        "2011-07": {
            "month": "2011-07",
            "price": "12.26",
            "revenue": 250144
        },
        "2011-08": {
            "month": "2011-08",
            "price": "10.71",
            "revenue": 316364
        },
        "2011-09": {
            "month": "2011-09",
            "price": "10.22",
            "revenue": 247258
        },
        "2011-10": {
            "month": "2011-10",
            "price": "9.98",
            "revenue": 277495
        },
        "2011-11": {
            "month": "2011-11",
            "price": "10.04",
            "revenue": 431472
        },
        "2011-12": {
            "month": "2011-12",
            "price": "9.88",
            "revenue": 241832
        },
        "2012-01": {
            "month": "2012-01",
            "price": "9.91",
            "revenue": 168837
        },
        "2012-02": {
            "month": "2012-02",
            "price": "11.13",
            "revenue": 164819
        },
        "2012-03": {
            "month": "2012-03",
            "price": "10.67",
            "revenue": 211019
        },
        "2012-04": {
            "month": "2012-04",
            "price": "10.30",
            "revenue": 240381
        },
        "2012-05": {
            "month": "2012-05",
            "price": "10.07",
            "revenue": 395286
        },
        "2012-06": {
            "month": "2012-06",
            "price": "9.86",
            "revenue": 340264
        },
        "2012-07": {
            "month": "2012-07",
            "price": "9.96",
            "revenue": 273451
        },
        "2012-08": {
            "month": "2012-08",
            "price": "10.05",
            "revenue": 300966
        },
        "2012-09": {
            "month": "2012-09",
            "price": "10.67",
            "revenue": 263177
        },
        "2012-10": {
            "month": "2012-10",
            "price": "11.99",
            "revenue": 233395
        },
        "2012-11": {
            "month": "2012-11",
            "price": "11.69",
            "revenue": 322432
        },
        "2012-12": {
            "month": "2012-12",
            "price": "12.18",
            "revenue": 323117
        },
        "2013-01": {
            "month": "2013-01",
            "price": "11.82",
            "revenue": 528503
        },
        "2013-02": {
            "month": "2013-02",
            "price": "11.76",
            "revenue": 299557
        },
        "2013-03": {
            "month": "2013-03",
            "price": "12.07",
            "revenue": 510614
        },
        "2013-04": {
            "month": "2013-04",
            "price": "12.23",
            "revenue": 542548
        },
        "2013-05": {
            "month": "2013-05",
            "price": "13.22",
            "revenue": 609512
        },
        "2013-06": {
            "month": "2013-06",
            "price": "13.20",
            "revenue": 531750
        },
        "2013-07": {
            "month": "2013-07",
            "price": "13.20",
            "revenue": 520341
        },
        "2013-08": {
            "month": "2013-08",
            "price": "12.89",
            "revenue": 364491
        },
        "2013-09": {
            "month": "2013-09",
            "price": "12.95",
            "revenue": 455105
        },
        "2013-10": {
            "month": "2013-10",
            "price": "12.86",
            "revenue": 373126
        },
        "2013-11": {
            "month": "2013-11",
            "price": "12.80",
            "revenue": 474286
        },
        "2013-12": {
            "month": "2013-12",
            "price": "13.00",
            "revenue": 448941
        },
        "2014-01": {
            "month": "2014-01",
            "price": "13.69",
            "revenue": 715668
        },
        "2014-02": {
            "month": "2014-02",
            "price": "16.18",
            "revenue": 332261
        },
        "2014-03": {
            "month": "2014-03",
            "price": "18.97",
            "revenue": 370316
        },
        "2014-04": {
            "month": "2014-04",
            "price": "19.66",
            "revenue": 410238
        },
        "2014-05": {
            "month": "2014-05",
            "price": "21.68",
            "revenue": 402086
        },
        "2014-06": {
            "month": "2014-06",
            "price": "20.31",
            "revenue": 326604
        },
        "2014-07": {
            "month": "2014-07",
            "price": "18.35",
            "revenue": 369548
        },
        "2014-08": {
            "month": "2014-08",
            "price": "17.42",
            "revenue": 351337
        },
        "2014-09": {
            "month": "2014-09",
            "price": "18.35",
            "revenue": 479811
        },
        "2014-10": {
            "month": "2014-10",
            "price": "17.58",
            "revenue": 465722
        },
        "2014-11": {
            "month": "2014-11",
            "price": "18.14",
            "revenue": 453541
        },
        "2014-12": {
            "month": "2014-12",
            "price": "20.05",
            "revenue": 480136
        },
        "2015-01": {
            "month": "2015-01",
            "price": "19.69",
            "revenue": 400828
        },
        "2015-02": {
            "month": "2015-02",
            "price": "18.42",
            "revenue": 497916
        },
        "2015-03": {
            "month": "2015-03",
            "price": "19.57",
            "revenue": 343766
        },
        "2015-04": {
            "month": "2015-04",
            "price": "20.02",
            "revenue": 399786
        },
        "2015-05": {
            "month": "2015-05",
            "price": "18.34",
            "revenue": 392714
        },
        "2015-06": {
            "month": "2015-06",
            "price": "16.70",
            "revenue": 359980
        },
        "2015-07": {
            "month": "2015-07",
            "price": "15.64",
            "revenue": 346948
        },
        "2015-08": {
            "month": "2015-08",
            "price": "13.82",
            "revenue": 334645
        },
        "2015-09": {
            "month": "2015-09",
            "price": "14.16",
            "revenue": 263184
        },
        "2015-10": {
            "month": "2015-10",
            "price": "14.52",
            "revenue": 309324
        },
        "2015-11": {
            "month": "2015-11",
            "price": "14.61",
            "revenue": 371971
        },
        "2015-12": {
            "month": "2015-12",
            "price": "14.61",
            "revenue": 581188
        },
        "2016-01": {
            "month": "2016-01",
            "price": "15.81",
            "revenue": 393301
        },
        "2016-02": {
            "month": "2016-02",
            "price": "15.37",
            "revenue": 243462
        },
        "2016-03": {
            "month": "2016-03",
            "price": "16.06",
            "revenue": 277508
        },
        "2016-04": {
            "month": "2016-04",
            "price": "15.89",
            "revenue": 529389
        },
        "2016-05": {
            "month": "2016-05",
            "price": "14.81",
            "revenue": 329043
        },
        "2016-06": {
            "month": "2016-06",
            "price": "14.88",
            "revenue": 308345
        },
        "2016-07": {
            "month": "2016-07",
            "price": "14.08",
            "revenue": 276569
        },
        "2016-08": {
            "month": "2016-08",
            "price": "13.98",
            "revenue": 353961
        },
        "2016-09": {
            "month": "2016-09",
            "price": "15.22",
            "revenue": 309152
        },
        "2016-10": {
            "month": "2016-10",
            "price": "14.67",
            "revenue": 281362
        },
        "2016-11": {
            "month": "2016-11",
            "price": "13.79",
            "revenue": 348489
        },
        "2016-12": {
            "month": "2016-12",
            "price": "14.72",
            "revenue": 382424
        },
        "2017-01": {
            "month": "2017-01",
            "price": "15.22",
            "revenue": 331006
        },
        "2017-02": {
            "month": "2017-02",
            "price": "15.59",
            "revenue": 307911
        },
        "2017-03": {
            "month": "2017-03",
            "price": "16.41",
            "revenue": 319019
        },
        "2017-04": {
            "month": "2017-04",
            "price": "17.03",
            "revenue": 402412
        },
        "2017-05": {
            "month": "2017-05",
            "price": "18.46",
            "revenue": 330816
        },
        "2017-06": {
            "month": "2017-06",
            "price": "19.44",
            "revenue": 344173
        },
        "2017-07": {
            "month": "2017-07",
            "price": "18.39",
            "revenue": 295860
        },
        "2017-08": {
            "month": "2017-08",
            "price": "20.67",
            "revenue": 315887
        },
        "2017-09": {
            "month": "2017-09",
            "price": "23.03",
            "revenue": 367527
        },
        "2017-10": {
            "month": "2017-10",
            "price": "23.14",
            "revenue": 296407
        },
        "2017-11": {
            "month": "2017-11",
            "price": "21.91",
            "revenue": 367608
        },
        "2017-12": {
            "month": "2017-12",
            "price": "22.32",
            "revenue": 318462
        },
        "2018-01": {
            "month": "2018-01",
            "price": "26.02",
            "revenue": 323062
        },
        "2018-02": {
            "month": "2018-02",
            "price": "23.61",
            "revenue": 254016
        },
        "2018-03": {
            "month": "2018-03",
            "price": "22.93",
            "revenue": 318040
        },
        "2018-04": {
            "month": "2018-04",
            "price": "21.87",
            "revenue": 412393
        },
        "2018-05": {
            "month": "2018-05",
            "price": "21.33",
            "revenue": 419095
        },
        "2018-06": {
            "month": "2018-06",
            "price": "22.72",
            "revenue": 379423
        },
        "2018-07": {
            "month": "2018-07",
            "price": "21.50",
            "revenue": 297970
        },
        "2018-08": {
            "month": "2018-08",
            "price": "22.65",
            "revenue": 358860
        },
        "2018-09": {
            "month": "2018-09",
            "price": "21.71",
            "revenue": 300210
        },
        "2018-10": {
            "month": "2018-10",
            "price": "18.14",
            "revenue": 293656
        },
        "2018-11": {
            "month": "2018-11",
            "price": "17.04",
            "revenue": 299507
        },
        "2018-12": {
            "month": "2018-12",
            "price": "18.33",
            "revenue": 290628
        },
        "2019-01": {
            "month": "2019-01",
            "price": "18.18",
            "revenue": 317617
        },
        "2019-02": {
            "month": "2019-02",
            "price": "19.32",
            "revenue": 280126
        },
        "2019-03": {
            "month": "2019-03",
            "price": "19.87",
            "revenue": 376862
        },
        "2019-04": {
            "month": "2019-04",
            "price": "22.68",
            "revenue": 328754
        },
        "2019-05": {
            "month": "2019-05",
            "price": "22.15",
            "revenue": 282351
        },
        "2019-06": {
            "month": "2019-06",
            "price": "21.89",
            "revenue": 206097
        },
        "2019-07": {
            "month": "2019-07",
            "price": "20.28",
            "revenue": 351106
        },
        "2019-08": {
            "month": "2019-08",
            "price": "20.89",
            "revenue": 412551
        },
        "2019-09": {
            "month": "2019-09",
            "price": "21.94",
            "revenue": 302587
        },
        "2019-10": {
            "month": "2019-10",
            "price": "21.00",
            "revenue": 287106
        },
        "2019-11": {
            "month": "2019-11",
            "price": "20.58",
            "revenue": 218033
        },
        "2019-12": {
            "month": "2019-12",
            "price": "21.05",
            "revenue": 370805
        },
        "2020-01": {
            "month": "2020-01",
            "price": "21.77",
            "revenue": 232049
        },
        "2020-02": {
            "month": "2020-02",
            "price": "20.28",
            "revenue": 194651
        },
        "2020-03": {
            "month": "2020-03",
            "price": "17.21",
            "revenue": 260859
        },
        "2020-04": {
            "month": "2020-04",
            "price": "17.41",
            "revenue": 377456
        },
        "2020-05": {
            "month": "2020-05",
            "price": "18.56",
            "revenue": 301077
        },
        "2020-06": {
            "month": "2020-06",
            "price": "19.25",
            "revenue": 268528
        },
        "2020-07": {
            "month": "2020-07",
            "price": "19.82",
            "revenue": 297529
        },
        "2020-08": {
            "month": "2020-08",
            "price": "19.43",
            "revenue": 295693
        },
        "2020-09": {
            "month": "2020-09",
            "price": "19.05",
            "revenue": 366985
        },
        "2020-10": {
            "month": "2020-10",
            "price": "18.88",
            "revenue": 233369
        },
        "2020-11": {
            "month": "2020-11",
            "price": "18.36",
            "revenue": 339856
        },
        "2020-12": {
            "month": "2020-12",
            "price": "18.95",
            "revenue": 377979
        },
        "2021-01": {
            "month": "2021-01",
            "price": "18.30",
            "revenue": 351675
        },
        "2021-02": {
            "month": "2021-02",
            "price": "18.00",
            "revenue": 230955
        },
        "2021-03": {
            "month": "2021-03",
            "price": "18.00",
            "revenue": 374943
        },
        "2021-04": {
            "month": "2021-04",
            "price": "18.94",
            "revenue": 330294
        },
        "2021-05": {
            "month": "2021-05",
            "price": "17.17",
            "revenue": 346509
        },
        "2021-06": {
            "month": "2021-06",
            "price": "17.28",
            "revenue": 276230
        },
        "2021-07": {
            "month": "2021-07",
            "price": "17.22",
            "revenue": 277879
        },
        "2021-08": {
            "month": "2021-08",
            "price": "17.48",
            "revenue": 323378
        },
        "2021-09": {
            "month": "2021-09",
            "price": "17.24",
            "revenue": 313120
        },
        "2021-10": {
            "month": "2021-10",
            "price": "17.23",
            "revenue": 320465
        },
        "2021-11": {
            "month": "2021-11",
            "price": "17.62",
            "revenue": 370884
        },
        "2021-12": {
            "month": "2021-12",
            "price": "18.40",
            "revenue": 385650
        },
        "2022-01": {
            "month": "2022-01",
            "price": "24.51",
            "revenue": 447134
        },
        "2022-02": {
            "month": "2022-02",
            "price": "22.98",
            "revenue": 477723
        },
        "2022-03": {
            "month": "2022-03",
            "price": "26.77",
            "revenue": 415581
        },
        "2022-04": {
            "month": "2022-04",
            "price": "24.84",
            "revenue": 544032
        },
        "2022-05": {
            "month": "2022-05",
            "price": "25.71",
            "revenue": 500897
        },
        "2022-06": {
            "month": "2022-06",
            "price": "25.76",
            "revenue": 516975
        },
        "2022-07": {
            "month": "2022-07",
            "price": "27.04",
            "revenue": 311140
        },
        "2022-08": {
            "month": "2022-08",
            "price": "28.29",
            "revenue": 339190
        },
        "2022-09": {
            "month": "2022-09",
            "price": "24.92",
            "revenue": 466872
        },
        "2022-10": {
            "month": "2022-10",
            "price": "23.28",
            "revenue": 325336
        },
        "2022-11": {
            "month": "2022-11",
            "price": "24.24",
            "revenue": 537949
        },
        "2022-12": {
            "month": "2022-12",
            "price": "26.65",
            "revenue": 349616
        },
        "2023-01": {
            "month": "2023-01",
            "price": "26.66",
            "revenue": 257373
        },
        "2023-02": {
            "month": "2023-02",
            "price": "26.67",
            "revenue": 250557
        },
        "2023-03": {
            "month": "2023-03",
            "price": "31.75",
            "revenue": 441672
        },
        "2023-04": {
            "month": "2023-04",
            "price": "33.29",
            "revenue": 337977
        },
        "2023-05": {
            "month": "2023-05",
            "price": "32.20",
            "revenue": 429919
        },
        "2023-06": {
            "month": "2023-06",
            "price": "34.63",
            "revenue": 428325
        },
        "2023-07": {
            "month": "2023-07",
            "price": "38.01",
            "revenue": 334374
        },
        "2023-08": {
            "month": "2023-08",
            "price": "39.44",
            "revenue": 286861
        },
        "2023-09": {
            "month": "2023-09",
            "price": "37.80",
            "revenue": 382561
        }
    }
}
