{
    "summary": {
        "stock_name": "致茂",
        "stock_id": "2360",
        "category": "其他電子",
        "main_business": "精密電子量測儀器<br>自動化量測系統",
        "website_url": "http://www.chromaate.com",
        "ceo": "黃欽明",
        "pe_ratio": 24,
        "report_year_from": 2001,
        "report_year_to": 2023,
        "age": 22,
        "eps_negative_percentage": 0,
        "eps_growth_avg": {
            "last_all": 15.28,
            "last_2y": 41.74,
            "last_4y": 18.97,
            "last_8y": 19.54,
            "last_12y": 18.92,
            "last_16y": 14.7,
            "last_20y": 15.28,
            "at_2006_last_3y": 19.68,
            "at_2007_last_3y": 31.39,
            "at_2008_last_3y": 11.8,
            "at_2009_last_3y": 1,
            "at_2010_last_3y": 20.98,
            "at_2011_last_3y": 4.62,
            "at_2012_last_3y": 3.79,
            "at_2013_last_3y": 17.53,
            "at_2014_last_3y": -5.14,
            "at_2015_last_3y": -2.07,
            "at_2016_last_3y": 17.02,
            "at_2017_last_3y": 20.25,
            "at_2018_last_3y": 17.33,
            "at_2019_last_3y": 12.03,
            "at_2020_last_3y": 8.68,
            "at_2021_last_3y": 18.29,
            "at_2022_last_3y": 24.3,
            "at_2023_last_3y": 24.3,
            "at_2006_last_all": 18.18,
            "at_2007_last_all": 22.87,
            "at_2008_last_all": 14.57,
            "at_2009_last_all": 9.36,
            "at_2010_last_all": 19.43,
            "at_2011_last_all": 15.57,
            "at_2012_last_all": 10.65,
            "at_2013_last_all": 12.08,
            "at_2014_last_all": 11.87,
            "at_2015_last_all": 10.53,
            "at_2016_last_all": 12.35,
            "at_2017_last_all": 14.12,
            "at_2018_last_all": 13.15,
            "at_2019_last_all": 10.87,
            "at_2020_last_all": 11.58,
            "at_2021_last_all": 14.96,
            "at_2022_last_all": 15.28,
            "at_2023_last_all": 15.28
        },
        "latest_eps": 10.74,
        "latest_price": 255,
        "latest_roe": 23.71,
        "latest_gross_margin": 62.27,
        "latest_equity": 20487321,
        "latest_revenue": 4416240,
        "latest_gross_profit": 2749854,
        "latest_net_income": 1053882,
        "latest_debt_ratio": 38.61,
        "latest_current_ratio": 154.66,
        "latest_account_receivable_turnover_ratio": 0.99,
        "latest_inventory_turnover_ratio": 0.32,
        "latest_reinvestment_rate": 47.69,
        "latest_research_to_sale_ratio": 9.8
    },
    "eps_dividends": {
        "1995": {
            "cash": 0,
            "stock": 2.53,
            "eps": 0
        },
        "1996": {
            "cash": 0,
            "stock": 2.5,
            "eps": 0
        },
        "1998": {
            "cash": 0,
            "stock": 3,
            "eps": 0
        },
        "1999": {
            "cash": 0,
            "stock": 3,
            "eps": 0
        },
        "2000": {
            "cash": 0,
            "stock": 3,
            "eps": 0
        },
        "2001": {
            "cash": 0.5,
            "stock": 1.5,
            "eps": 1.64
        },
        "2002": {
            "cash": 0.5,
            "stock": 0.7,
            "eps": 1.84
        },
        "2003": {
            "cash": 0.7,
            "stock": 0.7,
            "eps": 1.83
        },
        "2004": {
            "cash": 1.21,
            "stock": 0.3,
            "eps": 2.62
        },
        "2005": {
            "cash": 1.71,
            "stock": 0.2,
            "eps": 3.04
        },
        "2006": {
            "cash": 2.11,
            "stock": 0.2,
            "eps": 3.65
        },
        "2007": {
            "cash": 2.45,
            "stock": 0.39,
            "eps": 5.34
        },
        "2008": {
            "cash": 3.59,
            "stock": 0.6,
            "eps": 3.46
        },
        "2009": {
            "cash": 2.01,
            "stock": 0.5,
            "eps": 2.52
        },
        "2010": {
            "cash": 2,
            "stock": 0.3,
            "eps": 5.07
        },
        "2011": {
            "cash": 6.3,
            "stock": 0.4,
            "eps": 4.1
        },
        "2012": {
            "cash": 0,
            "stock": 0,
            "eps": 2.52
        },
        "2013": {
            "cash": 2,
            "stock": 0,
            "eps": 3.22
        },
        "2014": {
            "cash": 2.5,
            "stock": 0,
            "eps": 3.52
        },
        "2015": {
            "cash": 2.61,
            "stock": 0,
            "eps": 3.28
        },
        "2016": {
            "cash": 2.37,
            "stock": 0,
            "eps": 4.52
        },
        "2017": {
            "cash": 3.22,
            "stock": 0,
            "eps": 6.36
        },
        "2018": {
            "cash": 4.48,
            "stock": 0,
            "eps": 6.21
        },
        "2019": {
            "cash": 4.18,
            "stock": 0,
            "eps": 4.47
        },
        "2020": {
            "cash": 3.01,
            "stock": 0,
            "eps": 5.56
        },
        "2021": {
            "cash": 4.5,
            "stock": 0,
            "eps": 9.96
        },
        "2022": {
            "cash": 6.98,
            "stock": 0,
            "eps": 12.12
        },
        "2023": {
            "cash": 8,
            "stock": 0,
            "eps": 4.65
        }
    },
    "dividends": {
        "1995-03-11": {
            "cash": 0,
            "stock": 2.53
        },
        "1996-03-25": {
            "cash": 0,
            "stock": 2.5
        },
        "1998-04-28": {
            "cash": 0,
            "stock": 3
        },
        "1999-05-13": {
            "cash": 0,
            "stock": 3
        },
        "2000-05-10": {
            "cash": 0,
            "stock": 3
        },
        "2001-05-30": {
            "cash": 0.5,
            "stock": 1.5
        },
        "2002-05-21": {
            "cash": 0.5,
            "stock": 0.7
        },
        "2003-02-18": {
            "cash": 0.7,
            "stock": 0.7
        },
        "2004-02-11": {
            "cash": 1.21,
            "stock": 0.3
        },
        "2005-02-24": {
            "cash": 1.71,
            "stock": 0.2
        },
        "2006-02-16": {
            "cash": 2.11,
            "stock": 0.2
        },
        "2007-02-27": {
            "cash": 2.45,
            "stock": 0.39
        },
        "2008-02-29": {
            "cash": 3.59,
            "stock": 0.6
        },
        "2009-02-24": {
            "cash": 2.01,
            "stock": 0.5
        },
        "2010-02-25": {
            "cash": 2,
            "stock": 0.3
        },
        "2011-01-01": {
            "cash": 2.5,
            "stock": 0
        },
        "2011-02-16": {
            "cash": 3.8,
            "stock": 0.4
        },
        "2013-02-22": {
            "cash": 2,
            "stock": 0
        },
        "2014-08-13": {
            "cash": 2.5,
            "stock": 0
        },
        "2015-08-18": {
            "cash": 2.61,
            "stock": 0
        },
        "2016-08-31": {
            "cash": 2.37,
            "stock": 0
        },
        "2017-08-17": {
            "cash": 3.22,
            "stock": 0
        },
        "2018-08-03": {
            "cash": 4.48,
            "stock": 0
        },
        "2019-08-15": {
            "cash": 4.18,
            "stock": 0
        },
        "2020-08-12": {
            "cash": 3.01,
            "stock": 0
        },
        "2021-07-15": {
            "cash": 4.5,
            "stock": 0
        },
        "2022-08-10": {
            "cash": 6.98,
            "stock": 0
        },
        "2023-07-31": {
            "cash": 8,
            "stock": 0
        }
    },
    "prices": {
        "200101": "32.84",
        "200102": "39.68",
        "200103": "38.61",
        "200104": "43.04",
        "200105": "44.14",
        "200106": "42.88",
        "200107": "31.40",
        "200108": "28.26",
        "200109": "21.87",
        "200110": "18.20",
        "200111": "20.29",
        "200112": "24.33",
        "200201": "27.46",
        "200202": "26.42",
        "200203": "27.19",
        "200204": "30.14",
        "200205": "27.91",
        "200206": "26.54",
        "200207": "23.34",
        "200208": "22.12",
        "200209": "24.45",
        "200210": "24.34",
        "200211": "23.79",
        "200212": "22.48",
        "200301": "22.26",
        "200302": "20.41",
        "200303": "19.04",
        "200304": "19.47",
        "200305": "19.55",
        "200306": "22.16",
        "200307": "21.95",
        "200308": "21.27",
        "200309": "21.22",
        "200310": "21.80",
        "200311": "22.76",
        "200312": "22.50",
        "200401": "22.82",
        "200402": "26.19",
        "200403": "29.89",
        "200404": "35.31",
        "200405": "35.28",
        "200406": "32.62",
        "200407": "29.99",
        "200408": "28.82",
        "200409": "29.38",
        "200410": "25.90",
        "200411": "25.28",
        "200412": "25.38",
        "200501": "25.04",
        "200502": "27.04",
        "200503": "29.80",
        "200504": "28.03",
        "200505": "27.23",
        "200506": "28.89",
        "200507": "27.24",
        "200508": "28.35",
        "200509": "27.90",
        "200510": "27.30",
        "200511": "26.79",
        "200512": "29.88",
        "200601": "29.91",
        "200602": "29.72",
        "200603": "31.22",
        "200604": "35.18",
        "200605": "35.87",
        "200606": "32.73",
        "200607": "32.18",
        "200608": "33.52",
        "200609": "36.27",
        "200610": "37.30",
        "200611": "36.32",
        "200612": "37.90",
        "200701": "38.83",
        "200702": "44.11",
        "200703": "45.72",
        "200704": "51.97",
        "200705": "52.97",
        "200706": "63.81",
        "200707": "74.89",
        "200708": "78.27",
        "200709": "78.56",
        "200710": "75.20",
        "200711": "75.95",
        "200712": "68.91",
        "200801": "54.06",
        "200802": "60.42",
        "200803": "64.36",
        "200804": "71.39",
        "200805": "73.43",
        "200806": "69.43",
        "200807": "60.21",
        "200808": "51.96",
        "200809": "44.06",
        "200810": "29.89",
        "200811": "23.33",
        "200812": "21.26",
        "200901": "20.11",
        "200902": "20.51",
        "200903": "24.41",
        "200904": "29.02",
        "200905": "36.49",
        "200906": "34.72",
        "200907": "39.64",
        "200908": "46.59",
        "200909": "52.18",
        "200910": "66.38",
        "200911": "66.49",
        "200912": "71.98",
        "201001": "66.63",
        "201002": "62.96",
        "201003": "66.80",
        "201004": "68.60",
        "201005": "61.05",
        "201006": "63.22",
        "201007": "64.19",
        "201008": "70.64",
        "201009": "75.87",
        "201010": "75.62",
        "201011": "77.67",
        "201012": "87.86",
        "201101": "89.02",
        "201102": "87.95",
        "201103": "85.82",
        "201104": "94.27",
        "201105": "92.02",
        "201106": "90.84",
        "201107": "81.10",
        "201108": "71.81",
        "201109": "68.30",
        "201110": "57.78",
        "201111": "64.73",
        "201112": "62.62",
        "201201": "59.71",
        "201202": "68.37",
        "201203": "69.60",
        "201204": "69.22",
        "201205": "65.80",
        "201206": "67.99",
        "201207": "69.70",
        "201208": "63.22",
        "201209": "62.55",
        "201210": "59.67",
        "201211": "62.81",
        "201212": "65.37",
        "201301": "63.03",
        "201302": "67.55",
        "201303": "71.24",
        "201304": "66.74",
        "201305": "63.15",
        "201306": "54.21",
        "201307": "57.69",
        "201308": "64.72",
        "201309": "66.46",
        "201310": "66.49",
        "201311": "59.03",
        "201312": "60.75",
        "201401": "62.86",
        "201402": "69.99",
        "201403": "71.66",
        "201404": "74.72",
        "201405": "76.53",
        "201406": "82.26",
        "201407": "84.37",
        "201408": "83.44",
        "201409": "86.61",
        "201410": "78.32",
        "201411": "82.48",
        "201412": "81.70",
        "201501": "81.01",
        "201502": "79.00",
        "201503": "79.02",
        "201504": "76.35",
        "201505": "70.30",
        "201506": "66.05",
        "201507": "65.09",
        "201508": "56.83",
        "201509": "57.19",
        "201510": "60.00",
        "201511": "58.37",
        "201512": "64.61",
        "201601": "62.37",
        "201602": "66.25",
        "201603": "71.94",
        "201604": "69.59",
        "201605": "74.50",
        "201606": "78.36",
        "201607": "78.14",
        "201608": "83.43",
        "201609": "83.05",
        "201610": "83.88",
        "201611": "76.85",
        "201612": "76.53",
        "201701": "81.07",
        "201702": "87.70",
        "201703": "93.83",
        "201704": "90.15",
        "201705": "93.38",
        "201706": "95.17",
        "201707": "97.30",
        "201708": "97.52",
        "201709": "103.39",
        "201710": "127.61",
        "201711": "160.45",
        "201712": "157.93",
        "201801": "163.91",
        "201802": "160.69",
        "201803": "168.20",
        "201804": "164.53",
        "201805": "160.34",
        "201806": "162.62",
        "201807": "166.11",
        "201808": "177.61",
        "201809": "153.13",
        "201810": "124.93",
        "201811": "117.25",
        "201812": "121.14",
        "201901": "119.86",
        "201902": "131.42",
        "201903": "141.32",
        "201904": "146.38",
        "201905": "136.00",
        "201906": "137.97",
        "201907": "146.91",
        "201908": "143.83",
        "201909": "153.71",
        "201910": "150.64",
        "201911": "138.71",
        "201912": "139.25",
        "202001": "154.80",
        "202002": "154.29",
        "202003": "122.15",
        "202004": "131.90",
        "202005": "135.05",
        "202006": "144.05",
        "202007": "162.04",
        "202008": "160.40",
        "202009": "156.84",
        "202010": "151.42",
        "202011": "148.48",
        "202012": "170.02",
        "202101": "194.70",
        "202102": "213.81",
        "202103": "190.55",
        "202104": "194.13",
        "202105": "184.38",
        "202106": "194.40",
        "202107": "201.16",
        "202108": "182.11",
        "202109": "178.70",
        "202110": "182.32",
        "202111": "187.05",
        "202112": "190.36",
        "202201": "212.61",
        "202202": "202.73",
        "202203": "181.00",
        "202204": "167.61",
        "202205": "159.67",
        "202206": "162.55",
        "202207": "152.29",
        "202208": "179.52",
        "202209": "187.52",
        "202210": "176.58",
        "202211": "186.32",
        "202212": "183.18",
        "202301": "186.27",
        "202302": "191.00",
        "202303": "174.89",
        "202304": "178.03",
        "202305": "198.23",
        "202306": "239.92",
        "202307": "269.93",
        "202308": "272.86",
        "202309": "267.88"
    },
    "quarters": {
        "20011": {
            "year_quarter": 20011,
            "year": 2001,
            "quarter": 1,
            "eps": 0.5,
            "eps_growth_year": -20.63,
            "eps_4q": 1.89,
            "eps_4q_growth_year": -38.97,
            "roe": 3.2,
            "roe_4q": 3.2,
            "gross_profit": 249820,
            "gross_margin": 40.09,
            "gross_margin_4q_avg": 40.09,
            "net_income": 110665,
            "revenue": 623131,
            "common_shares": 2013588,
            "book_valuer_per_share": 17.98,
            "book_valuer_per_share_4q_avg": 17.98,
            "equity": 3620700,
            "current_ratio": 481.52,
            "debt_ratio": 37.19,
            "inventory_turnover_ratio": 0.73,
            "account_receivable_turnover_ratio": null,
            "reinvestment_rate": null,
            "research_to_sale_ratio": null,
            "price_fair": 0,
            "eps_avg_yearly": 0,
            "eps_latest_yearly": 0,
            "eps_growth_yearly": 0
        },
        "20012": {
            "year_quarter": 20012,
            "year": 2001,
            "quarter": 2,
            "eps": 0.77,
            "eps_growth_year": -30,
            "eps_4q": 2,
            "eps_4q_growth_year": -37.14,
            "roe": 4.29,
            "roe_4q": 7.49,
            "gross_profit": 279532,
            "gross_margin": 35.2,
            "gross_margin_4q_avg": 37.65,
            "net_income": 156465,
            "revenue": 794110,
            "common_shares": 2013588,
            "book_valuer_per_share": 18.21,
            "book_valuer_per_share_4q_avg": 18.1,
            "equity": 3666404,
            "current_ratio": 204.09,
            "debt_ratio": 33.76,
            "inventory_turnover_ratio": 0.94,
            "account_receivable_turnover_ratio": null,
            "reinvestment_rate": null,
            "research_to_sale_ratio": null,
            "price_fair": 0,
            "eps_avg_yearly": 0,
            "eps_latest_yearly": 0,
            "eps_growth_yearly": 0
        },
        "20013": {
            "year_quarter": 20013,
            "year": 2001,
            "quarter": 3,
            "eps": 0.17,
            "eps_growth_year": -41.38,
            "eps_4q": 1.61,
            "eps_4q_growth_year": -24.07,
            "roe": 1.11,
            "roe_4q": 8.600000000000001,
            "gross_profit": 223403,
            "gross_margin": 29.9,
            "gross_margin_4q_avg": 35.06,
            "net_income": 40980,
            "revenue": 747050,
            "common_shares": 2343000,
            "book_valuer_per_share": 15.8,
            "book_valuer_per_share_4q_avg": 17.33,
            "equity": 3700887,
            "current_ratio": 217.4,
            "debt_ratio": 32.6,
            "inventory_turnover_ratio": 1.01,
            "account_receivable_turnover_ratio": null,
            "reinvestment_rate": null,
            "research_to_sale_ratio": null,
            "price_fair": 0,
            "eps_avg_yearly": 0,
            "eps_latest_yearly": 0,
            "eps_growth_yearly": 0
        },
        "20014": {
            "year_quarter": 20014,
            "year": 2001,
            "quarter": 4,
            "eps": 0.2,
            "eps_growth_year": -50,
            "eps_4q": 1.52,
            "eps_4q_growth_year": -24.53,
            "roe": 1.25,
            "roe_4q": 9.850000000000001,
            "gross_profit": 152895,
            "gross_margin": 25.05,
            "gross_margin_4q_avg": 32.56,
            "net_income": 46600,
            "revenue": 610278,
            "common_shares": 2343000,
            "book_valuer_per_share": 16.05,
            "book_valuer_per_share_4q_avg": 17.01,
            "equity": 3759533,
            "current_ratio": 258.7,
            "debt_ratio": 30.1,
            "inventory_turnover_ratio": 0.84,
            "account_receivable_turnover_ratio": null,
            "reinvestment_rate": null,
            "research_to_sale_ratio": null,
            "price_fair": 0,
            "eps_avg_yearly": 0,
            "eps_latest_yearly": 0,
            "eps_growth_yearly": 0
        },
        "20021": {
            "year_quarter": 20021,
            "year": 2002,
            "quarter": 1,
            "eps": 0.42,
            "eps_growth_year": -16,
            "eps_4q": 1.47,
            "eps_4q_growth_year": -22.57,
            "roe": 2.59,
            "roe_4q": 9.24,
            "gross_profit": 193367,
            "gross_margin": 29,
            "gross_margin_4q_avg": 29.79,
            "net_income": 98042,
            "revenue": 666720,
            "common_shares": 2343000,
            "book_valuer_per_share": 16.31,
            "book_valuer_per_share_4q_avg": 16.59,
            "equity": 3820333,
            "current_ratio": 250.94,
            "debt_ratio": 30.46,
            "inventory_turnover_ratio": 0.86,
            "account_receivable_turnover_ratio": null,
            "reinvestment_rate": null,
            "research_to_sale_ratio": null,
            "price_fair": 58.8,
            "eps_avg_yearly": 1.68,
            "eps_latest_yearly": 1.68,
            "eps_growth_yearly": 440
        },
        "20022": {
            "year_quarter": 20022,
            "year": 2002,
            "quarter": 2,
            "eps": 0.52,
            "eps_growth_year": -32.47,
            "eps_4q": 1.25,
            "eps_4q_growth_year": -37.36,
            "roe": 3.45,
            "roe_4q": 8.4,
            "gross_profit": 297289,
            "gross_margin": 32.79,
            "gross_margin_4q_avg": 29.19,
            "net_income": 131819,
            "revenue": 906587,
            "common_shares": 2343000,
            "book_valuer_per_share": 16.33,
            "book_valuer_per_share_4q_avg": 16.12,
            "equity": 3826229,
            "current_ratio": 201.7,
            "debt_ratio": 32.27,
            "inventory_turnover_ratio": 1.19,
            "account_receivable_turnover_ratio": null,
            "reinvestment_rate": null,
            "research_to_sale_ratio": null,
            "price_fair": 65.8,
            "eps_avg_yearly": 1.88,
            "eps_latest_yearly": 2.08,
            "eps_growth_yearly": 267.62
        },
        "20023": {
            "year_quarter": 20023,
            "year": 2002,
            "quarter": 3,
            "eps": 0.48,
            "eps_growth_year": 182.35,
            "eps_4q": 1.59,
            "eps_4q_growth_year": -1.49,
            "roe": 3.08,
            "roe_4q": 10.370000000000001,
            "gross_profit": 257936,
            "gross_margin": 27.57,
            "gross_margin_4q_avg": 28.6,
            "net_income": 119946,
            "revenue": 935554,
            "common_shares": 2526900,
            "book_valuer_per_share": 15.66,
            "book_valuer_per_share_4q_avg": 16.09,
            "equity": 3956117,
            "current_ratio": 207.08,
            "debt_ratio": 31.56,
            "inventory_turnover_ratio": 1.19,
            "account_receivable_turnover_ratio": null,
            "reinvestment_rate": null,
            "research_to_sale_ratio": null,
            "price_fair": 66.27,
            "eps_avg_yearly": 1.89,
            "eps_latest_yearly": 1.92,
            "eps_growth_yearly": 168.16
        },
        "20024": {
            "year_quarter": 20024,
            "year": 2002,
            "quarter": 4,
            "eps": 0.42,
            "eps_growth_year": 110,
            "eps_4q": 1.82,
            "eps_4q_growth_year": 19.71,
            "roe": 2.61,
            "roe_4q": 11.73,
            "gross_profit": 254805,
            "gross_margin": 23.35,
            "gross_margin_4q_avg": 28.18,
            "net_income": 104766,
            "revenue": 1091159,
            "common_shares": 2526900,
            "book_valuer_per_share": 16.07,
            "book_valuer_per_share_4q_avg": 16.09,
            "equity": 4060226,
            "current_ratio": 217.49,
            "debt_ratio": 32.27,
            "inventory_turnover_ratio": 1.22,
            "account_receivable_turnover_ratio": null,
            "reinvestment_rate": 45.31,
            "research_to_sale_ratio": null,
            "price_fair": 64.4,
            "eps_avg_yearly": 1.84,
            "eps_latest_yearly": 1.68,
            "eps_growth_yearly": 113.62
        },
        "20031": {
            "year_quarter": 20031,
            "year": 2003,
            "quarter": 1,
            "eps": 0.31,
            "eps_growth_year": -26.19,
            "eps_4q": 1.73,
            "eps_4q_growth_year": 18.37,
            "roe": 1.89,
            "roe_4q": 11.030000000000001,
            "gross_profit": 245021,
            "gross_margin": 24.82,
            "gross_margin_4q_avg": 27.13,
            "net_income": 77578,
            "revenue": 987319,
            "common_shares": 2526900,
            "book_valuer_per_share": 16.4,
            "book_valuer_per_share_4q_avg": 16.12,
            "equity": 4142949,
            "current_ratio": 238.26,
            "debt_ratio": 28.1,
            "inventory_turnover_ratio": 1.04,
            "account_receivable_turnover_ratio": null,
            "reinvestment_rate": 35.08,
            "research_to_sale_ratio": null,
            "price_fair": 60.2,
            "eps_avg_yearly": 1.72,
            "eps_latest_yearly": 1.24,
            "eps_growth_yearly": 69.94
        },
        "20032": {
            "year_quarter": 20032,
            "year": 2003,
            "quarter": 2,
            "eps": 0.49,
            "eps_growth_year": -5.77,
            "eps_4q": 1.6,
            "eps_4q_growth_year": 27.57,
            "roe": 3.27,
            "roe_4q": 10.85,
            "gross_profit": 307998,
            "gross_margin": 26.06,
            "gross_margin_4q_avg": 25.45,
            "net_income": 133748,
            "revenue": 1182053,
            "common_shares": 2526900,
            "book_valuer_per_share": 16.01,
            "book_valuer_per_share_4q_avg": 16.04,
            "equity": 4045023,
            "current_ratio": 173.59,
            "debt_ratio": 31.58,
            "inventory_turnover_ratio": 1.31,
            "account_receivable_turnover_ratio": null,
            "reinvestment_rate": 31.95,
            "research_to_sale_ratio": null,
            "price_fair": 61.6,
            "eps_avg_yearly": 1.76,
            "eps_latest_yearly": 1.96,
            "eps_growth_yearly": 96.99
        },
        "20033": {
            "year_quarter": 20033,
            "year": 2003,
            "quarter": 3,
            "eps": 0.45,
            "eps_growth_year": -6.25,
            "eps_4q": 1.61,
            "eps_4q_growth_year": 1.47,
            "roe": 2.99,
            "roe_4q": 10.76,
            "gross_profit": 322615,
            "gross_margin": 24.64,
            "gross_margin_4q_avg": 24.72,
            "net_income": 122664,
            "revenue": 1309463,
            "common_shares": 2722892,
            "book_valuer_per_share": 15.28,
            "book_valuer_per_share_4q_avg": 15.94,
            "equity": 4161235,
            "current_ratio": 175.43,
            "debt_ratio": 33.77,
            "inventory_turnover_ratio": 1.4,
            "account_receivable_turnover_ratio": null,
            "reinvestment_rate": 16.98,
            "research_to_sale_ratio": null,
            "price_fair": 61.8,
            "eps_avg_yearly": 1.77,
            "eps_latest_yearly": 1.8,
            "eps_growth_yearly": 78.47
        },
        "20034": {
            "year_quarter": 20034,
            "year": 2003,
            "quarter": 4,
            "eps": 0.58,
            "eps_growth_year": 38.1,
            "eps_4q": 1.82,
            "eps_4q_growth_year": -0.21,
            "roe": 3.9,
            "roe_4q": 12.05,
            "gross_profit": 263237,
            "gross_margin": 19.83,
            "gross_margin_4q_avg": 23.84,
            "net_income": 156397,
            "revenue": 1327722,
            "common_shares": 2722892,
            "book_valuer_per_share": 14.21,
            "book_valuer_per_share_4q_avg": 15.48,
            "equity": 3869417,
            "current_ratio": 158.01,
            "debt_ratio": 38.39,
            "inventory_turnover_ratio": 1.23,
            "account_receivable_turnover_ratio": null,
            "reinvestment_rate": 11.57,
            "research_to_sale_ratio": null,
            "price_fair": 64.23,
            "eps_avg_yearly": 1.84,
            "eps_latest_yearly": 2.32,
            "eps_growth_yearly": 83.11
        },
        "20041": {
            "year_quarter": 20041,
            "year": 2004,
            "quarter": 1,
            "eps": 0.97,
            "eps_growth_year": 212.9,
            "eps_4q": 2.62,
            "eps_4q_growth_year": 51.2,
            "roe": 6.06,
            "roe_4q": 16.22,
            "gross_profit": 420868,
            "gross_margin": 28.66,
            "gross_margin_4q_avg": 24.8,
            "net_income": 242275,
            "revenue": 1468324,
            "common_shares": 2528112,
            "book_valuer_per_share": 16.32,
            "book_valuer_per_share_4q_avg": 15.46,
            "equity": 4125265,
            "current_ratio": 164.14,
            "debt_ratio": 34.4,
            "inventory_turnover_ratio": 1.13,
            "account_receivable_turnover_ratio": null,
            "reinvestment_rate": 7.06,
            "research_to_sale_ratio": null,
            "price_fair": 72.18,
            "eps_avg_yearly": 2.06,
            "eps_latest_yearly": 3.88,
            "eps_growth_yearly": 103.76
        },
        "20042": {
            "year_quarter": 20042,
            "year": 2004,
            "quarter": 2,
            "eps": 1.03,
            "eps_growth_year": 110.2,
            "eps_4q": 3.11,
            "eps_4q_growth_year": 94.84,
            "roe": 6.3,
            "roe_4q": 19.25,
            "gross_profit": 437124,
            "gross_margin": 28.4,
            "gross_margin_4q_avg": 25.38,
            "net_income": 257847,
            "revenue": 1539017,
            "common_shares": 2530532,
            "book_valuer_per_share": 16.03,
            "book_valuer_per_share_4q_avg": 15.46,
            "equity": 4056717,
            "current_ratio": 141.21,
            "debt_ratio": 39.03,
            "inventory_turnover_ratio": 1.22,
            "account_receivable_turnover_ratio": null,
            "reinvestment_rate": 4.73,
            "research_to_sale_ratio": null,
            "price_fair": 79.38,
            "eps_avg_yearly": 2.27,
            "eps_latest_yearly": 4.12,
            "eps_growth_yearly": 95.86
        },
        "20043": {
            "year_quarter": 20043,
            "year": 2004,
            "quarter": 3,
            "eps": 0.8,
            "eps_growth_year": 77.78,
            "eps_4q": 3.35,
            "eps_4q_growth_year": 107.9,
            "roe": 4.95,
            "roe_4q": 21.209999999999997,
            "gross_profit": 403069,
            "gross_margin": 29.54,
            "gross_margin_4q_avg": 26.61,
            "net_income": 206257,
            "revenue": 1364712,
            "common_shares": 2634047,
            "book_valuer_per_share": 16.23,
            "book_valuer_per_share_4q_avg": 15.7,
            "equity": 4275753,
            "current_ratio": 168.07,
            "debt_ratio": 35.92,
            "inventory_turnover_ratio": 0.97,
            "account_receivable_turnover_ratio": null,
            "reinvestment_rate": 10.92,
            "research_to_sale_ratio": null,
            "price_fair": 82.35,
            "eps_avg_yearly": 2.35,
            "eps_latest_yearly": 3.2,
            "eps_growth_yearly": 79.02
        },
        "20044": {
            "year_quarter": 20044,
            "year": 2004,
            "quarter": 4,
            "eps": -0.18,
            "eps_growth_year": -131.03,
            "eps_4q": 2.54,
            "eps_4q_growth_year": 39.67,
            "roe": -1.12,
            "roe_4q": 16.189999999999998,
            "gross_profit": 313328,
            "gross_margin": 23.62,
            "gross_margin_4q_avg": 27.56,
            "net_income": -47510,
            "revenue": 1326440,
            "common_shares": 2639119,
            "book_valuer_per_share": 16.07,
            "book_valuer_per_share_4q_avg": 16.16,
            "equity": 4241412,
            "current_ratio": 168.3,
            "debt_ratio": 37.17,
            "inventory_turnover_ratio": 0.97,
            "account_receivable_turnover_ratio": null,
            "reinvestment_rate": 18.19,
            "research_to_sale_ratio": null,
            "price_fair": 82.35,
            "eps_avg_yearly": 2.35,
            "eps_latest_yearly": 3.2,
            "eps_growth_yearly": 79.02
        },
        "20051": {
            "year_quarter": 20051,
            "year": 2005,
            "quarter": 1,
            "eps": 0.52,
            "eps_growth_year": -46.39,
            "eps_4q": 2.11,
            "eps_4q_growth_year": -19.42,
            "roe": 3.16,
            "roe_4q": 13.29,
            "gross_profit": 332335,
            "gross_margin": 26.81,
            "gross_margin_4q_avg": 27.09,
            "net_income": 135958,
            "revenue": 1239657,
            "common_shares": 2647969,
            "book_valuer_per_share": 16.5,
            "book_valuer_per_share_4q_avg": 16.21,
            "equity": 4370122,
            "current_ratio": 185.37,
            "debt_ratio": 30.67,
            "inventory_turnover_ratio": 0.96,
            "account_receivable_turnover_ratio": null,
            "reinvestment_rate": 18.08,
            "research_to_sale_ratio": null,
            "price_fair": 82.35,
            "eps_avg_yearly": 2.35,
            "eps_latest_yearly": 3.2,
            "eps_growth_yearly": 79.02
        },
        "20052": {
            "year_quarter": 20052,
            "year": 2005,
            "quarter": 2,
            "eps": 0.89,
            "eps_growth_year": -13.59,
            "eps_4q": 1.98,
            "eps_4q_growth_year": -36.29,
            "roe": 5.64,
            "roe_4q": 12.63,
            "gross_profit": 441047,
            "gross_margin": 29.57,
            "gross_margin_4q_avg": 27.39,
            "net_income": 239939,
            "revenue": 1491711,
            "common_shares": 2648619,
            "book_valuer_per_share": 15.61,
            "book_valuer_per_share_4q_avg": 16.1,
            "equity": 4134799,
            "current_ratio": 148.13,
            "debt_ratio": 38.07,
            "inventory_turnover_ratio": 1.21,
            "account_receivable_turnover_ratio": null,
            "reinvestment_rate": 22.03,
            "research_to_sale_ratio": null,
            "price_fair": 85.87,
            "eps_avg_yearly": 2.45,
            "eps_latest_yearly": 3.56,
            "eps_growth_yearly": 96.16
        },
        "20053": {
            "year_quarter": 20053,
            "year": 2005,
            "quarter": 3,
            "eps": 0.86,
            "eps_growth_year": 7.5,
            "eps_4q": 2.09,
            "eps_4q_growth_year": -37.67,
            "roe": 5.4,
            "roe_4q": 13.079999999999998,
            "gross_profit": 443992,
            "gross_margin": 25.55,
            "gross_margin_4q_avg": 26.39,
            "net_income": 230397,
            "revenue": 1737568,
            "common_shares": 2726929,
            "book_valuer_per_share": 16.1,
            "book_valuer_per_share_4q_avg": 16.07,
            "equity": 4391079,
            "current_ratio": 160.18,
            "debt_ratio": 36.95,
            "inventory_turnover_ratio": 1.42,
            "account_receivable_turnover_ratio": null,
            "reinvestment_rate": 20.85,
            "research_to_sale_ratio": null,
            "price_fair": 88.52,
            "eps_avg_yearly": 2.53,
            "eps_latest_yearly": 3.44,
            "eps_growth_yearly": 87.72
        },
        "20054": {
            "year_quarter": 20054,
            "year": 2005,
            "quarter": 4,
            "eps": 0.77,
            "eps_growth_year": null,
            "eps_4q": 3.02,
            "eps_4q_growth_year": 18.88,
            "roe": 4.61,
            "roe_4q": 18.810000000000002,
            "gross_profit": 386911,
            "gross_margin": 23.13,
            "gross_margin_4q_avg": 26.27,
            "net_income": 207518,
            "revenue": 1672817,
            "common_shares": 2742584,
            "book_valuer_per_share": 16.83,
            "book_valuer_per_share_4q_avg": 16.26,
            "equity": 4614874,
            "current_ratio": 180.27,
            "debt_ratio": 36.57,
            "inventory_turnover_ratio": 1.25,
            "account_receivable_turnover_ratio": null,
            "reinvestment_rate": 25.4,
            "research_to_sale_ratio": null,
            "price_fair": 89.9,
            "eps_avg_yearly": 2.57,
            "eps_latest_yearly": 3.08,
            "eps_growth_yearly": 78.47
        },
        "20061": {
            "year_quarter": 20061,
            "year": 2006,
            "quarter": 1,
            "eps": 0.84,
            "eps_growth_year": 61.54,
            "eps_4q": 3.35,
            "eps_4q_growth_year": 58.36,
            "roe": 4.79,
            "roe_4q": 20.44,
            "gross_profit": 445990,
            "gross_margin": 25.62,
            "gross_margin_4q_avg": 25.97,
            "net_income": 227159,
            "revenue": 1740711,
            "common_shares": 2752519,
            "book_valuer_per_share": 17.73,
            "book_valuer_per_share_4q_avg": 16.57,
            "equity": 4879649,
            "current_ratio": 198.58,
            "debt_ratio": 30.69,
            "inventory_turnover_ratio": 1.12,
            "account_receivable_turnover_ratio": null,
            "reinvestment_rate": 20.11,
            "research_to_sale_ratio": null,
            "price_fair": 94.1,
            "eps_avg_yearly": 2.69,
            "eps_latest_yearly": 3.36,
            "eps_growth_yearly": 49.64
        },
        "20062": {
            "year_quarter": 20062,
            "year": 2006,
            "quarter": 2,
            "eps": 0.91,
            "eps_growth_year": 2.25,
            "eps_4q": 3.29,
            "eps_4q_growth_year": 66.03,
            "roe": 5.34,
            "roe_4q": 20.14,
            "gross_profit": 525741,
            "gross_margin": 25.67,
            "gross_margin_4q_avg": 24.99,
            "net_income": 254004,
            "revenue": 2047809,
            "common_shares": 2762072,
            "book_valuer_per_share": 16.75,
            "book_valuer_per_share_4q_avg": 16.85,
            "equity": 4626239,
            "current_ratio": 160.55,
            "debt_ratio": 37.09,
            "inventory_turnover_ratio": 1.24,
            "account_receivable_turnover_ratio": null,
            "reinvestment_rate": 19.43,
            "research_to_sale_ratio": null,
            "price_fair": 98,
            "eps_avg_yearly": 2.8,
            "eps_latest_yearly": 3.64,
            "eps_growth_yearly": 45.21
        },
        "20063": {
            "year_quarter": 20063,
            "year": 2006,
            "quarter": 3,
            "eps": 1.14,
            "eps_growth_year": 32.56,
            "eps_4q": 3.62,
            "eps_4q_growth_year": 73.39,
            "roe": 6.79,
            "roe_4q": 21.529999999999998,
            "gross_profit": 507282,
            "gross_margin": -37.68,
            "gross_margin_4q_avg": 9.19,
            "net_income": 317007,
            "revenue": -1346148,
            "common_shares": 2851542,
            "book_valuer_per_share": 16.52,
            "book_valuer_per_share_4q_avg": 16.96,
            "equity": 4711234,
            "current_ratio": 127.59,
            "debt_ratio": 36.78,
            "inventory_turnover_ratio": -1.64,
            "account_receivable_turnover_ratio": null,
            "reinvestment_rate": 18.62,
            "research_to_sale_ratio": null,
            "price_fair": 104.6,
            "eps_avg_yearly": 2.99,
            "eps_latest_yearly": 4.56,
            "eps_growth_yearly": 54.63
        },
        "20064": {
            "year_quarter": 20064,
            "year": 2006,
            "quarter": 4,
            "eps": 0.76,
            "eps_growth_year": -1.3,
            "eps_4q": 3.63,
            "eps_4q_growth_year": 20.18,
            "roe": 4.37,
            "roe_4q": 21.29,
            "gross_profit": 483819,
            "gross_margin": 63.58,
            "gross_margin_4q_avg": 19.3,
            "net_income": 211434,
            "revenue": 760949,
            "common_shares": 2863779,
            "book_valuer_per_share": 17.33,
            "book_valuer_per_share_4q_avg": 17.08,
            "equity": 4963445,
            "current_ratio": 164.57,
            "debt_ratio": 37.76,
            "inventory_turnover_ratio": 0.22,
            "account_receivable_turnover_ratio": null,
            "reinvestment_rate": 24.6,
            "research_to_sale_ratio": null,
            "price_fair": 108,
            "eps_avg_yearly": 3.09,
            "eps_latest_yearly": 3.04,
            "eps_growth_yearly": 48.68
        },
        "20071": {
            "year_quarter": 20071,
            "year": 2007,
            "quarter": 1,
            "eps": 1.22,
            "eps_growth_year": 45.24,
            "eps_4q": 4.08,
            "eps_4q_growth_year": 21.79,
            "roe": 6.47,
            "roe_4q": 22.97,
            "gross_profit": 553151,
            "gross_margin": 61.55,
            "gross_margin_4q_avg": 28.28,
            "net_income": 334243,
            "revenue": 898686,
            "common_shares": 2876849,
            "book_valuer_per_share": 18.68,
            "book_valuer_per_share_4q_avg": 17.32,
            "equity": 5375006,
            "current_ratio": 153.96,
            "debt_ratio": 28.15,
            "inventory_turnover_ratio": 0.26,
            "account_receivable_turnover_ratio": null,
            "reinvestment_rate": 16.86,
            "research_to_sale_ratio": null,
            "price_fair": 117.1,
            "eps_avg_yearly": 3.35,
            "eps_latest_yearly": 4.88,
            "eps_growth_yearly": 73.46
        },
        "20072": {
            "year_quarter": 20072,
            "year": 2007,
            "quarter": 2,
            "eps": 1.35,
            "eps_growth_year": 48.35,
            "eps_4q": 4.34,
            "eps_4q_growth_year": 31.67,
            "roe": 7.33,
            "roe_4q": 24.96,
            "gross_profit": 645351,
            "gross_margin": 59.65,
            "gross_margin_4q_avg": 36.78,
            "net_income": 390109,
            "revenue": 1081984,
            "common_shares": 2880037,
            "book_valuer_per_share": 18.27,
            "book_valuer_per_share_4q_avg": 17.7,
            "equity": 5263225,
            "current_ratio": 127.68,
            "debt_ratio": 32.59,
            "inventory_turnover_ratio": 0.44,
            "account_receivable_turnover_ratio": null,
            "reinvestment_rate": 14.19,
            "research_to_sale_ratio": null,
            "price_fair": 125.7,
            "eps_avg_yearly": 3.59,
            "eps_latest_yearly": 5.4,
            "eps_growth_yearly": 59.91
        },
        "20073": {
            "year_quarter": 20073,
            "year": 2007,
            "quarter": 3,
            "eps": 1.65,
            "eps_growth_year": 44.74,
            "eps_4q": 4.85,
            "eps_4q_growth_year": 34.17,
            "roe": 8.52,
            "roe_4q": 26.69,
            "gross_profit": 683176,
            "gross_margin": 58.06,
            "gross_margin_4q_avg": 60.71,
            "net_income": 482181,
            "revenue": 1176605,
            "common_shares": 3027134,
            "book_valuer_per_share": 20.01,
            "book_valuer_per_share_4q_avg": 18.57,
            "equity": 6056463,
            "current_ratio": 174.94,
            "debt_ratio": 25.87,
            "inventory_turnover_ratio": 0.5,
            "account_receivable_turnover_ratio": null,
            "reinvestment_rate": 12.24,
            "research_to_sale_ratio": null,
            "price_fair": 137.7,
            "eps_avg_yearly": 3.93,
            "eps_latest_yearly": 6.6,
            "eps_growth_yearly": 68.59
        },
        "20074": {
            "year_quarter": 20074,
            "year": 2007,
            "quarter": 4,
            "eps": 1.12,
            "eps_growth_year": 47.37,
            "eps_4q": 5.2,
            "eps_4q_growth_year": 43.28,
            "roe": 5.28,
            "roe_4q": 27.6,
            "gross_profit": 599828,
            "gross_margin": 57.11,
            "gross_margin_4q_avg": 59.09,
            "net_income": 331220,
            "revenue": 1050300,
            "common_shares": 3042441,
            "book_valuer_per_share": 21,
            "book_valuer_per_share_4q_avg": 19.49,
            "equity": 6482407,
            "current_ratio": 192.84,
            "debt_ratio": 34.69,
            "inventory_turnover_ratio": 0.32,
            "account_receivable_turnover_ratio": null,
            "reinvestment_rate": 20.97,
            "research_to_sale_ratio": null,
            "price_fair": 143.1,
            "eps_avg_yearly": 4.09,
            "eps_latest_yearly": 4.48,
            "eps_growth_yearly": 51.16
        },
        "20081": {
            "year_quarter": 20081,
            "year": 2008,
            "quarter": 1,
            "eps": 1.12,
            "eps_growth_year": -8.2,
            "eps_4q": 5.11,
            "eps_4q_growth_year": 25.37,
            "roe": 5.15,
            "roe_4q": 26.28,
            "gross_profit": 906158,
            "gross_margin": 25.72,
            "gross_margin_4q_avg": 50.14,
            "net_income": 338110,
            "revenue": 3523806,
            "common_shares": 3055634,
            "book_valuer_per_share": 21.58,
            "book_valuer_per_share_4q_avg": 20.22,
            "equity": 6654286,
            "current_ratio": 211.22,
            "debt_ratio": 31.21,
            "inventory_turnover_ratio": 1.45,
            "account_receivable_turnover_ratio": null,
            "reinvestment_rate": 21.85,
            "research_to_sale_ratio": null,
            "price_fair": 144.6,
            "eps_avg_yearly": 4.13,
            "eps_latest_yearly": 4.48,
            "eps_growth_yearly": 31.95
        },
        "20082": {
            "year_quarter": 20082,
            "year": 2008,
            "quarter": 2,
            "eps": 1.2,
            "eps_growth_year": -11.11,
            "eps_4q": 4.76,
            "eps_4q_growth_year": 9.72,
            "roe": 6.23,
            "roe_4q": 25.18,
            "gross_profit": 856048,
            "gross_margin": 23.82,
            "gross_margin_4q_avg": 41.18,
            "net_income": 389600,
            "revenue": 3593645,
            "common_shares": 3059386,
            "book_valuer_per_share": 18.93,
            "book_valuer_per_share_4q_avg": 20.38,
            "equity": 5849211,
            "current_ratio": 152.21,
            "debt_ratio": 45.01,
            "inventory_turnover_ratio": 1.42,
            "account_receivable_turnover_ratio": null,
            "reinvestment_rate": 20.96,
            "research_to_sale_ratio": null,
            "price_fair": 146.3,
            "eps_avg_yearly": 4.18,
            "eps_latest_yearly": 4.8,
            "eps_growth_yearly": 32.22
        },
        "20083": {
            "year_quarter": 20083,
            "year": 2008,
            "quarter": 3,
            "eps": 1.08,
            "eps_growth_year": -34.55,
            "eps_4q": 4.34,
            "eps_4q_growth_year": -10.56,
            "roe": 5.88,
            "roe_4q": 22.54,
            "gross_profit": 789668,
            "gross_margin": 25.66,
            "gross_margin_4q_avg": 33.08,
            "net_income": 352680,
            "revenue": 3077849,
            "common_shares": 3296644,
            "book_valuer_per_share": 18.47,
            "book_valuer_per_share_4q_avg": 20,
            "equity": 6145267,
            "current_ratio": 188.46,
            "debt_ratio": 35.86,
            "inventory_turnover_ratio": 1.2,
            "account_receivable_turnover_ratio": null,
            "reinvestment_rate": 17.72,
            "research_to_sale_ratio": null,
            "price_fair": 149.1,
            "eps_avg_yearly": 4.26,
            "eps_latest_yearly": 4.32,
            "eps_growth_yearly": 35.75
        },
        "20084": {
            "year_quarter": 20084,
            "year": 2008,
            "quarter": 4,
            "eps": 0.06,
            "eps_growth_year": -94.64,
            "eps_4q": 3.8,
            "eps_4q_growth_year": -26.88,
            "roe": 0.28,
            "roe_4q": 17.54,
            "gross_profit": 417844,
            "gross_margin": 20.56,
            "gross_margin_4q_avg": 23.94,
            "net_income": 17431,
            "revenue": 2032393,
            "common_shares": 3299151,
            "book_valuer_per_share": 18.36,
            "book_valuer_per_share_4q_avg": 19.34,
            "equity": 6110854,
            "current_ratio": 209.49,
            "debt_ratio": 29.43,
            "inventory_turnover_ratio": 0.93,
            "account_receivable_turnover_ratio": 1.83,
            "reinvestment_rate": 13.62,
            "research_to_sale_ratio": null,
            "price_fair": 72.56,
            "eps_avg_yearly": 3.99,
            "eps_latest_yearly": 0.24,
            "eps_growth_yearly": 8.18
        },
        "20091": {
            "year_quarter": 20091,
            "year": 2009,
            "quarter": 1,
            "eps": 0.25,
            "eps_growth_year": -77.68,
            "eps_4q": 2.83,
            "eps_4q_growth_year": -44.54,
            "roe": 1.21,
            "roe_4q": 13.600000000000001,
            "gross_profit": 395106,
            "gross_margin": 21.58,
            "gross_margin_4q_avg": 22.91,
            "net_income": 74741,
            "revenue": 1831262,
            "common_shares": 3316004,
            "book_valuer_per_share": 18.77,
            "book_valuer_per_share_4q_avg": 18.63,
            "equity": 6270753,
            "current_ratio": 234.46,
            "debt_ratio": 26.33,
            "inventory_turnover_ratio": 0.97,
            "account_receivable_turnover_ratio": 0.84,
            "reinvestment_rate": 12.36,
            "research_to_sale_ratio": null,
            "price_fair": 133.18,
            "eps_avg_yearly": 3.81,
            "eps_latest_yearly": 1,
            "eps_growth_yearly": 86.83
        },
        "20092": {
            "year_quarter": 20092,
            "year": 2009,
            "quarter": 2,
            "eps": 0.49,
            "eps_growth_year": -59.17,
            "eps_4q": 1.86,
            "eps_4q_growth_year": -60.92,
            "roe": 2.72,
            "roe_4q": 10.09,
            "gross_profit": 581598,
            "gross_margin": 21.93,
            "gross_margin_4q_avg": 22.43,
            "net_income": 164098,
            "revenue": 2651938,
            "common_shares": 3316004,
            "book_valuer_per_share": 17.35,
            "book_valuer_per_share_4q_avg": 18.24,
            "equity": 5797133,
            "current_ratio": 165.14,
            "debt_ratio": 39.16,
            "inventory_turnover_ratio": 1.47,
            "account_receivable_turnover_ratio": 1.07,
            "reinvestment_rate": 9.89,
            "research_to_sale_ratio": null,
            "price_fair": 129.68,
            "eps_avg_yearly": 3.71,
            "eps_latest_yearly": 1.96,
            "eps_growth_yearly": 93.04
        },
        "20093": {
            "year_quarter": 20093,
            "year": 2009,
            "quarter": 3,
            "eps": 0.79,
            "eps_growth_year": -26.85,
            "eps_4q": 1.59,
            "eps_4q_growth_year": -63.35,
            "roe": 4.49,
            "roe_4q": 8.700000000000001,
            "gross_profit": 762314,
            "gross_margin": 23.53,
            "gross_margin_4q_avg": 21.9,
            "net_income": 268083,
            "revenue": 3239556,
            "common_shares": 3495984,
            "book_valuer_per_share": 17.38,
            "book_valuer_per_share_4q_avg": 17.97,
            "equity": 6140528,
            "current_ratio": 165.59,
            "debt_ratio": 38.99,
            "inventory_turnover_ratio": 1.59,
            "account_receivable_turnover_ratio": 1.03,
            "reinvestment_rate": 12.65,
            "research_to_sale_ratio": null,
            "price_fair": 129.06,
            "eps_avg_yearly": 3.69,
            "eps_latest_yearly": 3.16,
            "eps_growth_yearly": 109.19
        },
        "20094": {
            "year_quarter": 20094,
            "year": 2009,
            "quarter": 4,
            "eps": 0.99,
            "eps_growth_year": 1550,
            "eps_4q": 2.5,
            "eps_4q_growth_year": -34.37,
            "roe": 5.47,
            "roe_4q": 13.89,
            "gross_profit": 880373,
            "gross_margin": 27.59,
            "gross_margin_4q_avg": 23.66,
            "net_income": 346220,
            "revenue": 3190897,
            "common_shares": 3497674,
            "book_valuer_per_share": 18.65,
            "book_valuer_per_share_4q_avg": 18.04,
            "equity": 6516942,
            "current_ratio": 176.96,
            "debt_ratio": 36.87,
            "inventory_turnover_ratio": 1.29,
            "account_receivable_turnover_ratio": 2.02,
            "reinvestment_rate": 26.08,
            "research_to_sale_ratio": null,
            "price_fair": 130.99,
            "eps_avg_yearly": 3.74,
            "eps_latest_yearly": 3.96,
            "eps_growth_yearly": 118.14
        },
        "20101": {
            "year_quarter": 20101,
            "year": 2010,
            "quarter": 1,
            "eps": 0.96,
            "eps_growth_year": 284,
            "eps_4q": 3.21,
            "eps_4q_growth_year": 13.27,
            "roe": 4.92,
            "roe_4q": 17.6,
            "gross_profit": 861577,
            "gross_margin": 26.06,
            "gross_margin_4q_avg": 24.78,
            "net_income": 329933,
            "revenue": 3306344,
            "common_shares": 3500756,
            "book_valuer_per_share": 19.61,
            "book_valuer_per_share_4q_avg": 18.25,
            "equity": 6906266,
            "current_ratio": 191.92,
            "debt_ratio": 34.94,
            "inventory_turnover_ratio": 1.24,
            "account_receivable_turnover_ratio": 1,
            "reinvestment_rate": 30.14,
            "research_to_sale_ratio": 4.02,
            "price_fair": 132.04,
            "eps_avg_yearly": 3.77,
            "eps_latest_yearly": 3.84,
            "eps_growth_yearly": 115.11
        },
        "20102": {
            "year_quarter": 20102,
            "year": 2010,
            "quarter": 2,
            "eps": 1.56,
            "eps_growth_year": 219.18,
            "eps_4q": 4.19,
            "eps_4q_growth_year": 125.31,
            "roe": 8.11,
            "roe_4q": 22.990000000000002,
            "gross_profit": 1193730,
            "gross_margin": 29.47,
            "gross_margin_4q_avg": 26.66,
            "net_income": 558789,
            "revenue": 4049999,
            "common_shares": 3500756,
            "book_valuer_per_share": 19.36,
            "book_valuer_per_share_4q_avg": 18.75,
            "equity": 6873092,
            "current_ratio": 163.18,
            "debt_ratio": 42.97,
            "inventory_turnover_ratio": 1.4,
            "account_receivable_turnover_ratio": 1.09,
            "reinvestment_rate": 28.58,
            "research_to_sale_ratio": 4.24,
            "price_fair": 137.73,
            "eps_avg_yearly": 3.94,
            "eps_latest_yearly": 6.24,
            "eps_growth_yearly": 128.65
        },
        "20103": {
            "year_quarter": 20103,
            "year": 2010,
            "quarter": 3,
            "eps": 1.75,
            "eps_growth_year": 120.96,
            "eps_4q": 5.18,
            "eps_4q_growth_year": 225.45,
            "roe": 8.71,
            "roe_4q": 27.21,
            "gross_profit": 1277583,
            "gross_margin": 32.22,
            "gross_margin_4q_avg": 28.84,
            "net_income": 625526,
            "revenue": 3964734,
            "common_shares": 3621441,
            "book_valuer_per_share": 20.53,
            "book_valuer_per_share_4q_avg": 19.54,
            "equity": 7497080,
            "current_ratio": 194.39,
            "debt_ratio": 35.54,
            "inventory_turnover_ratio": 1.24,
            "account_receivable_turnover_ratio": 1.02,
            "reinvestment_rate": 28.52,
            "research_to_sale_ratio": 4.32,
            "price_fair": 143.06,
            "eps_avg_yearly": 4.09,
            "eps_latest_yearly": 7,
            "eps_growth_yearly": 125.38
        },
        "20104": {
            "year_quarter": 20104,
            "year": 2010,
            "quarter": 4,
            "eps": 0.8,
            "eps_growth_year": -19.28,
            "eps_4q": 5.03,
            "eps_4q_growth_year": 101.43,
            "roe": 3.81,
            "roe_4q": 25.550000000000004,
            "gross_profit": 938644,
            "gross_margin": 26.33,
            "gross_margin_4q_avg": 28.52,
            "net_income": 288943,
            "revenue": 3564781,
            "common_shares": 3622691,
            "book_valuer_per_share": 20.97,
            "book_valuer_per_share_4q_avg": 20.12,
            "equity": 7659300,
            "current_ratio": 202.14,
            "debt_ratio": 34.29,
            "inventory_turnover_ratio": 1.2,
            "account_receivable_turnover_ratio": 0.97,
            "reinvestment_rate": 23.16,
            "research_to_sale_ratio": 4.25,
            "price_fair": 143.41,
            "eps_avg_yearly": 4.1,
            "eps_latest_yearly": 3.2,
            "eps_growth_yearly": 120.14
        },
        "20111": {
            "year_quarter": 20111,
            "year": 2011,
            "quarter": 1,
            "eps": 1.1,
            "eps_growth_year": 14.58,
            "eps_4q": 5.21,
            "eps_4q_growth_year": 62.16,
            "roe": 4.95,
            "roe_4q": 25.58,
            "gross_profit": 956840,
            "gross_margin": 27.79,
            "gross_margin_4q_avg": 28.95,
            "net_income": 388900,
            "revenue": 3442826,
            "common_shares": 3622691,
            "book_valuer_per_share": 22.11,
            "book_valuer_per_share_4q_avg": 20.74,
            "equity": 8060489,
            "current_ratio": 212.23,
            "debt_ratio": 32.83,
            "inventory_turnover_ratio": 1.12,
            "account_receivable_turnover_ratio": 0.99,
            "reinvestment_rate": 29.06,
            "research_to_sale_ratio": 4.46,
            "price_fair": 142.36,
            "eps_avg_yearly": 4.07,
            "eps_latest_yearly": 4.4,
            "eps_growth_yearly": 114.38
        },
        "20112": {
            "year_quarter": 20112,
            "year": 2011,
            "quarter": 2,
            "eps": 1.41,
            "eps_growth_year": -9.53,
            "eps_4q": 4.92,
            "eps_4q_growth_year": 17.39,
            "roe": 7.07,
            "roe_4q": 24.54,
            "gross_profit": 1208429,
            "gross_margin": 29.35,
            "gross_margin_4q_avg": 28.92,
            "net_income": 538450,
            "revenue": 4116980,
            "common_shares": 3622691,
            "book_valuer_per_share": 19.61,
            "book_valuer_per_share_4q_avg": 20.81,
            "equity": 7164793,
            "current_ratio": 164.6,
            "debt_ratio": 42.85,
            "inventory_turnover_ratio": 1.24,
            "account_receivable_turnover_ratio": 1.15,
            "reinvestment_rate": 27.93,
            "research_to_sale_ratio": 4.31,
            "price_fair": 142.89,
            "eps_avg_yearly": 4.08,
            "eps_latest_yearly": 5.64,
            "eps_growth_yearly": 118.76
        },
        "20113": {
            "year_quarter": 20113,
            "year": 2011,
            "quarter": 3,
            "eps": 1.13,
            "eps_growth_year": -35.26,
            "eps_4q": 4.37,
            "eps_4q_growth_year": -15.6,
            "roe": 5.73,
            "roe_4q": 21.56,
            "gross_profit": 981664,
            "gross_margin": 27.89,
            "gross_margin_4q_avg": 27.84,
            "net_income": 424505,
            "revenue": 3519948,
            "common_shares": 3767599,
            "book_valuer_per_share": 20.18,
            "book_valuer_per_share_4q_avg": 20.72,
            "equity": 7663353,
            "current_ratio": 200.38,
            "debt_ratio": 34.66,
            "inventory_turnover_ratio": 1.13,
            "account_receivable_turnover_ratio": 0.95,
            "reinvestment_rate": 27.8,
            "research_to_sale_ratio": 4.9,
            "price_fair": 138.34,
            "eps_avg_yearly": 3.95,
            "eps_latest_yearly": 4.52,
            "eps_growth_yearly": 108.24
        },
        "20114": {
            "year_quarter": 20114,
            "year": 2011,
            "quarter": 4,
            "eps": 0.46,
            "eps_growth_year": -42.32,
            "eps_4q": 4.06,
            "eps_4q_growth_year": -19.19,
            "roe": 1.97,
            "roe_4q": 19.72,
            "gross_profit": 770204,
            "gross_margin": 25.1,
            "gross_margin_4q_avg": 27.53,
            "net_income": 152472,
            "revenue": 3068563,
            "common_shares": 3767599,
            "book_valuer_per_share": 20.72,
            "book_valuer_per_share_4q_avg": 20.66,
            "equity": 7844587,
            "current_ratio": 213.22,
            "debt_ratio": 32.68,
            "inventory_turnover_ratio": 1.07,
            "account_receivable_turnover_ratio": 0.88,
            "reinvestment_rate": 20.28,
            "research_to_sale_ratio": 5.17,
            "price_fair": 132.56,
            "eps_avg_yearly": 3.79,
            "eps_latest_yearly": 1.84,
            "eps_growth_yearly": 101.45
        },
        "20121": {
            "year_quarter": 20121,
            "year": 2012,
            "quarter": 1,
            "eps": 0.43,
            "eps_growth_year": -60.91,
            "eps_4q": 3.44,
            "eps_4q_growth_year": -33.83,
            "roe": 2,
            "roe_4q": 16.77,
            "gross_profit": 777293,
            "gross_margin": 27.12,
            "gross_margin_4q_avg": 27.37,
            "net_income": 158811,
            "revenue": 2865847,
            "common_shares": 3767599,
            "book_valuer_per_share": 21.24,
            "book_valuer_per_share_4q_avg": 20.44,
            "equity": 8032025,
            "current_ratio": 213.52,
            "debt_ratio": 30.47,
            "inventory_turnover_ratio": 1.02,
            "account_receivable_turnover_ratio": 0.91,
            "reinvestment_rate": 22.12,
            "research_to_sale_ratio": 5.4,
            "price_fair": 126.53,
            "eps_avg_yearly": 3.62,
            "eps_latest_yearly": 1.72,
            "eps_growth_yearly": 99.82
        },
        "20122": {
            "year_quarter": 20122,
            "year": 2012,
            "quarter": 2,
            "eps": 0.76,
            "eps_growth_year": -46.43,
            "eps_4q": 2.79,
            "eps_4q_growth_year": -43.31,
            "roe": 3.69,
            "roe_4q": 13.39,
            "gross_profit": 914599,
            "gross_margin": 29.6,
            "gross_margin_4q_avg": 27.43,
            "net_income": 284168,
            "revenue": 3089832,
            "common_shares": 3767599,
            "book_valuer_per_share": 19.46,
            "book_valuer_per_share_4q_avg": 20.4,
            "equity": 7365311,
            "current_ratio": 173.46,
            "debt_ratio": 38.4,
            "inventory_turnover_ratio": 1.1,
            "account_receivable_turnover_ratio": 0.98,
            "reinvestment_rate": 27.28,
            "research_to_sale_ratio": 5.65,
            "price_fair": 122.68,
            "eps_avg_yearly": 3.51,
            "eps_latest_yearly": 3.04,
            "eps_growth_yearly": 117.22
        },
        "20123": {
            "year_quarter": 20123,
            "year": 2012,
            "quarter": 3,
            "eps": 0.84,
            "eps_growth_year": -25.94,
            "eps_4q": 2.49,
            "eps_4q_growth_year": -42.92,
            "roe": 4.16,
            "roe_4q": 11.82,
            "gross_profit": 970113,
            "gross_margin": 30.03,
            "gross_margin_4q_avg": 27.96,
            "net_income": 314079,
            "revenue": 3230392,
            "common_shares": 3767599,
            "book_valuer_per_share": 20.37,
            "book_valuer_per_share_4q_avg": 20.45,
            "equity": 7739741,
            "current_ratio": 202.54,
            "debt_ratio": 32.29,
            "inventory_turnover_ratio": 1.2,
            "account_receivable_turnover_ratio": 1.04,
            "reinvestment_rate": 27.84,
            "research_to_sale_ratio": 5.88,
            "price_fair": 120.58,
            "eps_avg_yearly": 3.45,
            "eps_latest_yearly": 3.36,
            "eps_growth_yearly": 122.35
        },
        "20124": {
            "year_quarter": 20124,
            "year": 2012,
            "quarter": 4,
            "eps": 0.49,
            "eps_growth_year": 5.94,
            "eps_4q": 2.52,
            "eps_4q_growth_year": -37.93,
            "roe": 2.35,
            "roe_4q": 12.2,
            "gross_profit": 756508,
            "gross_margin": 29.54,
            "gross_margin_4q_avg": 29.07,
            "net_income": 183965,
            "revenue": 2561372,
            "common_shares": 3767599,
            "book_valuer_per_share": 20.8,
            "book_valuer_per_share_4q_avg": 20.47,
            "equity": 7901443,
            "current_ratio": 220.06,
            "debt_ratio": 30.03,
            "inventory_turnover_ratio": 1.05,
            "account_receivable_turnover_ratio": 0.9,
            "reinvestment_rate": 29.08,
            "research_to_sale_ratio": 6.3,
            "price_fair": 124.34,
            "eps_avg_yearly": 3.55,
            "eps_latest_yearly": 1.96,
            "eps_growth_yearly": 135.55
        },
        "20131": {
            "year_quarter": 20131,
            "year": 2013,
            "quarter": 1,
            "eps": 0.58,
            "eps_growth_year": 34.88,
            "eps_4q": 2.67,
            "eps_4q_growth_year": -22.6,
            "roe": 2.73,
            "roe_4q": 12.93,
            "gross_profit": 804962,
            "gross_margin": 37.15,
            "gross_margin_4q_avg": 31.58,
            "net_income": 219953,
            "revenue": 2166872,
            "common_shares": 3767599,
            "book_valuer_per_share": 21.61,
            "book_valuer_per_share_4q_avg": 20.56,
            "equity": 8196064,
            "current_ratio": 230.04,
            "debt_ratio": 28.82,
            "inventory_turnover_ratio": 0.85,
            "account_receivable_turnover_ratio": 0.82,
            "reinvestment_rate": 22.24,
            "research_to_sale_ratio": 7.2,
            "price_fair": 127.23,
            "eps_avg_yearly": 3.64,
            "eps_latest_yearly": 2.32,
            "eps_growth_yearly": 60.97
        },
        "20132": {
            "year_quarter": 20132,
            "year": 2013,
            "quarter": 2,
            "eps": 1.15,
            "eps_growth_year": 51.72,
            "eps_4q": 3.05,
            "eps_4q_growth_year": 9.47,
            "roe": 5.2,
            "roe_4q": 14.44,
            "gross_profit": 1163023,
            "gross_margin": 40.27,
            "gross_margin_4q_avg": 34.25,
            "net_income": 421592,
            "revenue": 2888103,
            "common_shares": 3767599,
            "book_valuer_per_share": 20.95,
            "book_valuer_per_share_4q_avg": 20.93,
            "equity": 8010969,
            "current_ratio": 195.25,
            "debt_ratio": 34.45,
            "inventory_turnover_ratio": 1.11,
            "account_receivable_turnover_ratio": 1.09,
            "reinvestment_rate": 23.63,
            "research_to_sale_ratio": 6.4,
            "price_fair": 133,
            "eps_avg_yearly": 3.8,
            "eps_latest_yearly": 4.6,
            "eps_growth_yearly": 61.54
        },
        "20133": {
            "year_quarter": 20133,
            "year": 2013,
            "quarter": 3,
            "eps": 0.74,
            "eps_growth_year": -11.58,
            "eps_4q": 2.95,
            "eps_4q_growth_year": 18.28,
            "roe": 3.34,
            "roe_4q": 13.62,
            "gross_profit": 904583,
            "gross_margin": 33.71,
            "gross_margin_4q_avg": 35.17,
            "net_income": 273095,
            "revenue": 2683733,
            "common_shares": 3767599,
            "book_valuer_per_share": 21.81,
            "book_valuer_per_share_4q_avg": 21.29,
            "equity": 8332086,
            "current_ratio": 205.43,
            "debt_ratio": 34.85,
            "inventory_turnover_ratio": 1.12,
            "account_receivable_turnover_ratio": 0.9,
            "reinvestment_rate": 21.2,
            "research_to_sale_ratio": 6.91,
            "price_fair": 132.56,
            "eps_avg_yearly": 3.79,
            "eps_latest_yearly": 2.96,
            "eps_growth_yearly": 37.32
        },
        "20134": {
            "year_quarter": 20134,
            "year": 2013,
            "quarter": 4,
            "eps": 0.75,
            "eps_growth_year": 54.16,
            "eps_4q": 3.21,
            "eps_4q_growth_year": 27.49,
            "roe": 3.1,
            "roe_4q": 14.370000000000001,
            "gross_profit": 878252,
            "gross_margin": 36.11,
            "gross_margin_4q_avg": 36.81,
            "net_income": 264516,
            "revenue": 2431923,
            "common_shares": 3767599,
            "book_valuer_per_share": 22.88,
            "book_valuer_per_share_4q_avg": 21.81,
            "equity": 8716561,
            "current_ratio": 229.49,
            "debt_ratio": 31.73,
            "inventory_turnover_ratio": 0.99,
            "account_receivable_turnover_ratio": 0.8,
            "reinvestment_rate": 7.77,
            "research_to_sale_ratio": 7.72,
            "price_fair": 130.46,
            "eps_avg_yearly": 3.73,
            "eps_latest_yearly": 3,
            "eps_growth_yearly": 31.33
        },
        "20141": {
            "year_quarter": 20141,
            "year": 2014,
            "quarter": 1,
            "eps": 0.48,
            "eps_growth_year": -17.24,
            "eps_4q": 3.11,
            "eps_4q_growth_year": 16.56,
            "roe": 1.95,
            "roe_4q": 13.59,
            "gross_profit": 755851,
            "gross_margin": 37.68,
            "gross_margin_4q_avg": 36.94,
            "net_income": 171900,
            "revenue": 2006101,
            "common_shares": 3767599,
            "book_valuer_per_share": 23.51,
            "book_valuer_per_share_4q_avg": 22.29,
            "equity": 8944491,
            "current_ratio": 236.2,
            "debt_ratio": 31.1,
            "inventory_turnover_ratio": 0.82,
            "account_receivable_turnover_ratio": 0.7,
            "reinvestment_rate": 7.54,
            "research_to_sale_ratio": 9.07,
            "price_fair": 119.36,
            "eps_avg_yearly": 3.61,
            "eps_latest_yearly": 1.92,
            "eps_growth_yearly": 23.09
        },
        "20142": {
            "year_quarter": 20142,
            "year": 2014,
            "quarter": 2,
            "eps": 0.89,
            "eps_growth_year": -22.61,
            "eps_4q": 2.85,
            "eps_4q_growth_year": -6.52,
            "roe": 3.77,
            "roe_4q": 12.16,
            "gross_profit": 1001171,
            "gross_margin": 38.1,
            "gross_margin_4q_avg": 36.4,
            "net_income": 327290,
            "revenue": 2627494,
            "common_shares": 3767599,
            "book_valuer_per_share": 22.06,
            "book_valuer_per_share_4q_avg": 22.57,
            "equity": 8397517,
            "current_ratio": 233.93,
            "debt_ratio": 45.35,
            "inventory_turnover_ratio": 1,
            "account_receivable_turnover_ratio": 0.91,
            "reinvestment_rate": 7.01,
            "research_to_sale_ratio": 7.59,
            "price_fair": 120.4,
            "eps_avg_yearly": 3.44,
            "eps_latest_yearly": 3.56,
            "eps_growth_yearly": 28.82
        },
        "20143": {
            "year_quarter": 20143,
            "year": 2014,
            "quarter": 3,
            "eps": 1.3,
            "eps_growth_year": 75.68,
            "eps_4q": 3.4,
            "eps_4q_growth_year": 15.35,
            "roe": 5.58,
            "roe_4q": 14.399999999999999,
            "gross_profit": 1260713,
            "gross_margin": 41.12,
            "gross_margin_4q_avg": 38.25,
            "net_income": 483100,
            "revenue": 3066294,
            "common_shares": 3767599,
            "book_valuer_per_share": 23.38,
            "book_valuer_per_share_4q_avg": 22.96,
            "equity": 8918924,
            "current_ratio": 260.03,
            "debt_ratio": 41.84,
            "inventory_turnover_ratio": 1.03,
            "account_receivable_turnover_ratio": 0.94,
            "reinvestment_rate": 3.68,
            "research_to_sale_ratio": 7.27,
            "price_fair": 116.46,
            "eps_avg_yearly": 3.33,
            "eps_latest_yearly": 5.2,
            "eps_growth_yearly": 37.29
        },
        "20144": {
            "year_quarter": 20144,
            "year": 2014,
            "quarter": 4,
            "eps": 0.85,
            "eps_growth_year": 12.31,
            "eps_4q": 3.49,
            "eps_4q_growth_year": 8.67,
            "roe": 3.41,
            "roe_4q": 14.709999999999999,
            "gross_profit": 1028169,
            "gross_margin": 39.44,
            "gross_margin_4q_avg": 39.09,
            "net_income": 311766,
            "revenue": 2607196,
            "common_shares": 3787821,
            "book_valuer_per_share": 24.6,
            "book_valuer_per_share_4q_avg": 23.39,
            "equity": 9390765,
            "current_ratio": 319.94,
            "debt_ratio": 37.26,
            "inventory_turnover_ratio": 0.94,
            "account_receivable_turnover_ratio": 0.78,
            "reinvestment_rate": 6.45,
            "research_to_sale_ratio": 8.69,
            "price_fair": 116.9,
            "eps_avg_yearly": 3.34,
            "eps_latest_yearly": 3.4,
            "eps_growth_yearly": 42.21
        },
        "20151": {
            "year_quarter": 20151,
            "year": 2015,
            "quarter": 1,
            "eps": 0.33,
            "eps_growth_year": -31.25,
            "eps_4q": 3.35,
            "eps_4q_growth_year": 7.72,
            "roe": 1.21,
            "roe_4q": 13.969999999999999,
            "gross_profit": 797243,
            "gross_margin": 41.44,
            "gross_margin_4q_avg": 40.03,
            "net_income": 113557,
            "revenue": 1923763,
            "common_shares": 3787821,
            "book_valuer_per_share": 24.77,
            "book_valuer_per_share_4q_avg": 23.7,
            "equity": 9443870,
            "current_ratio": 319.43,
            "debt_ratio": 36.81,
            "inventory_turnover_ratio": 0.71,
            "account_receivable_turnover_ratio": 0.66,
            "reinvestment_rate": 4.56,
            "research_to_sale_ratio": 10.08,
            "price_fair": 86.67,
            "eps_avg_yearly": 3.15,
            "eps_latest_yearly": 1.32,
            "eps_growth_yearly": 17.54
        },
        "20152": {
            "year_quarter": 20152,
            "year": 2015,
            "quarter": 2,
            "eps": 1.01,
            "eps_growth_year": 13.48,
            "eps_4q": 3.48,
            "eps_4q_growth_year": 21.86,
            "roe": 4.08,
            "roe_4q": 14.28,
            "gross_profit": 1139923,
            "gross_margin": 42.07,
            "gross_margin_4q_avg": 41.02,
            "net_income": 371138,
            "revenue": 2709486,
            "common_shares": 3787863,
            "book_valuer_per_share": 22.84,
            "book_valuer_per_share_4q_avg": 23.9,
            "equity": 8748336,
            "current_ratio": 230.06,
            "debt_ratio": 44.33,
            "inventory_turnover_ratio": 0.99,
            "account_receivable_turnover_ratio": 1,
            "reinvestment_rate": 5.85,
            "research_to_sale_ratio": 8.14,
            "price_fair": 106.66,
            "eps_avg_yearly": 3.05,
            "eps_latest_yearly": 4.04,
            "eps_growth_yearly": 62.01
        },
        "20153": {
            "year_quarter": 20153,
            "year": 2015,
            "quarter": 3,
            "eps": 1.28,
            "eps_growth_year": -1.54,
            "eps_4q": 3.45,
            "eps_4q_growth_year": 1.44,
            "roe": 5.25,
            "roe_4q": 13.95,
            "gross_profit": 1136694,
            "gross_margin": 45.5,
            "gross_margin_4q_avg": 42.11,
            "net_income": 476176,
            "revenue": 2498058,
            "common_shares": 3787863,
            "book_valuer_per_share": 24.53,
            "book_valuer_per_share_4q_avg": 24.19,
            "equity": 9390385,
            "current_ratio": 273.8,
            "debt_ratio": 40.92,
            "inventory_turnover_ratio": 0.84,
            "account_receivable_turnover_ratio": 0.85,
            "reinvestment_rate": 7.2,
            "research_to_sale_ratio": 9.28,
            "price_fair": 107.98,
            "eps_avg_yearly": 3.09,
            "eps_latest_yearly": 5.12,
            "eps_growth_yearly": 73.65
        },
        "20154": {
            "year_quarter": 20154,
            "year": 2015,
            "quarter": 4,
            "eps": 0.66,
            "eps_growth_year": -21.58,
            "eps_4q": 3.28,
            "eps_4q_growth_year": -6.16,
            "roe": 2.47,
            "roe_4q": 13.010000000000002,
            "gross_profit": 1147480,
            "gross_margin": 44.8,
            "gross_margin_4q_avg": 43.45,
            "net_income": 233671,
            "revenue": 2561058,
            "common_shares": 3791699,
            "book_valuer_per_share": 24.94,
            "book_valuer_per_share_4q_avg": 24.27,
            "equity": 9531296,
            "current_ratio": 309.47,
            "debt_ratio": 40.65,
            "inventory_turnover_ratio": 0.86,
            "account_receivable_turnover_ratio": 0.91,
            "reinvestment_rate": 6.55,
            "research_to_sale_ratio": 8.85,
            "price_fair": 109.73,
            "eps_avg_yearly": 3.14,
            "eps_latest_yearly": 2.64,
            "eps_growth_yearly": 76.37
        },
        "20161": {
            "year_quarter": 20161,
            "year": 2016,
            "quarter": 1,
            "eps": 0.85,
            "eps_growth_year": 157.58,
            "eps_4q": 3.79,
            "eps_4q_growth_year": 13.14,
            "roe": 3.15,
            "roe_4q": 14.950000000000001,
            "gross_profit": 1153742,
            "gross_margin": 44.2,
            "gross_margin_4q_avg": 44.14,
            "net_income": 305990,
            "revenue": 2610119,
            "common_shares": 3791699,
            "book_valuer_per_share": 25.85,
            "book_valuer_per_share_4q_avg": 24.54,
            "equity": 9871947,
            "current_ratio": 285.75,
            "debt_ratio": 40.31,
            "inventory_turnover_ratio": 0.85,
            "account_receivable_turnover_ratio": 1.06,
            "reinvestment_rate": 7.45,
            "research_to_sale_ratio": 9.05,
            "price_fair": 113.4,
            "eps_avg_yearly": 3.24,
            "eps_latest_yearly": 3.4,
            "eps_growth_yearly": 85.2
        },
        "20162": {
            "year_quarter": 20162,
            "year": 2016,
            "quarter": 2,
            "eps": 1.17,
            "eps_growth_year": 15.84,
            "eps_4q": 3.95,
            "eps_4q_growth_year": 13.6,
            "roe": 4.52,
            "roe_4q": 15.39,
            "gross_profit": 1323429,
            "gross_margin": 49.34,
            "gross_margin_4q_avg": 45.96,
            "net_income": 437508,
            "revenue": 2682225,
            "common_shares": 3796935,
            "book_valuer_per_share": 24.53,
            "book_valuer_per_share_4q_avg": 24.96,
            "equity": 9465575,
            "current_ratio": 229.48,
            "debt_ratio": 45.6,
            "inventory_turnover_ratio": 0.72,
            "account_receivable_turnover_ratio": 1.04,
            "reinvestment_rate": 0.53,
            "research_to_sale_ratio": 9.14,
            "price_fair": 116.99,
            "eps_avg_yearly": 3.34,
            "eps_latest_yearly": 4.68,
            "eps_growth_yearly": 75.42
        },
        "20163": {
            "year_quarter": 20163,
            "year": 2016,
            "quarter": 3,
            "eps": 1.52,
            "eps_growth_year": 18.75,
            "eps_4q": 4.08,
            "eps_4q_growth_year": 18.32,
            "roe": 5.75,
            "roe_4q": 15.89,
            "gross_profit": 1640509,
            "gross_margin": 46.12,
            "gross_margin_4q_avg": 46.12,
            "net_income": 566885,
            "revenue": 3556991,
            "common_shares": 3833732,
            "book_valuer_per_share": 26.15,
            "book_valuer_per_share_4q_avg": 25.37,
            "equity": 10248913,
            "current_ratio": 236.89,
            "debt_ratio": 43.11,
            "inventory_turnover_ratio": 1,
            "account_receivable_turnover_ratio": 1.2,
            "reinvestment_rate": -2.58,
            "research_to_sale_ratio": 7.89,
            "price_fair": 122.94,
            "eps_avg_yearly": 3.51,
            "eps_latest_yearly": 6.08,
            "eps_growth_yearly": 80.27
        },
        "20164": {
            "year_quarter": 20164,
            "year": 2016,
            "quarter": 4,
            "eps": 0.98,
            "eps_growth_year": 48.42,
            "eps_4q": 4.43,
            "eps_4q_growth_year": 35.25,
            "roe": 3.66,
            "roe_4q": 17.08,
            "gross_profit": 1310642,
            "gross_margin": 47.23,
            "gross_margin_4q_avg": 46.72,
            "net_income": 385183,
            "revenue": 2775034,
            "common_shares": 3898872,
            "book_valuer_per_share": 27.36,
            "book_valuer_per_share_4q_avg": 25.97,
            "equity": 10787851,
            "current_ratio": 237.39,
            "debt_ratio": 42.1,
            "inventory_turnover_ratio": 0.78,
            "account_receivable_turnover_ratio": 0.89,
            "reinvestment_rate": -3.63,
            "research_to_sale_ratio": 9.82,
            "price_fair": 127.23,
            "eps_avg_yearly": 3.64,
            "eps_latest_yearly": 3.92,
            "eps_growth_yearly": 81.8
        },
        "20171": {
            "year_quarter": 20171,
            "year": 2017,
            "quarter": 1,
            "eps": 0.75,
            "eps_growth_year": -11.76,
            "eps_4q": 4.17,
            "eps_4q_growth_year": 10.2,
            "roe": 2.48,
            "roe_4q": 16.41,
            "gross_profit": 1366577,
            "gross_margin": 49.23,
            "gross_margin_4q_avg": 47.98,
            "net_income": 281726,
            "revenue": 2775706,
            "common_shares": 3898872,
            "book_valuer_per_share": 29.13,
            "book_valuer_per_share_4q_avg": 26.79,
            "equity": 11905563,
            "current_ratio": 252.43,
            "debt_ratio": 33.05,
            "inventory_turnover_ratio": 0.72,
            "account_receivable_turnover_ratio": 0.94,
            "reinvestment_rate": 1.65,
            "research_to_sale_ratio": 10.06,
            "price_fair": 128.71,
            "eps_avg_yearly": 3.68,
            "eps_latest_yearly": 3,
            "eps_growth_yearly": 71.34
        },
        "20172": {
            "year_quarter": 20172,
            "year": 2017,
            "quarter": 2,
            "eps": 1.29,
            "eps_growth_year": 10.26,
            "eps_4q": 4.33,
            "eps_4q_growth_year": 9.69,
            "roe": 4.39,
            "roe_4q": 16.28,
            "gross_profit": 1449610,
            "gross_margin": 48.57,
            "gross_margin_4q_avg": 47.79,
            "net_income": 510385,
            "revenue": 2984321,
            "common_shares": 4052754,
            "book_valuer_per_share": 27.48,
            "book_valuer_per_share_4q_avg": 27.53,
            "equity": 11366446,
            "current_ratio": 189.8,
            "debt_ratio": 40.49,
            "inventory_turnover_ratio": 0.71,
            "account_receivable_turnover_ratio": 1.02,
            "reinvestment_rate": -0.63,
            "research_to_sale_ratio": 9.79,
            "price_fair": 129.94,
            "eps_avg_yearly": 3.71,
            "eps_latest_yearly": 5.16,
            "eps_growth_yearly": 64.78
        },
        "20173": {
            "year_quarter": 20173,
            "year": 2017,
            "quarter": 3,
            "eps": 2.15,
            "eps_growth_year": 41.45,
            "eps_4q": 4.99,
            "eps_4q_growth_year": 22.28,
            "roe": 7.31,
            "roe_4q": 17.84,
            "gross_profit": 1977758,
            "gross_margin": 50.37,
            "gross_margin_4q_avg": 48.85,
            "net_income": 866477,
            "revenue": 3926560,
            "common_shares": 4080513,
            "book_valuer_per_share": 29.8,
            "book_valuer_per_share_4q_avg": 28.44,
            "equity": 12350019,
            "current_ratio": 175.66,
            "debt_ratio": 43,
            "inventory_turnover_ratio": 0.82,
            "account_receivable_turnover_ratio": 1.16,
            "reinvestment_rate": -1.03,
            "research_to_sale_ratio": 8.35,
            "price_fair": 142.28,
            "eps_avg_yearly": 4.07,
            "eps_latest_yearly": 8.6,
            "eps_growth_yearly": 90.35
        },
        "20174": {
            "year_quarter": 20174,
            "year": 2017,
            "quarter": 4,
            "eps": 2.17,
            "eps_growth_year": 120.14,
            "eps_4q": 6.24,
            "eps_4q_growth_year": 40.77,
            "roe": 6.9,
            "roe_4q": 21.080000000000002,
            "gross_profit": 2274927,
            "gross_margin": 43.62,
            "gross_margin_4q_avg": 47.95,
            "net_income": 890235,
            "revenue": 5214759,
            "common_shares": 4118942,
            "book_valuer_per_share": 32.27,
            "book_valuer_per_share_4q_avg": 29.67,
            "equity": 13462829,
            "current_ratio": 203.76,
            "debt_ratio": 38.85,
            "inventory_turnover_ratio": 1.22,
            "account_receivable_turnover_ratio": 1.33,
            "reinvestment_rate": -1.23,
            "research_to_sale_ratio": 6,
            "price_fair": 154.7,
            "eps_avg_yearly": 4.42,
            "eps_latest_yearly": 8.68,
            "eps_growth_yearly": 90.25
        },
        "20181": {
            "year_quarter": 20181,
            "year": 2018,
            "quarter": 1,
            "eps": 1.06,
            "eps_growth_year": 41.33,
            "eps_4q": 6.4,
            "eps_4q_growth_year": 53.43,
            "roe": 3.06,
            "roe_4q": 21.66,
            "gross_profit": 1563841,
            "gross_margin": 45.12,
            "gross_margin_4q_avg": 46.92,
            "net_income": 422129,
            "revenue": 3466154,
            "common_shares": 4118942,
            "book_valuer_per_share": 33.85,
            "book_valuer_per_share_4q_avg": 30.85,
            "equity": 14162946,
            "current_ratio": 239.42,
            "debt_ratio": 35.04,
            "inventory_turnover_ratio": 0.76,
            "account_receivable_turnover_ratio": 0.91,
            "reinvestment_rate": -7.47,
            "research_to_sale_ratio": 8.7,
            "price_fair": 159.78,
            "eps_avg_yearly": 4.57,
            "eps_latest_yearly": 4.24,
            "eps_growth_yearly": 86.46
        },
        "20182": {
            "year_quarter": 20182,
            "year": 2018,
            "quarter": 2,
            "eps": 2.51,
            "eps_growth_year": 94.57,
            "eps_4q": 7.65,
            "eps_4q_growth_year": 76.6,
            "roe": 7.38,
            "roe_4q": 24.65,
            "gross_profit": 2396723,
            "gross_margin": 42.56,
            "gross_margin_4q_avg": 45.42,
            "net_income": 1025726,
            "revenue": 5631688,
            "common_shares": 4129532,
            "book_valuer_per_share": 32.35,
            "book_valuer_per_share_4q_avg": 32.07,
            "equity": 13618016,
            "current_ratio": 160.2,
            "debt_ratio": 47.45,
            "inventory_turnover_ratio": 1.25,
            "account_receivable_turnover_ratio": 1.3,
            "reinvestment_rate": -6.52,
            "research_to_sale_ratio": 5.62,
            "price_fair": 173.95,
            "eps_avg_yearly": 4.97,
            "eps_latest_yearly": 10.04,
            "eps_growth_yearly": 99.31
        },
        "20183": {
            "year_quarter": 20183,
            "year": 2018,
            "quarter": 3,
            "eps": 1.49,
            "eps_growth_year": -30.7,
            "eps_4q": 7.09,
            "eps_4q_growth_year": 41.91,
            "roe": 4.43,
            "roe_4q": 21.77,
            "gross_profit": 1792821,
            "gross_margin": 45.86,
            "gross_margin_4q_avg": 44.29,
            "net_income": 617380,
            "revenue": 3909114,
            "common_shares": 4143594,
            "book_valuer_per_share": 33.76,
            "book_valuer_per_share_4q_avg": 33.06,
            "equity": 14277448,
            "current_ratio": 199.9,
            "debt_ratio": 38.47,
            "inventory_turnover_ratio": 0.82,
            "account_receivable_turnover_ratio": 0.8,
            "reinvestment_rate": 3.41,
            "research_to_sale_ratio": 8.19,
            "price_fair": 175.61,
            "eps_avg_yearly": 5.02,
            "eps_latest_yearly": 5.96,
            "eps_growth_yearly": 77.63
        },
        "20184": {
            "year_quarter": 20184,
            "year": 2018,
            "quarter": 4,
            "eps": 1.15,
            "eps_growth_year": -46.78,
            "eps_4q": 6.14,
            "eps_4q_growth_year": -1.65,
            "roe": 3.33,
            "roe_4q": 18.2,
            "gross_profit": 1704955,
            "gross_margin": 43.45,
            "gross_margin_4q_avg": 44.25,
            "net_income": 481944,
            "revenue": 3924172,
            "common_shares": 4167794,
            "book_valuer_per_share": 34.73,
            "book_valuer_per_share_4q_avg": 33.67,
            "equity": 14690349,
            "current_ratio": 221.54,
            "debt_ratio": 36.69,
            "inventory_turnover_ratio": 0.89,
            "account_receivable_turnover_ratio": 0.82,
            "reinvestment_rate": 2.12,
            "research_to_sale_ratio": 8.05,
            "price_fair": 178.24,
            "eps_avg_yearly": 5.09,
            "eps_latest_yearly": 4.6,
            "eps_growth_yearly": 80.58
        },
        "20191": {
            "year_quarter": 20191,
            "year": 2019,
            "quarter": 1,
            "eps": 0.72,
            "eps_growth_year": -32.08,
            "eps_4q": 5.71,
            "eps_4q_growth_year": -10.77,
            "roe": 1.99,
            "roe_4q": 17.13,
            "gross_profit": 1316843,
            "gross_margin": 48.02,
            "gross_margin_4q_avg": 44.97,
            "net_income": 296953,
            "revenue": 2742396,
            "common_shares": 4167174,
            "book_valuer_per_share": 35.7,
            "book_valuer_per_share_4q_avg": 34.14,
            "equity": 15125471,
            "current_ratio": 240.53,
            "debt_ratio": 35.16,
            "inventory_turnover_ratio": 0.58,
            "account_receivable_turnover_ratio": 0.6,
            "reinvestment_rate": 2.49,
            "research_to_sale_ratio": 10.74,
            "price_fair": 181.65,
            "eps_avg_yearly": 5.19,
            "eps_latest_yearly": 2.88,
            "eps_growth_yearly": 86.52
        },
        "20192": {
            "year_quarter": 20192,
            "year": 2019,
            "quarter": 2,
            "eps": 1.15,
            "eps_growth_year": -54.18,
            "eps_4q": 4.38,
            "eps_4q_growth_year": -42.71,
            "roe": 3.29,
            "roe_4q": 13.04,
            "gross_profit": 1617034,
            "gross_margin": 49.28,
            "gross_margin_4q_avg": 46.65,
            "net_income": 478067,
            "revenue": 3281249,
            "common_shares": 4173823,
            "book_valuer_per_share": 32.68,
            "book_valuer_per_share_4q_avg": 34.22,
            "equity": 13916794,
            "current_ratio": 173.02,
            "debt_ratio": 45.23,
            "inventory_turnover_ratio": 0.67,
            "account_receivable_turnover_ratio": 0.72,
            "reinvestment_rate": 1.66,
            "research_to_sale_ratio": 9.9,
            "price_fair": 182.88,
            "eps_avg_yearly": 5.23,
            "eps_latest_yearly": 4.6,
            "eps_growth_yearly": 49.94
        },
        "20193": {
            "year_quarter": 20193,
            "year": 2019,
            "quarter": 3,
            "eps": 1.16,
            "eps_growth_year": -22.15,
            "eps_4q": 4.13,
            "eps_4q_growth_year": -41.7,
            "roe": 3.47,
            "roe_4q": 12.08,
            "gross_profit": 1649159,
            "gross_margin": 48.39,
            "gross_margin_4q_avg": 47.29,
            "net_income": 490563,
            "revenue": 3408181,
            "common_shares": 4190926,
            "book_valuer_per_share": 33.7,
            "book_valuer_per_share_4q_avg": 34.2,
            "equity": 14357312,
            "current_ratio": 172.33,
            "debt_ratio": 43.03,
            "inventory_turnover_ratio": 0.69,
            "account_receivable_turnover_ratio": 0.67,
            "reinvestment_rate": 28.23,
            "research_to_sale_ratio": 9.83,
            "price_fair": 181.83,
            "eps_avg_yearly": 5.2,
            "eps_latest_yearly": 4.64,
            "eps_growth_yearly": 43.47
        },
        "20194": {
            "year_quarter": 20194,
            "year": 2019,
            "quarter": 4,
            "eps": 1.44,
            "eps_growth_year": 25.1,
            "eps_4q": 4.43,
            "eps_4q_growth_year": -27.85,
            "roe": 4.28,
            "roe_4q": 13.03,
            "gross_profit": 1997575,
            "gross_margin": 44.61,
            "gross_margin_4q_avg": 47.58,
            "net_income": 623893,
            "revenue": 4477808,
            "common_shares": 4192961,
            "book_valuer_per_share": 34.69,
            "book_valuer_per_share_4q_avg": 34.19,
            "equity": 14785460,
            "current_ratio": 168.74,
            "debt_ratio": 41.87,
            "inventory_turnover_ratio": 0.94,
            "account_receivable_turnover_ratio": 0.89,
            "reinvestment_rate": 25.91,
            "research_to_sale_ratio": 7.35,
            "price_fair": 188.65,
            "eps_avg_yearly": 5.39,
            "eps_latest_yearly": 5.76,
            "eps_growth_yearly": 61.62
        },
        "20201": {
            "year_quarter": 20201,
            "year": 2020,
            "quarter": 1,
            "eps": 1.13,
            "eps_growth_year": 56.94,
            "eps_4q": 4.81,
            "eps_4q_growth_year": -15.77,
            "roe": 3.38,
            "roe_4q": 14.420000000000002,
            "gross_profit": 1745974,
            "gross_margin": 51.79,
            "gross_margin_4q_avg": 48.52,
            "net_income": 485725,
            "revenue": 3370949,
            "common_shares": 4195256,
            "book_valuer_per_share": 32.71,
            "book_valuer_per_share_4q_avg": 33.45,
            "equity": 13989462,
            "current_ratio": 155.15,
            "debt_ratio": 45.09,
            "inventory_turnover_ratio": 0.58,
            "account_receivable_turnover_ratio": 0.77,
            "reinvestment_rate": 24.46,
            "research_to_sale_ratio": 9.32,
            "price_fair": 191.1,
            "eps_avg_yearly": 5.46,
            "eps_latest_yearly": 4.52,
            "eps_growth_yearly": 49.04
        },
        "20202": {
            "year_quarter": 20202,
            "year": 2020,
            "quarter": 2,
            "eps": 1.4,
            "eps_growth_year": 21.74,
            "eps_4q": 5.04,
            "eps_4q_growth_year": 15.04,
            "roe": 4.16,
            "roe_4q": 15.290000000000001,
            "gross_profit": 1862855,
            "gross_margin": 48.66,
            "gross_margin_4q_avg": 48.36,
            "net_income": 595635,
            "revenue": 3828568,
            "common_shares": 4198212,
            "book_valuer_per_share": 34.17,
            "book_valuer_per_share_4q_avg": 33.82,
            "equity": 14630280,
            "current_ratio": 157.91,
            "debt_ratio": 44.26,
            "inventory_turnover_ratio": 0.63,
            "account_receivable_turnover_ratio": 0.91,
            "reinvestment_rate": 23.33,
            "research_to_sale_ratio": 8.61,
            "price_fair": 193.11,
            "eps_avg_yearly": 5.52,
            "eps_latest_yearly": 5.6,
            "eps_growth_yearly": 45.6
        },
        "20203": {
            "year_quarter": 20203,
            "year": 2020,
            "quarter": 3,
            "eps": 1.39,
            "eps_growth_year": 19.83,
            "eps_4q": 5.32,
            "eps_4q_growth_year": 28.83,
            "roe": 3.93,
            "roe_4q": 15.75,
            "gross_profit": 2003677,
            "gross_margin": 48.22,
            "gross_margin_4q_avg": 48.32,
            "net_income": 588668,
            "revenue": 4155091,
            "common_shares": 4207484,
            "book_valuer_per_share": 35.74,
            "book_valuer_per_share_4q_avg": 34.33,
            "equity": 15307127,
            "current_ratio": 171.94,
            "debt_ratio": 43.14,
            "inventory_turnover_ratio": 0.68,
            "account_receivable_turnover_ratio": 0.95,
            "reinvestment_rate": 24.99,
            "research_to_sale_ratio": 8.32,
            "price_fair": 191.98,
            "eps_avg_yearly": 5.49,
            "eps_latest_yearly": 5.56,
            "eps_growth_yearly": 37.94
        },
        "20204": {
            "year_quarter": 20204,
            "year": 2020,
            "quarter": 4,
            "eps": 1.64,
            "eps_growth_year": 13.48,
            "eps_4q": 5.54,
            "eps_4q_growth_year": 25.09,
            "roe": 4.49,
            "roe_4q": 15.96,
            "gross_profit": 1931709,
            "gross_margin": 46.24,
            "gross_margin_4q_avg": 48.73,
            "net_income": 710929,
            "revenue": 4177935,
            "common_shares": 4212945,
            "book_valuer_per_share": 38.29,
            "book_valuer_per_share_4q_avg": 35.23,
            "equity": 16388693,
            "current_ratio": 160.57,
            "debt_ratio": 41.74,
            "inventory_turnover_ratio": 0.74,
            "account_receivable_turnover_ratio": 0.95,
            "reinvestment_rate": 26.2,
            "research_to_sale_ratio": 8.43,
            "price_fair": 197.75,
            "eps_avg_yearly": 5.65,
            "eps_latest_yearly": 6.56,
            "eps_growth_yearly": 51.32
        },
        "20211": {
            "year_quarter": 20211,
            "year": 2021,
            "quarter": 1,
            "eps": 5.36,
            "eps_growth_year": 374.34,
            "eps_4q": 9.73,
            "eps_4q_growth_year": 102.19,
            "roe": 13.57,
            "roe_4q": 26.150000000000002,
            "gross_profit": 2104909,
            "gross_margin": 49.26,
            "gross_margin_4q_avg": 48.1,
            "net_income": 2258669,
            "revenue": 4273278,
            "common_shares": 4212945,
            "book_valuer_per_share": 39.47,
            "book_valuer_per_share_4q_avg": 36.92,
            "equity": 16906224,
            "current_ratio": 165.49,
            "debt_ratio": 41.23,
            "inventory_turnover_ratio": 0.72,
            "account_receivable_turnover_ratio": 0.99,
            "reinvestment_rate": 43.23,
            "research_to_sale_ratio": 8.55,
            "price_fair": 238.09,
            "eps_avg_yearly": 6.8,
            "eps_latest_yearly": 21.44,
            "eps_growth_yearly": 113.9
        },
        "20212": {
            "year_quarter": 20212,
            "year": 2021,
            "quarter": 2,
            "eps": 1.14,
            "eps_growth_year": -18.57,
            "eps_4q": 9.52,
            "eps_4q_growth_year": 88.91,
            "roe": 2.96,
            "roe_4q": 24.950000000000003,
            "gross_profit": 2067272,
            "gross_margin": 46.5,
            "gross_margin_4q_avg": 47.56,
            "net_income": 508938,
            "revenue": 4445386,
            "common_shares": 4216315,
            "book_valuer_per_share": 40.81,
            "book_valuer_per_share_4q_avg": 38.58,
            "equity": 17510343,
            "current_ratio": 166.66,
            "debt_ratio": 39.23,
            "inventory_turnover_ratio": 0.76,
            "account_receivable_turnover_ratio": 1.04,
            "reinvestment_rate": 46,
            "research_to_sale_ratio": 8.57,
            "price_fair": 236.78,
            "eps_avg_yearly": 6.77,
            "eps_latest_yearly": 4.56,
            "eps_growth_yearly": 76.21
        },
        "20213": {
            "year_quarter": 20213,
            "year": 2021,
            "quarter": 3,
            "eps": 1.89,
            "eps_growth_year": 35.97,
            "eps_4q": 10.01,
            "eps_4q_growth_year": 87.96,
            "roe": 4.61,
            "roe_4q": 25.630000000000003,
            "gross_profit": 2144182,
            "gross_margin": 50.15,
            "gross_margin_4q_avg": 48.04,
            "net_income": 822352,
            "revenue": 4275744,
            "common_shares": 4216315,
            "book_valuer_per_share": 42.31,
            "book_valuer_per_share_4q_avg": 40.22,
            "equity": 18171326,
            "current_ratio": 185.13,
            "debt_ratio": 36.15,
            "inventory_turnover_ratio": 0.6,
            "account_receivable_turnover_ratio": 0.99,
            "reinvestment_rate": 48.28,
            "research_to_sale_ratio": 8.36,
            "price_fair": 234.5,
            "eps_avg_yearly": 6.7,
            "eps_latest_yearly": 7.56,
            "eps_growth_yearly": 75.99
        },
        "20214": {
            "year_quarter": 20214,
            "year": 2021,
            "quarter": 4,
            "eps": 1.57,
            "eps_growth_year": -4.32,
            "eps_4q": 9.95,
            "eps_4q_growth_year": 79.6,
            "roe": 3.85,
            "roe_4q": 24.990000000000002,
            "gross_profit": 2133789,
            "gross_margin": 46.49,
            "gross_margin_4q_avg": 48.1,
            "net_income": 715356,
            "revenue": 4589615,
            "common_shares": 4218745,
            "book_valuer_per_share": 44.07,
            "book_valuer_per_share_4q_avg": 41.67,
            "equity": 18947458,
            "current_ratio": 186.87,
            "debt_ratio": 35.87,
            "inventory_turnover_ratio": 0.64,
            "account_receivable_turnover_ratio": 1.03,
            "reinvestment_rate": 50.08,
            "research_to_sale_ratio": 8.88,
            "price_fair": 229.25,
            "eps_avg_yearly": 6.55,
            "eps_latest_yearly": 6.28,
            "eps_growth_yearly": 71.53
        },
        "20221": {
            "year_quarter": 20221,
            "year": 2022,
            "quarter": 1,
            "eps": 2.03,
            "eps_growth_year": -62.13,
            "eps_4q": 6.57,
            "eps_4q_growth_year": -32.47,
            "roe": 4.75,
            "roe_4q": 16.17,
            "gross_profit": 2183896,
            "gross_margin": 49.66,
            "gross_margin_4q_avg": 48.2,
            "net_income": 857854,
            "revenue": 4398002,
            "common_shares": 4218745,
            "book_valuer_per_share": 39.77,
            "book_valuer_per_share_4q_avg": 41.74,
            "equity": 17156972,
            "current_ratio": 140.8,
            "debt_ratio": 44.75,
            "inventory_turnover_ratio": 0.54,
            "account_receivable_turnover_ratio": 0.95,
            "reinvestment_rate": 53.32,
            "research_to_sale_ratio": 9.1,
            "price_fair": 237.74,
            "eps_avg_yearly": 6.79,
            "eps_latest_yearly": 8.12,
            "eps_growth_yearly": 91.64
        },
        "20222": {
            "year_quarter": 20222,
            "year": 2022,
            "quarter": 2,
            "eps": 3.95,
            "eps_growth_year": 246.49,
            "eps_4q": 9.42,
            "eps_4q_growth_year": -1.11,
            "roe": 9.3,
            "roe_4q": 22.51,
            "gross_profit": 2902443,
            "gross_margin": 58.8,
            "gross_margin_4q_avg": 51.28,
            "net_income": 1685721,
            "revenue": 4935863,
            "common_shares": 4224870,
            "book_valuer_per_share": 44.31,
            "book_valuer_per_share_4q_avg": 42.62,
            "equity": 19107154,
            "current_ratio": 152.88,
            "debt_ratio": 42.04,
            "inventory_turnover_ratio": 0.45,
            "account_receivable_turnover_ratio": 1.05,
            "reinvestment_rate": 51.94,
            "research_to_sale_ratio": 8.98,
            "price_fair": 250.34,
            "eps_avg_yearly": 7.15,
            "eps_latest_yearly": 15.8,
            "eps_growth_yearly": 81.09
        },
        "20223": {
            "year_quarter": 20223,
            "year": 2022,
            "quarter": 3,
            "eps": 4.11,
            "eps_growth_year": 117.46,
            "eps_4q": 11.57,
            "eps_4q_growth_year": 15.58,
            "roe": 8.77,
            "roe_4q": 26.67,
            "gross_profit": 3497371,
            "gross_margin": 52.51,
            "gross_margin_4q_avg": 51.87,
            "net_income": 1764659,
            "revenue": 6660577,
            "common_shares": 4254470,
            "book_valuer_per_share": 48.65,
            "book_valuer_per_share_4q_avg": 44.2,
            "equity": 21128106,
            "current_ratio": 174.82,
            "debt_ratio": 38.52,
            "inventory_turnover_ratio": 0.66,
            "account_receivable_turnover_ratio": 1.36,
            "reinvestment_rate": 47.23,
            "research_to_sale_ratio": 7.87,
            "price_fair": 273.26,
            "eps_avg_yearly": 7.81,
            "eps_latest_yearly": 16.44,
            "eps_growth_yearly": 92.26
        },
        "20224": {
            "year_quarter": 20224,
            "year": 2022,
            "quarter": 4,
            "eps": 2.03,
            "eps_growth_year": 29.95,
            "eps_4q": 12.05,
            "eps_4q_growth_year": 21.11,
            "roe": 4.25,
            "roe_4q": 27.07,
            "gross_profit": 2773384,
            "gross_margin": 45.67,
            "gross_margin_4q_avg": 51.66,
            "net_income": 913324,
            "revenue": 6072800,
            "common_shares": 4253970,
            "book_valuer_per_share": 50.41,
            "book_valuer_per_share_4q_avg": 45.79,
            "equity": 21872681,
            "current_ratio": 191.39,
            "debt_ratio": 35.34,
            "inventory_turnover_ratio": 0.69,
            "account_receivable_turnover_ratio": 1.23,
            "reinvestment_rate": 50.78,
            "research_to_sale_ratio": 9.05,
            "price_fair": 280.96,
            "eps_avg_yearly": 8.03,
            "eps_latest_yearly": 8.12,
            "eps_growth_yearly": 85.31
        },
        "20231": {
            "year_quarter": 20231,
            "year": 2023,
            "quarter": 1,
            "eps": 2.23,
            "eps_growth_year": 9.85,
            "eps_4q": 12.25,
            "eps_4q_growth_year": 86.44,
            "roe": 4.66,
            "roe_4q": 26.98,
            "gross_profit": 2666242,
            "gross_margin": 60.76,
            "gross_margin_4q_avg": 54.44,
            "net_income": 962680,
            "revenue": 4388140,
            "common_shares": 4253670,
            "book_valuer_per_share": 44.6,
            "book_valuer_per_share_4q_avg": 46.99,
            "equity": 19408437,
            "current_ratio": 147.68,
            "debt_ratio": 40.63,
            "inventory_turnover_ratio": 0.35,
            "account_receivable_turnover_ratio": 0.96,
            "reinvestment_rate": 48.34,
            "research_to_sale_ratio": 9.97,
            "price_fair": 294.18,
            "eps_avg_yearly": 8.41,
            "eps_latest_yearly": 8.92,
            "eps_growth_yearly": 97.12
        },
        "20232": {
            "year_quarter": 20232,
            "year": 2023,
            "quarter": 2,
            "eps": 2.42,
            "eps_growth_year": -38.73,
            "eps_4q": 10.74,
            "eps_4q_growth_year": 14,
            "roe": 5.28,
            "roe_4q": 22.96,
            "gross_profit": 2749854,
            "gross_margin": 62.27,
            "gross_margin_4q_avg": 55.3,
            "net_income": 1053882,
            "revenue": 4416240,
            "common_shares": 4253644,
            "book_valuer_per_share": 47.04,
            "book_valuer_per_share_4q_avg": 47.68,
            "equity": 20487321,
            "current_ratio": 154.66,
            "debt_ratio": 38.61,
            "inventory_turnover_ratio": 0.32,
            "account_receivable_turnover_ratio": 0.99,
            "reinvestment_rate": 47.69,
            "research_to_sale_ratio": 9.8,
            "price_fair": 305.29,
            "eps_avg_yearly": 8.72,
            "eps_latest_yearly": 9.68,
            "eps_growth_yearly": 84.32
        }
    },
    "months": {
        "2001-06": {
            "month": "2001-06",
            "price": "42.88",
            "revenue": 241168
        },
        "2001-07": {
            "month": "2001-07",
            "price": "31.40",
            "revenue": 265296
        },
        "2001-08": {
            "month": "2001-08",
            "price": "28.26",
            "revenue": 281316
        },
        "2001-09": {
            "month": "2001-09",
            "price": "21.87",
            "revenue": 200437
        },
        "2001-10": {
            "month": "2001-10",
            "price": "18.20",
            "revenue": 207272
        },
        "2001-11": {
            "month": "2001-11",
            "price": "20.29",
            "revenue": 188940
        },
        "2001-12": {
            "month": "2001-12",
            "price": "24.33",
            "revenue": 214067
        },
        "2002-01": {
            "month": "2002-01",
            "price": "27.46",
            "revenue": 206521
        },
        "2002-02": {
            "month": "2002-02",
            "price": "26.42",
            "revenue": 211773
        },
        "2002-03": {
            "month": "2002-03",
            "price": "27.19",
            "revenue": 248427
        },
        "2002-04": {
            "month": "2002-04",
            "price": "30.14",
            "revenue": 304969
        },
        "2002-05": {
            "month": "2002-05",
            "price": "27.91",
            "revenue": 292124
        },
        "2002-06": {
            "month": "2002-06",
            "price": "26.54",
            "revenue": 309493
        },
        "2002-07": {
            "month": "2002-07",
            "price": "23.34",
            "revenue": 283989
        },
        "2002-08": {
            "month": "2002-08",
            "price": "22.12",
            "revenue": 317977
        },
        "2002-09": {
            "month": "2002-09",
            "price": "24.45",
            "revenue": 333588
        },
        "2002-10": {
            "month": "2002-10",
            "price": "24.34",
            "revenue": 365361
        },
        "2002-11": {
            "month": "2002-11",
            "price": "23.79",
            "revenue": 372360
        },
        "2002-12": {
            "month": "2002-12",
            "price": "22.48",
            "revenue": 353438
        },
        "2003-01": {
            "month": "2003-01",
            "price": "22.26",
            "revenue": 338594
        },
        "2003-02": {
            "month": "2003-02",
            "price": "20.41",
            "revenue": 283051
        },
        "2003-03": {
            "month": "2003-03",
            "price": "19.04",
            "revenue": 365674
        },
        "2003-04": {
            "month": "2003-04",
            "price": "19.47",
            "revenue": 378198
        },
        "2003-05": {
            "month": "2003-05",
            "price": "19.55",
            "revenue": 395155
        },
        "2003-06": {
            "month": "2003-06",
            "price": "22.16",
            "revenue": 408699
        },
        "2003-07": {
            "month": "2003-07",
            "price": "21.95",
            "revenue": 415439
        },
        "2003-08": {
            "month": "2003-08",
            "price": "21.27",
            "revenue": 418183
        },
        "2003-09": {
            "month": "2003-09",
            "price": "21.22",
            "revenue": 475842
        },
        "2003-10": {
            "month": "2003-10",
            "price": "21.80",
            "revenue": 458040
        },
        "2003-11": {
            "month": "2003-11",
            "price": "22.76",
            "revenue": 430745
        },
        "2003-12": {
            "month": "2003-12",
            "price": "22.50",
            "revenue": 438937
        },
        "2004-01": {
            "month": "2004-01",
            "price": "22.82",
            "revenue": 490348
        },
        "2004-02": {
            "month": "2004-02",
            "price": "26.19",
            "revenue": 484062
        },
        "2004-03": {
            "month": "2004-03",
            "price": "29.89",
            "revenue": 493914
        },
        "2004-04": {
            "month": "2004-04",
            "price": "35.31",
            "revenue": 517118
        },
        "2004-05": {
            "month": "2004-05",
            "price": "35.28",
            "revenue": 513117
        },
        "2004-06": {
            "month": "2004-06",
            "price": "32.62",
            "revenue": 508782
        },
        "2004-07": {
            "month": "2004-07",
            "price": "29.99",
            "revenue": 481495
        },
        "2004-08": {
            "month": "2004-08",
            "price": "28.82",
            "revenue": 440693
        },
        "2004-09": {
            "month": "2004-09",
            "price": "29.38",
            "revenue": 442524
        },
        "2004-10": {
            "month": "2004-10",
            "price": "25.90",
            "revenue": 448217
        },
        "2004-11": {
            "month": "2004-11",
            "price": "25.28",
            "revenue": 436638
        },
        "2004-12": {
            "month": "2004-12",
            "price": "25.38",
            "revenue": 440350
        },
        "2005-01": {
            "month": "2005-01",
            "price": "25.04",
            "revenue": 497272
        },
        "2005-02": {
            "month": "2005-02",
            "price": "27.04",
            "revenue": 294986
        },
        "2005-03": {
            "month": "2005-03",
            "price": "29.80",
            "revenue": 447399
        },
        "2005-04": {
            "month": "2005-04",
            "price": "28.03",
            "revenue": 483429
        },
        "2005-05": {
            "month": "2005-05",
            "price": "27.23",
            "revenue": 474193
        },
        "2005-06": {
            "month": "2005-06",
            "price": "28.89",
            "revenue": 534089
        },
        "2005-07": {
            "month": "2005-07",
            "price": "27.24",
            "revenue": 548585
        },
        "2005-08": {
            "month": "2005-08",
            "price": "28.35",
            "revenue": 603454
        },
        "2005-09": {
            "month": "2005-09",
            "price": "27.90",
            "revenue": 585529
        },
        "2005-10": {
            "month": "2005-10",
            "price": "27.30",
            "revenue": 579030
        },
        "2005-11": {
            "month": "2005-11",
            "price": "26.79",
            "revenue": 554262
        },
        "2005-12": {
            "month": "2005-12",
            "price": "29.88",
            "revenue": 539525
        },
        "2006-01": {
            "month": "2006-01",
            "price": "29.91",
            "revenue": 584725
        },
        "2006-02": {
            "month": "2006-02",
            "price": "29.72",
            "revenue": 529918
        },
        "2006-03": {
            "month": "2006-03",
            "price": "31.22",
            "revenue": 626068
        },
        "2006-04": {
            "month": "2006-04",
            "price": "35.18",
            "revenue": 667952
        },
        "2006-05": {
            "month": "2006-05",
            "price": "35.87",
            "revenue": 671066
        },
        "2006-06": {
            "month": "2006-06",
            "price": "32.73",
            "revenue": 708791
        },
        "2006-07": {
            "month": "2006-07",
            "price": "32.18",
            "revenue": 724787
        },
        "2006-08": {
            "month": "2006-08",
            "price": "33.52",
            "revenue": 294017
        },
        "2006-09": {
            "month": "2006-09",
            "price": "36.27",
            "revenue": 275315
        },
        "2006-10": {
            "month": "2006-10",
            "price": "37.30",
            "revenue": 276579
        },
        "2006-11": {
            "month": "2006-11",
            "price": "36.32",
            "revenue": 269654
        },
        "2006-12": {
            "month": "2006-12",
            "price": "37.90",
            "revenue": 214716
        },
        "2007-01": {
            "month": "2007-01",
            "price": "38.83",
            "revenue": 301962
        },
        "2007-02": {
            "month": "2007-02",
            "price": "44.11",
            "revenue": 269474
        },
        "2007-03": {
            "month": "2007-03",
            "price": "45.72",
            "revenue": 327249
        },
        "2007-04": {
            "month": "2007-04",
            "price": "51.97",
            "revenue": 326477
        },
        "2007-05": {
            "month": "2007-05",
            "price": "52.97",
            "revenue": 362589
        },
        "2007-06": {
            "month": "2007-06",
            "price": "63.81",
            "revenue": 392918
        },
        "2007-07": {
            "month": "2007-07",
            "price": "74.89",
            "revenue": 392677
        },
        "2007-08": {
            "month": "2007-08",
            "price": "78.27",
            "revenue": 408913
        },
        "2007-09": {
            "month": "2007-09",
            "price": "78.56",
            "revenue": 375016
        },
        "2007-10": {
            "month": "2007-10",
            "price": "75.20",
            "revenue": 365283
        },
        "2007-11": {
            "month": "2007-11",
            "price": "75.95",
            "revenue": 363041
        },
        "2007-12": {
            "month": "2007-12",
            "price": "68.91",
            "revenue": 321976
        },
        "2008-01": {
            "month": "2008-01",
            "price": "54.06",
            "revenue": 384987
        },
        "2008-02": {
            "month": "2008-02",
            "price": "60.42",
            "revenue": 359786
        },
        "2008-03": {
            "month": "2008-03",
            "price": "64.36",
            "revenue": 399705
        },
        "2008-04": {
            "month": "2008-04",
            "price": "71.39",
            "revenue": 414267
        },
        "2008-05": {
            "month": "2008-05",
            "price": "73.43",
            "revenue": 401081
        },
        "2008-06": {
            "month": "2008-06",
            "price": "69.43",
            "revenue": 442720
        },
        "2008-07": {
            "month": "2008-07",
            "price": "60.21",
            "revenue": 392309
        },
        "2008-08": {
            "month": "2008-08",
            "price": "51.96",
            "revenue": 358999
        },
        "2008-09": {
            "month": "2008-09",
            "price": "44.06",
            "revenue": 353692
        },
        "2008-10": {
            "month": "2008-10",
            "price": "29.89",
            "revenue": 308739
        },
        "2008-11": {
            "month": "2008-11",
            "price": "23.33",
            "revenue": 192173
        },
        "2008-12": {
            "month": "2008-12",
            "price": "21.26",
            "revenue": 149331
        },
        "2009-01": {
            "month": "2009-01",
            "price": "20.11",
            "revenue": 118837
        },
        "2009-02": {
            "month": "2009-02",
            "price": "20.51",
            "revenue": 174236
        },
        "2009-03": {
            "month": "2009-03",
            "price": "24.41",
            "revenue": 242821
        },
        "2009-04": {
            "month": "2009-04",
            "price": "29.02",
            "revenue": 244869
        },
        "2009-05": {
            "month": "2009-05",
            "price": "36.49",
            "revenue": 250556
        },
        "2009-06": {
            "month": "2009-06",
            "price": "34.72",
            "revenue": 303240
        },
        "2009-07": {
            "month": "2009-07",
            "price": "39.64",
            "revenue": 310110
        },
        "2009-08": {
            "month": "2009-08",
            "price": "46.59",
            "revenue": 338468
        },
        "2009-09": {
            "month": "2009-09",
            "price": "52.18",
            "revenue": 311581
        },
        "2009-10": {
            "month": "2009-10",
            "price": "66.38",
            "revenue": 333073
        },
        "2009-11": {
            "month": "2009-11",
            "price": "66.49",
            "revenue": 379116
        },
        "2009-12": {
            "month": "2009-12",
            "price": "71.98",
            "revenue": 437381
        },
        "2010-01": {
            "month": "2010-01",
            "price": "66.63",
            "revenue": 434177
        },
        "2010-02": {
            "month": "2010-02",
            "price": "62.96",
            "revenue": 320955
        },
        "2010-03": {
            "month": "2010-03",
            "price": "66.80",
            "revenue": 418819
        },
        "2010-04": {
            "month": "2010-04",
            "price": "68.60",
            "revenue": 423442
        },
        "2010-05": {
            "month": "2010-05",
            "price": "61.05",
            "revenue": 500334
        },
        "2010-06": {
            "month": "2010-06",
            "price": "63.22",
            "revenue": 576105
        },
        "2010-07": {
            "month": "2010-07",
            "price": "64.19",
            "revenue": 616456
        },
        "2010-08": {
            "month": "2010-08",
            "price": "70.64",
            "revenue": 569050
        },
        "2010-09": {
            "month": "2010-09",
            "price": "75.87",
            "revenue": 566706
        },
        "2010-10": {
            "month": "2010-10",
            "price": "75.62",
            "revenue": 441443
        },
        "2010-11": {
            "month": "2010-11",
            "price": "77.67",
            "revenue": 404134
        },
        "2010-12": {
            "month": "2010-12",
            "price": "87.86",
            "revenue": 368142
        },
        "2011-01": {
            "month": "2011-01",
            "price": "89.02",
            "revenue": 446807
        },
        "2011-02": {
            "month": "2011-02",
            "price": "87.95",
            "revenue": 414169
        },
        "2011-03": {
            "month": "2011-03",
            "price": "85.82",
            "revenue": 603711
        },
        "2011-04": {
            "month": "2011-04",
            "price": "94.27",
            "revenue": 581963
        },
        "2011-05": {
            "month": "2011-05",
            "price": "92.02",
            "revenue": 562013
        },
        "2011-06": {
            "month": "2011-06",
            "price": "90.84",
            "revenue": 549672
        },
        "2011-07": {
            "month": "2011-07",
            "price": "81.10",
            "revenue": 466466
        },
        "2011-08": {
            "month": "2011-08",
            "price": "71.81",
            "revenue": 447037
        },
        "2011-09": {
            "month": "2011-09",
            "price": "68.30",
            "revenue": 375754
        },
        "2011-10": {
            "month": "2011-10",
            "price": "57.78",
            "revenue": 325753
        },
        "2011-11": {
            "month": "2011-11",
            "price": "64.73",
            "revenue": 277377
        },
        "2011-12": {
            "month": "2011-12",
            "price": "62.62",
            "revenue": 287655
        },
        "2012-01": {
            "month": "2012-01",
            "price": "59.71",
            "revenue": 233679
        },
        "2012-02": {
            "month": "2012-02",
            "price": "68.37",
            "revenue": 362602
        },
        "2012-03": {
            "month": "2012-03",
            "price": "69.60",
            "revenue": 278832
        },
        "2012-04": {
            "month": "2012-04",
            "price": "69.22",
            "revenue": 327139
        },
        "2012-05": {
            "month": "2012-05",
            "price": "65.80",
            "revenue": 391223
        },
        "2012-06": {
            "month": "2012-06",
            "price": "67.99",
            "revenue": 403148
        },
        "2012-07": {
            "month": "2012-07",
            "price": "69.70",
            "revenue": 423832
        },
        "2012-08": {
            "month": "2012-08",
            "price": "63.22",
            "revenue": 435420
        },
        "2012-09": {
            "month": "2012-09",
            "price": "62.55",
            "revenue": 406409
        },
        "2012-10": {
            "month": "2012-10",
            "price": "59.67",
            "revenue": 323694
        },
        "2012-11": {
            "month": "2012-11",
            "price": "62.81",
            "revenue": 286585
        },
        "2012-12": {
            "month": "2012-12",
            "price": "65.37",
            "revenue": 301169
        },
        "2013-01": {
            "month": "2013-01",
            "price": "63.03",
            "revenue": 730756
        },
        "2013-02": {
            "month": "2013-02",
            "price": "67.55",
            "revenue": 739705
        },
        "2013-03": {
            "month": "2013-03",
            "price": "71.24",
            "revenue": 696411
        },
        "2013-04": {
            "month": "2013-04",
            "price": "66.74",
            "revenue": 844779
        },
        "2013-05": {
            "month": "2013-05",
            "price": "63.15",
            "revenue": 926363
        },
        "2013-06": {
            "month": "2013-06",
            "price": "54.21",
            "revenue": 1116961
        },
        "2013-07": {
            "month": "2013-07",
            "price": "57.69",
            "revenue": 962057
        },
        "2013-08": {
            "month": "2013-08",
            "price": "64.72",
            "revenue": 868364
        },
        "2013-09": {
            "month": "2013-09",
            "price": "66.46",
            "revenue": 853312
        },
        "2013-10": {
            "month": "2013-10",
            "price": "66.49",
            "revenue": 836818
        },
        "2013-11": {
            "month": "2013-11",
            "price": "59.03",
            "revenue": 750455
        },
        "2013-12": {
            "month": "2013-12",
            "price": "60.75",
            "revenue": 844650
        },
        "2014-01": {
            "month": "2014-01",
            "price": "62.86",
            "revenue": 635999
        },
        "2014-02": {
            "month": "2014-02",
            "price": "69.99",
            "revenue": 622008
        },
        "2014-03": {
            "month": "2014-03",
            "price": "71.66",
            "revenue": 748094
        },
        "2014-04": {
            "month": "2014-04",
            "price": "74.72",
            "revenue": 865785
        },
        "2014-05": {
            "month": "2014-05",
            "price": "76.53",
            "revenue": 834893
        },
        "2014-06": {
            "month": "2014-06",
            "price": "82.26",
            "revenue": 926816
        },
        "2014-07": {
            "month": "2014-07",
            "price": "84.37",
            "revenue": 985151
        },
        "2014-08": {
            "month": "2014-08",
            "price": "83.44",
            "revenue": 1121424
        },
        "2014-09": {
            "month": "2014-09",
            "price": "86.61",
            "revenue": 959719
        },
        "2014-10": {
            "month": "2014-10",
            "price": "78.32",
            "revenue": 813937
        },
        "2014-11": {
            "month": "2014-11",
            "price": "82.48",
            "revenue": 830674
        },
        "2014-12": {
            "month": "2014-12",
            "price": "81.70",
            "revenue": 962585
        },
        "2015-01": {
            "month": "2015-01",
            "price": "81.01",
            "revenue": 687531
        },
        "2015-02": {
            "month": "2015-02",
            "price": "79.00",
            "revenue": 501003
        },
        "2015-03": {
            "month": "2015-03",
            "price": "79.02",
            "revenue": 735229
        },
        "2015-04": {
            "month": "2015-04",
            "price": "76.35",
            "revenue": 801424
        },
        "2015-05": {
            "month": "2015-05",
            "price": "70.30",
            "revenue": 1153569
        },
        "2015-06": {
            "month": "2015-06",
            "price": "66.05",
            "revenue": 754493
        },
        "2015-07": {
            "month": "2015-07",
            "price": "65.09",
            "revenue": 804721
        },
        "2015-08": {
            "month": "2015-08",
            "price": "56.83",
            "revenue": 816896
        },
        "2015-09": {
            "month": "2015-09",
            "price": "57.19",
            "revenue": 876441
        },
        "2015-10": {
            "month": "2015-10",
            "price": "60.00",
            "revenue": 951386
        },
        "2015-11": {
            "month": "2015-11",
            "price": "58.37",
            "revenue": 858668
        },
        "2015-12": {
            "month": "2015-12",
            "price": "64.61",
            "revenue": 751004
        },
        "2016-01": {
            "month": "2016-01",
            "price": "62.37",
            "revenue": 645426
        },
        "2016-02": {
            "month": "2016-02",
            "price": "66.25",
            "revenue": 600991
        },
        "2016-03": {
            "month": "2016-03",
            "price": "71.94",
            "revenue": 1363702
        },
        "2016-04": {
            "month": "2016-04",
            "price": "69.59",
            "revenue": 767136
        },
        "2016-05": {
            "month": "2016-05",
            "price": "74.50",
            "revenue": 968806
        },
        "2016-06": {
            "month": "2016-06",
            "price": "78.36",
            "revenue": 946283
        },
        "2016-07": {
            "month": "2016-07",
            "price": "78.14",
            "revenue": 1618294
        },
        "2016-08": {
            "month": "2016-08",
            "price": "83.43",
            "revenue": 879918
        },
        "2016-09": {
            "month": "2016-09",
            "price": "83.05",
            "revenue": 1058779
        },
        "2016-10": {
            "month": "2016-10",
            "price": "83.88",
            "revenue": 806647
        },
        "2016-11": {
            "month": "2016-11",
            "price": "76.85",
            "revenue": 1028365
        },
        "2016-12": {
            "month": "2016-12",
            "price": "76.53",
            "revenue": 940022
        },
        "2017-01": {
            "month": "2017-01",
            "price": "81.07",
            "revenue": 876270
        },
        "2017-02": {
            "month": "2017-02",
            "price": "87.70",
            "revenue": 800439
        },
        "2017-03": {
            "month": "2017-03",
            "price": "93.83",
            "revenue": 1098997
        },
        "2017-04": {
            "month": "2017-04",
            "price": "90.15",
            "revenue": 950262
        },
        "2017-05": {
            "month": "2017-05",
            "price": "93.38",
            "revenue": 866803
        },
        "2017-06": {
            "month": "2017-06",
            "price": "95.17",
            "revenue": 1167256
        },
        "2017-07": {
            "month": "2017-07",
            "price": "97.30",
            "revenue": 1156193
        },
        "2017-08": {
            "month": "2017-08",
            "price": "97.52",
            "revenue": 1159084
        },
        "2017-09": {
            "month": "2017-09",
            "price": "103.39",
            "revenue": 1611283
        },
        "2017-10": {
            "month": "2017-10",
            "price": "127.61",
            "revenue": 1566241
        },
        "2017-11": {
            "month": "2017-11",
            "price": "160.45",
            "revenue": 2449260
        },
        "2017-12": {
            "month": "2017-12",
            "price": "157.93",
            "revenue": 1199258
        },
        "2018-01": {
            "month": "2018-01",
            "price": "163.91",
            "revenue": 1050853
        },
        "2018-02": {
            "month": "2018-02",
            "price": "160.69",
            "revenue": 1126322
        },
        "2018-03": {
            "month": "2018-03",
            "price": "168.20",
            "revenue": 1288979
        },
        "2018-04": {
            "month": "2018-04",
            "price": "164.53",
            "revenue": 1327680
        },
        "2018-05": {
            "month": "2018-05",
            "price": "160.34",
            "revenue": 2082159
        },
        "2018-06": {
            "month": "2018-06",
            "price": "162.62",
            "revenue": 2221849
        },
        "2018-07": {
            "month": "2018-07",
            "price": "166.11",
            "revenue": 1177336
        },
        "2018-08": {
            "month": "2018-08",
            "price": "177.61",
            "revenue": 1259082
        },
        "2018-09": {
            "month": "2018-09",
            "price": "153.13",
            "revenue": 1472696
        },
        "2018-10": {
            "month": "2018-10",
            "price": "124.93",
            "revenue": 1484811
        },
        "2018-11": {
            "month": "2018-11",
            "price": "117.25",
            "revenue": 1184824
        },
        "2018-12": {
            "month": "2018-12",
            "price": "121.14",
            "revenue": 1254537
        },
        "2019-01": {
            "month": "2019-01",
            "price": "119.86",
            "revenue": 960956
        },
        "2019-02": {
            "month": "2019-02",
            "price": "131.42",
            "revenue": 801500
        },
        "2019-03": {
            "month": "2019-03",
            "price": "141.32",
            "revenue": 979940
        },
        "2019-04": {
            "month": "2019-04",
            "price": "146.38",
            "revenue": 1069364
        },
        "2019-05": {
            "month": "2019-05",
            "price": "136.00",
            "revenue": 1042845
        },
        "2019-06": {
            "month": "2019-06",
            "price": "137.97",
            "revenue": 1169040
        },
        "2019-07": {
            "month": "2019-07",
            "price": "146.91",
            "revenue": 1059904
        },
        "2019-08": {
            "month": "2019-08",
            "price": "143.83",
            "revenue": 1213182
        },
        "2019-09": {
            "month": "2019-09",
            "price": "153.71",
            "revenue": 1135095
        },
        "2019-10": {
            "month": "2019-10",
            "price": "150.64",
            "revenue": 1497747
        },
        "2019-11": {
            "month": "2019-11",
            "price": "138.71",
            "revenue": 1321388
        },
        "2019-12": {
            "month": "2019-12",
            "price": "139.25",
            "revenue": 1658673
        },
        "2020-01": {
            "month": "2020-01",
            "price": "154.80",
            "revenue": 1040895
        },
        "2020-02": {
            "month": "2020-02",
            "price": "154.29",
            "revenue": 908829
        },
        "2020-03": {
            "month": "2020-03",
            "price": "122.15",
            "revenue": 1421225
        },
        "2020-04": {
            "month": "2020-04",
            "price": "131.90",
            "revenue": 1159307
        },
        "2020-05": {
            "month": "2020-05",
            "price": "135.05",
            "revenue": 1307654
        },
        "2020-06": {
            "month": "2020-06",
            "price": "144.05",
            "revenue": 1361607
        },
        "2020-07": {
            "month": "2020-07",
            "price": "162.04",
            "revenue": 1594142
        },
        "2020-08": {
            "month": "2020-08",
            "price": "160.40",
            "revenue": 1238344
        },
        "2020-09": {
            "month": "2020-09",
            "price": "156.84",
            "revenue": 1322605
        },
        "2020-10": {
            "month": "2020-10",
            "price": "151.42",
            "revenue": 1253419
        },
        "2020-11": {
            "month": "2020-11",
            "price": "148.48",
            "revenue": 1375727
        },
        "2020-12": {
            "month": "2020-12",
            "price": "170.02",
            "revenue": 1548789
        },
        "2021-01": {
            "month": "2021-01",
            "price": "194.70",
            "revenue": 1728826
        },
        "2021-02": {
            "month": "2021-02",
            "price": "213.81",
            "revenue": 1068107
        },
        "2021-03": {
            "month": "2021-03",
            "price": "190.55",
            "revenue": 1476345
        },
        "2021-04": {
            "month": "2021-04",
            "price": "194.13",
            "revenue": 1461163
        },
        "2021-05": {
            "month": "2021-05",
            "price": "184.38",
            "revenue": 1382221
        },
        "2021-06": {
            "month": "2021-06",
            "price": "194.40",
            "revenue": 1602002
        },
        "2021-07": {
            "month": "2021-07",
            "price": "201.16",
            "revenue": 1410514
        },
        "2021-08": {
            "month": "2021-08",
            "price": "182.11",
            "revenue": 1418059
        },
        "2021-09": {
            "month": "2021-09",
            "price": "178.70",
            "revenue": 1447171
        },
        "2021-10": {
            "month": "2021-10",
            "price": "182.32",
            "revenue": 1454458
        },
        "2021-11": {
            "month": "2021-11",
            "price": "187.05",
            "revenue": 1236660
        },
        "2021-12": {
            "month": "2021-12",
            "price": "190.36",
            "revenue": 1898497
        },
        "2022-01": {
            "month": "2022-01",
            "price": "212.61",
            "revenue": 1440759
        },
        "2022-02": {
            "month": "2022-02",
            "price": "202.73",
            "revenue": 1083567
        },
        "2022-03": {
            "month": "2022-03",
            "price": "181.00",
            "revenue": 1873676
        },
        "2022-04": {
            "month": "2022-04",
            "price": "167.61",
            "revenue": 1324679
        },
        "2022-05": {
            "month": "2022-05",
            "price": "159.67",
            "revenue": 1697454
        },
        "2022-06": {
            "month": "2022-06",
            "price": "162.55",
            "revenue": 1913730
        },
        "2022-07": {
            "month": "2022-07",
            "price": "152.29",
            "revenue": 2056033
        },
        "2022-08": {
            "month": "2022-08",
            "price": "179.52",
            "revenue": 2311564
        },
        "2022-09": {
            "month": "2022-09",
            "price": "187.52",
            "revenue": 2292980
        },
        "2022-10": {
            "month": "2022-10",
            "price": "176.58",
            "revenue": 2731565
        },
        "2022-11": {
            "month": "2022-11",
            "price": "186.32",
            "revenue": 1874976
        },
        "2022-12": {
            "month": "2022-12",
            "price": "183.18",
            "revenue": 1466259
        },
        "2023-01": {
            "month": "2023-01",
            "price": "186.27",
            "revenue": 1330119
        },
        "2023-02": {
            "month": "2023-02",
            "price": "191.00",
            "revenue": 1394479
        },
        "2023-03": {
            "month": "2023-03",
            "price": "174.89",
            "revenue": 1663542
        },
        "2023-04": {
            "month": "2023-04",
            "price": "178.03",
            "revenue": 1232087
        },
        "2023-05": {
            "month": "2023-05",
            "price": "198.23",
            "revenue": 1555400
        },
        "2023-06": {
            "month": "2023-06",
            "price": "239.92",
            "revenue": 1628753
        },
        "2023-07": {
            "month": "2023-07",
            "price": "269.93",
            "revenue": 1314570
        },
        "2023-08": {
            "month": "2023-08",
            "price": "272.86",
            "revenue": 1875290
        }
    }
}
