{
    "summary": {
        "stock_name": "藍天",
        "stock_id": "2362",
        "category": "電腦及週邊設備",
        "main_business": "筆記型電腦<br>電腦周邊設備",
        "website_url": "http://www.clevo.com.tw",
        "ceo": "蔡明賢",
        "pe_ratio": 22,
        "report_year_from": 2001,
        "report_year_to": 2023,
        "age": 23,
        "eps_negative_percentage": 4,
        "eps_growth_avg": {
            "last_all": 6.5,
            "last_2y": 25.15,
            "last_4y": 3.36,
            "last_8y": 4.59,
            "last_12y": 12.82,
            "last_16y": 13.72,
            "last_20y": 9.89,
            "at_2006_last_3y": -11.79,
            "at_2007_last_3y": -11.79,
            "at_2008_last_3y": -10.49,
            "at_2009_last_3y": 21.71,
            "at_2010_last_3y": 16.63,
            "at_2011_last_3y": 3.01,
            "at_2012_last_3y": 11.24,
            "at_2013_last_3y": 37.08,
            "at_2014_last_3y": 31.33,
            "at_2015_last_3y": 6,
            "at_2016_last_3y": -4.7,
            "at_2017_last_3y": -24.27,
            "at_2018_last_3y": 6.14,
            "at_2019_last_3y": 14.27,
            "at_2020_last_3y": 15.77,
            "at_2021_last_3y": 35.33,
            "at_2022_last_3y": -3.07,
            "at_2023_last_3y": 10.01,
            "at_2024_last_3y": 10.01,
            "at_2006_last_all": -24.18,
            "at_2007_last_all": 0.66,
            "at_2008_last_all": -4.7,
            "at_2009_last_all": -4.51,
            "at_2010_last_all": -3.77,
            "at_2011_last_all": 1.71,
            "at_2012_last_all": 1.68,
            "at_2013_last_all": 10.62,
            "at_2014_last_all": 7.93,
            "at_2015_last_all": 3.03,
            "at_2016_last_all": -0.15,
            "at_2017_last_all": 1.31,
            "at_2018_last_all": 7.48,
            "at_2019_last_all": 5.67,
            "at_2020_last_all": 3.39,
            "at_2021_last_all": 8.48,
            "at_2022_last_all": 5.37,
            "at_2023_last_all": 6.5,
            "at_2024_last_all": 6.5
        },
        "latest_eps": 1.81,
        "latest_price": 40.4,
        "latest_roe": 2.56,
        "latest_gross_margin": 19.38,
        "latest_equity": 41183369,
        "latest_revenue": 6751176,
        "latest_gross_profit": 1308084,
        "latest_net_income": 207928,
        "latest_debt_ratio": 56.39,
        "latest_current_ratio": 101.88,
        "latest_account_receivable_turnover_ratio": 2.2,
        "latest_inventory_turnover_ratio": 1.86,
        "latest_reinvestment_rate": -67.57,
        "latest_research_to_sale_ratio": 2.84
    },
    "eps_dividends": {
        "1993": {
            "cash": 0,
            "stock": 3,
            "eps": 0
        },
        "1994": {
            "cash": 0,
            "stock": 2.5,
            "eps": 0
        },
        "1995": {
            "cash": 0,
            "stock": 2,
            "eps": 0
        },
        "1996": {
            "cash": 0,
            "stock": 2.2,
            "eps": 0
        },
        "1997": {
            "cash": 0,
            "stock": 12,
            "eps": 0
        },
        "1999": {
            "cash": 1,
            "stock": 1,
            "eps": 0
        },
        "2000": {
            "cash": 0,
            "stock": 0.1,
            "eps": 0
        },
        "2001": {
            "cash": 0,
            "stock": 0,
            "eps": 1.06
        },
        "2002": {
            "cash": 1.01,
            "stock": 1.01,
            "eps": 0.41
        },
        "2003": {
            "cash": 0,
            "stock": 0.3,
            "eps": 1.3
        },
        "2004": {
            "cash": 0.5,
            "stock": 0.5,
            "eps": 0.84
        },
        "2005": {
            "cash": 0.5,
            "stock": 0.5,
            "eps": -0.81
        },
        "2006": {
            "cash": 0,
            "stock": 0,
            "eps": 0.38
        },
        "2007": {
            "cash": 0,
            "stock": 0.4,
            "eps": 2.16
        },
        "2008": {
            "cash": 0.5,
            "stock": 0.5,
            "eps": 1.48
        },
        "2009": {
            "cash": 0,
            "stock": 0.5,
            "eps": 1.43
        },
        "2010": {
            "cash": 1.5,
            "stock": 0,
            "eps": 1.45
        },
        "2011": {
            "cash": 2.5,
            "stock": 0,
            "eps": 2.11
        },
        "2012": {
            "cash": 0,
            "stock": 0,
            "eps": 2.14
        },
        "2013": {
            "cash": 2,
            "stock": 0,
            "eps": 4.53
        },
        "2014": {
            "cash": 3.15,
            "stock": 0,
            "eps": 3.55
        },
        "2015": {
            "cash": 2.5,
            "stock": 0,
            "eps": 1.57
        },
        "2016": {
            "cash": 1.12,
            "stock": 0,
            "eps": 0.92
        },
        "2017": {
            "cash": 0.7,
            "stock": 0,
            "eps": 1.12
        },
        "2018": {
            "cash": 0.8,
            "stock": 0,
            "eps": 2.28
        },
        "2019": {
            "cash": 1,
            "stock": 0,
            "eps": 1.75
        },
        "2020": {
            "cash": 0.4,
            "stock": 0,
            "eps": 1.13
        },
        "2021": {
            "cash": 0.6,
            "stock": 0,
            "eps": 3.04
        },
        "2022": {
            "cash": 2.1,
            "stock": 0,
            "eps": 1.41
        },
        "2023": {
            "cash": 1.5,
            "stock": 0,
            "eps": 1.82
        },
        "2024": {
            "cash": 1.6,
            "stock": 0,
            "eps": 0
        }
    },
    "dividends": {
        "1993-04-27": {
            "cash": 0,
            "stock": 3
        },
        "1994-05-10": {
            "cash": 0,
            "stock": 2.5
        },
        "1995-04-21": {
            "cash": 0,
            "stock": 2
        },
        "1996-05-30": {
            "cash": 0,
            "stock": 2.2
        },
        "1997-05-05": {
            "cash": 0,
            "stock": 12
        },
        "1999-05-13": {
            "cash": 1,
            "stock": 1
        },
        "2000-06-08": {
            "cash": 0,
            "stock": 0.1
        },
        "2002-05-31": {
            "cash": 1.01,
            "stock": 1.01
        },
        "2003-03-20": {
            "cash": 0,
            "stock": 0.3
        },
        "2004-04-12": {
            "cash": 0.5,
            "stock": 0.5
        },
        "2005-04-19": {
            "cash": 0.5,
            "stock": 0.5
        },
        "2007-04-26": {
            "cash": 0,
            "stock": 0.4
        },
        "2008-04-28": {
            "cash": 0.5,
            "stock": 0.5
        },
        "2009-04-17": {
            "cash": 0,
            "stock": 0.5
        },
        "2010-03-26": {
            "cash": 1.5,
            "stock": 0
        },
        "2011-01-01": {
            "cash": 1.5,
            "stock": 0
        },
        "2011-04-27": {
            "cash": 1,
            "stock": 0
        },
        "2013-03-28": {
            "cash": 2,
            "stock": 0
        },
        "2014-06-12": {
            "cash": 3.15,
            "stock": 0
        },
        "2015-07-29": {
            "cash": 2.5,
            "stock": 0
        },
        "2016-07-26": {
            "cash": 1.12,
            "stock": 0
        },
        "2017-07-28": {
            "cash": 0.7,
            "stock": 0
        },
        "2018-08-03": {
            "cash": 0.8,
            "stock": 0
        },
        "2019-07-30": {
            "cash": 1,
            "stock": 0
        },
        "2020-08-06": {
            "cash": 0.4,
            "stock": 0
        },
        "2021-08-18": {
            "cash": 0.6,
            "stock": 0
        },
        "2022-07-22": {
            "cash": 2.1,
            "stock": 0
        },
        "2023-07-20": {
            "cash": 1.5,
            "stock": 0
        },
        "2024-03-14": {
            "cash": 1.6,
            "stock": 0
        }
    },
    "prices": {
        "200101": "5.81",
        "200102": "9.93",
        "200103": "13.26",
        "200104": "18.28",
        "200105": "14.98",
        "200106": "14.30",
        "200107": "11.30",
        "200108": "11.06",
        "200109": "9.58",
        "200110": "8.84",
        "200111": "11.34",
        "200112": "15.14",
        "200201": "21.13",
        "200202": "20.00",
        "200203": "19.56",
        "200204": "20.90",
        "200205": "16.20",
        "200206": "15.67",
        "200207": "13.66",
        "200208": "13.35",
        "200209": "11.52",
        "200210": "10.74",
        "200211": "11.25",
        "200212": "9.85",
        "200301": "10.06",
        "200302": "10.21",
        "200303": "9.71",
        "200304": "9.88",
        "200305": "10.61",
        "200306": "12.98",
        "200307": "14.89",
        "200308": "13.57",
        "200309": "13.07",
        "200310": "13.17",
        "200311": "13.94",
        "200312": "14.06",
        "200401": "14.61",
        "200402": "17.44",
        "200403": "17.80",
        "200404": "17.63",
        "200405": "15.32",
        "200406": "14.09",
        "200407": "12.08",
        "200408": "11.88",
        "200409": "12.36",
        "200410": "12.50",
        "200411": "11.33",
        "200412": "10.30",
        "200501": "10.56",
        "200502": "11.02",
        "200503": "11.61",
        "200504": "11.17",
        "200505": "10.53",
        "200506": "11.69",
        "200507": "11.94",
        "200508": "11.19",
        "200509": "10.40",
        "200510": "10.03",
        "200511": "9.28",
        "200512": "10.01",
        "200601": "9.90",
        "200602": "9.49",
        "200603": "9.39",
        "200604": "10.29",
        "200605": "11.70",
        "200606": "12.38",
        "200607": "13.59",
        "200608": "14.79",
        "200609": "15.63",
        "200610": "19.76",
        "200611": "23.73",
        "200612": "27.42",
        "200701": "29.70",
        "200702": "28.69",
        "200703": "31.84",
        "200704": "36.47",
        "200705": "32.84",
        "200706": "35.98",
        "200707": "41.89",
        "200708": "55.93",
        "200709": "52.63",
        "200710": "53.22",
        "200711": "48.69",
        "200712": "41.92",
        "200801": "42.91",
        "200802": "43.08",
        "200803": "54.68",
        "200804": "55.90",
        "200805": "53.56",
        "200806": "47.20",
        "200807": "44.00",
        "200808": "40.74",
        "200809": "35.16",
        "200810": "26.16",
        "200811": "21.14",
        "200812": "23.28",
        "200901": "26.86",
        "200902": "27.32",
        "200903": "30.60",
        "200904": "35.27",
        "200905": "40.68",
        "200906": "41.88",
        "200907": "46.39",
        "200908": "42.57",
        "200909": "43.63",
        "200910": "44.33",
        "200911": "46.45",
        "200912": "49.50",
        "201001": "56.94",
        "201002": "58.55",
        "201003": "62.71",
        "201004": "70.53",
        "201005": "63.25",
        "201006": "65.77",
        "201007": "67.43",
        "201008": "71.20",
        "201009": "71.45",
        "201010": "69.67",
        "201011": "66.33",
        "201012": "68.18",
        "201101": "66.66",
        "201102": "57.30",
        "201103": "57.55",
        "201104": "66.25",
        "201105": "60.18",
        "201106": "56.60",
        "201107": "55.39",
        "201108": "49.50",
        "201109": "47.61",
        "201110": "52.34",
        "201111": "49.32",
        "201112": "46.12",
        "201201": "47.98",
        "201202": "51.21",
        "201203": "51.29",
        "201204": "46.80",
        "201205": "42.48",
        "201206": "41.71",
        "201207": "41.03",
        "201208": "40.45",
        "201209": "41.24",
        "201210": "40.37",
        "201211": "35.75",
        "201212": "37.03",
        "201301": "37.51",
        "201302": "41.68",
        "201303": "42.91",
        "201304": "47.85",
        "201305": "56.55",
        "201306": "51.87",
        "201307": "54.13",
        "201308": "54.11",
        "201309": "58.98",
        "201310": "59.34",
        "201311": "62.15",
        "201312": "62.77",
        "201401": "64.33",
        "201402": "58.72",
        "201403": "57.08",
        "201404": "59.09",
        "201405": "56.50",
        "201406": "55.68",
        "201407": "53.12",
        "201408": "54.68",
        "201409": "55.05",
        "201410": "53.55",
        "201411": "52.57",
        "201412": "48.99",
        "201501": "47.81",
        "201502": "48.32",
        "201503": "48.26",
        "201504": "48.03",
        "201505": "43.65",
        "201506": "37.31",
        "201507": "33.71",
        "201508": "30.34",
        "201509": "33.30",
        "201510": "36.47",
        "201511": "33.16",
        "201512": "30.75",
        "201601": "30.45",
        "201602": "31.90",
        "201603": "30.72",
        "201604": "29.10",
        "201605": "26.62",
        "201606": "27.84",
        "201607": "28.18",
        "201608": "29.24",
        "201609": "29.37",
        "201610": "29.08",
        "201611": "27.35",
        "201612": "27.81",
        "201701": "27.88",
        "201702": "28.63",
        "201703": "28.57",
        "201704": "27.51",
        "201705": "27.41",
        "201706": "27.82",
        "201707": "27.06",
        "201708": "28.16",
        "201709": "30.68",
        "201710": "30.32",
        "201711": "29.83",
        "201712": "27.97",
        "201801": "28.48",
        "201802": "28.08",
        "201803": "29.61",
        "201804": "29.11",
        "201805": "31.44",
        "201806": "35.01",
        "201807": "34.08",
        "201808": "32.61",
        "201809": "30.07",
        "201810": "26.20",
        "201811": "26.84",
        "201812": "30.60",
        "201901": "29.69",
        "201902": "29.40",
        "201903": "29.77",
        "201904": "29.71",
        "201905": "28.49",
        "201906": "29.07",
        "201907": "31.62",
        "201908": "31.43",
        "201909": "30.92",
        "201910": "33.76",
        "201911": "38.89",
        "201912": "37.55",
        "202001": "36.04",
        "202002": "32.13",
        "202003": "29.00",
        "202004": "30.86",
        "202005": "29.80",
        "202006": "30.08",
        "202007": "30.56",
        "202008": "30.47",
        "202009": "30.25",
        "202010": "29.10",
        "202011": "29.73",
        "202012": "29.95",
        "202101": "29.44",
        "202102": "29.60",
        "202103": "30.20",
        "202104": "31.58",
        "202105": "29.82",
        "202106": "30.32",
        "202107": "29.90",
        "202108": "29.47",
        "202109": "28.89",
        "202110": "30.51",
        "202111": "33.27",
        "202112": "31.93",
        "202201": "31.91",
        "202202": "31.34",
        "202203": "30.90",
        "202204": "33.05",
        "202205": "33.69",
        "202206": "33.18",
        "202207": "30.70",
        "202208": "31.85",
        "202209": "33.58",
        "202210": "31.02",
        "202211": "31.37",
        "202212": "31.08",
        "202301": "30.75",
        "202302": "31.36",
        "202303": "30.76",
        "202304": "30.42",
        "202305": "31.72",
        "202306": "33.58",
        "202307": "34.30",
        "202308": "32.18",
        "202309": "31.64",
        "202310": "31.81",
        "202311": "32.97",
        "202312": "35.25"
    },
    "quarters": {
        "20011": {
            "year_quarter": 20011,
            "year": 2001,
            "quarter": 1,
            "eps": 0.22,
            "eps_growth_year": null,
            "eps_4q": -0.77,
            "eps_4q_growth_year": null,
            "roe": 1.85,
            "roe_4q": 1.85,
            "gross_profit": 259868,
            "gross_margin": 11.39,
            "gross_margin_4q_avg": 11.39,
            "net_income": 95159,
            "net_income_4q": null,
            "revenue": 2281471,
            "revenue_4q": null,
            "common_shares": 4336970,
            "book_valuer_per_share": 12.19,
            "book_valuer_per_share_4q_avg": 12.19,
            "equity": 5288010,
            "current_ratio": 165.54,
            "debt_ratio": 32.12,
            "inventory_turnover_ratio": 1.81,
            "account_receivable_turnover_ratio": null,
            "reinvestment_rate": null,
            "research_to_sale_ratio": null,
            "price_fair": 0,
            "eps_avg_yearly": 0,
            "eps_latest_yearly": 0,
            "eps_growth_yearly": 0
        },
        "20012": {
            "year_quarter": 20012,
            "year": 2001,
            "quarter": 2,
            "eps": 0.27,
            "eps_growth_year": null,
            "eps_4q": -0.27,
            "eps_4q_growth_year": null,
            "roe": 2.14,
            "roe_4q": 3.99,
            "gross_profit": 234974,
            "gross_margin": 11.14,
            "gross_margin_4q_avg": 11.27,
            "net_income": 115110,
            "net_income_4q": null,
            "revenue": 2109858,
            "revenue_4q": null,
            "common_shares": 4336970,
            "book_valuer_per_share": 12.57,
            "book_valuer_per_share_4q_avg": 12.38,
            "equity": 5451390,
            "current_ratio": 166.81,
            "debt_ratio": 25.89,
            "inventory_turnover_ratio": 2.13,
            "account_receivable_turnover_ratio": null,
            "reinvestment_rate": null,
            "research_to_sale_ratio": null,
            "price_fair": 0,
            "eps_avg_yearly": 0,
            "eps_latest_yearly": 0,
            "eps_growth_yearly": 0
        },
        "20013": {
            "year_quarter": 20013,
            "year": 2001,
            "quarter": 3,
            "eps": 0.17,
            "eps_growth_year": null,
            "eps_4q": 0.13,
            "eps_4q_growth_year": null,
            "roe": 1.37,
            "roe_4q": 5.36,
            "gross_profit": 236106,
            "gross_margin": 12.47,
            "gross_margin_4q_avg": 11.67,
            "net_income": 74319,
            "net_income_4q": null,
            "revenue": 1892946,
            "revenue_4q": null,
            "common_shares": 4336970,
            "book_valuer_per_share": 12.49,
            "book_valuer_per_share_4q_avg": 12.42,
            "equity": 5414746,
            "current_ratio": 137.84,
            "debt_ratio": 27.16,
            "inventory_turnover_ratio": 2.05,
            "account_receivable_turnover_ratio": null,
            "reinvestment_rate": null,
            "research_to_sale_ratio": null,
            "price_fair": 0,
            "eps_avg_yearly": 0,
            "eps_latest_yearly": 0,
            "eps_growth_yearly": 0
        },
        "20014": {
            "year_quarter": 20014,
            "year": 2001,
            "quarter": 4,
            "eps": 0.4,
            "eps_growth_year": null,
            "eps_4q": 1.07,
            "eps_4q_growth_year": null,
            "roe": 3.09,
            "roe_4q": 8.45,
            "gross_profit": 411962,
            "gross_margin": 16.31,
            "gross_margin_4q_avg": 12.83,
            "net_income": 170020,
            "net_income_4q": null,
            "revenue": 2526063,
            "revenue_4q": null,
            "common_shares": 4336970,
            "book_valuer_per_share": 12.92,
            "book_valuer_per_share_4q_avg": 12.54,
            "equity": 5606223,
            "current_ratio": 107.7,
            "debt_ratio": 34.6,
            "inventory_turnover_ratio": 2.39,
            "account_receivable_turnover_ratio": null,
            "reinvestment_rate": null,
            "research_to_sale_ratio": null,
            "price_fair": 0,
            "eps_avg_yearly": 0,
            "eps_latest_yearly": 0,
            "eps_growth_yearly": 0
        },
        "20021": {
            "year_quarter": 20021,
            "year": 2002,
            "quarter": 1,
            "eps": 0.14,
            "eps_growth_year": -36.36,
            "eps_4q": 1.05,
            "eps_4q_growth_year": null,
            "roe": 1,
            "roe_4q": 7.6,
            "gross_profit": 208235,
            "gross_margin": 10.98,
            "gross_margin_4q_avg": 12.73,
            "net_income": 55346,
            "net_income_4q": null,
            "revenue": 1897139,
            "revenue_4q": null,
            "common_shares": 4336970,
            "book_valuer_per_share": 12.71,
            "book_valuer_per_share_4q_avg": 12.67,
            "equity": 5510734,
            "current_ratio": 138.51,
            "debt_ratio": 33.34,
            "inventory_turnover_ratio": 1.48,
            "account_receivable_turnover_ratio": null,
            "reinvestment_rate": null,
            "research_to_sale_ratio": null,
            "price_fair": 1.68,
            "eps_avg_yearly": 0.56,
            "eps_latest_yearly": 0.56,
            "eps_growth_yearly": -260
        },
        "20022": {
            "year_quarter": 20022,
            "year": 2002,
            "quarter": 2,
            "eps": 0.04,
            "eps_growth_year": -85.19,
            "eps_4q": 0.85,
            "eps_4q_growth_year": null,
            "roe": 0.27,
            "roe_4q": 5.7299999999999995,
            "gross_profit": 198458,
            "gross_margin": 8.71,
            "gross_margin_4q_avg": 12.12,
            "net_income": 14762,
            "net_income_4q": null,
            "revenue": 2278564,
            "revenue_4q": null,
            "common_shares": 4336970,
            "book_valuer_per_share": 12.75,
            "book_valuer_per_share_4q_avg": 12.72,
            "equity": 5529481,
            "current_ratio": 156.87,
            "debt_ratio": 33.27,
            "inventory_turnover_ratio": 1.29,
            "account_receivable_turnover_ratio": null,
            "reinvestment_rate": null,
            "research_to_sale_ratio": null,
            "price_fair": 1.08,
            "eps_avg_yearly": 0.36,
            "eps_latest_yearly": 0.16,
            "eps_growth_yearly": -272.86
        },
        "20023": {
            "year_quarter": 20023,
            "year": 2002,
            "quarter": 3,
            "eps": 0.04,
            "eps_growth_year": -76.47,
            "eps_4q": 0.62,
            "eps_4q_growth_year": 392.19,
            "roe": 0.3,
            "roe_4q": 4.66,
            "gross_profit": 176989,
            "gross_margin": 7.26,
            "gross_margin_4q_avg": 10.82,
            "net_income": 16605,
            "net_income_4q": null,
            "revenue": 2437743,
            "revenue_4q": null,
            "common_shares": 4819757,
            "book_valuer_per_share": 11.57,
            "book_valuer_per_share_4q_avg": 12.49,
            "equity": 5576676,
            "current_ratio": 160.91,
            "debt_ratio": 32.32,
            "inventory_turnover_ratio": 1.36,
            "account_receivable_turnover_ratio": null,
            "reinvestment_rate": null,
            "research_to_sale_ratio": null,
            "price_fair": 0.88,
            "eps_avg_yearly": 0.29,
            "eps_latest_yearly": 0.16,
            "eps_growth_yearly": -181.9
        },
        "20024": {
            "year_quarter": 20024,
            "year": 2002,
            "quarter": 4,
            "eps": 0.19,
            "eps_growth_year": -52.5,
            "eps_4q": 0.38,
            "eps_4q_growth_year": -64.69,
            "roe": 1.56,
            "roe_4q": 3.13,
            "gross_profit": 291588,
            "gross_margin": 11.96,
            "gross_margin_4q_avg": 9.73,
            "net_income": 87802,
            "net_income_4q": null,
            "revenue": 2437397,
            "revenue_4q": null,
            "common_shares": 4819757,
            "book_valuer_per_share": 11.73,
            "book_valuer_per_share_4q_avg": 12.19,
            "equity": 5676490,
            "current_ratio": 143.39,
            "debt_ratio": 40.74,
            "inventory_turnover_ratio": 1.69,
            "account_receivable_turnover_ratio": null,
            "reinvestment_rate": null,
            "research_to_sale_ratio": null,
            "price_fair": 14.35,
            "eps_avg_yearly": 0.41,
            "eps_latest_yearly": 0.76,
            "eps_growth_yearly": 238.57
        },
        "20031": {
            "year_quarter": 20031,
            "year": 2003,
            "quarter": 1,
            "eps": 0.16,
            "eps_growth_year": 14.29,
            "eps_4q": 0.43,
            "eps_4q_growth_year": -59.26,
            "roe": 1.25,
            "roe_4q": 3.38,
            "gross_profit": 267781,
            "gross_margin": 12.21,
            "gross_margin_4q_avg": 10.04,
            "net_income": 71279,
            "net_income_4q": null,
            "revenue": 2192419,
            "revenue_4q": null,
            "common_shares": 4819757,
            "book_valuer_per_share": 11.89,
            "book_valuer_per_share_4q_avg": 11.99,
            "equity": 5729603,
            "current_ratio": 195.25,
            "debt_ratio": 27.79,
            "inventory_turnover_ratio": 1.73,
            "account_receivable_turnover_ratio": null,
            "reinvestment_rate": -993.32,
            "research_to_sale_ratio": null,
            "price_fair": 15.96,
            "eps_avg_yearly": 0.46,
            "eps_latest_yearly": 0.64,
            "eps_growth_yearly": 178.23
        },
        "20032": {
            "year_quarter": 20032,
            "year": 2003,
            "quarter": 2,
            "eps": 0.21,
            "eps_growth_year": 425,
            "eps_4q": 0.6,
            "eps_4q_growth_year": -29.81,
            "roe": 1.65,
            "roe_4q": 4.76,
            "gross_profit": 275166,
            "gross_margin": 12.08,
            "gross_margin_4q_avg": 10.88,
            "net_income": 95066,
            "net_income_4q": null,
            "revenue": 2276997,
            "revenue_4q": null,
            "common_shares": 4819757,
            "book_valuer_per_share": 12.06,
            "book_valuer_per_share_4q_avg": 11.81,
            "equity": 5813142,
            "current_ratio": 184.41,
            "debt_ratio": 30.1,
            "inventory_turnover_ratio": 1.85,
            "account_receivable_turnover_ratio": null,
            "reinvestment_rate": -636.31,
            "research_to_sale_ratio": null,
            "price_fair": 18.2,
            "eps_avg_yearly": 0.52,
            "eps_latest_yearly": 0.84,
            "eps_growth_yearly": 169.35
        },
        "20033": {
            "year_quarter": 20033,
            "year": 2003,
            "quarter": 3,
            "eps": 0.33,
            "eps_growth_year": 725,
            "eps_4q": 0.87,
            "eps_4q_growth_year": 40.37,
            "roe": 2.65,
            "roe_4q": 7.109999999999999,
            "gross_profit": 234407,
            "gross_margin": 8.67,
            "gross_margin_4q_avg": 11.23,
            "net_income": 155864,
            "net_income_4q": null,
            "revenue": 2704692,
            "revenue_4q": null,
            "common_shares": 4982093,
            "book_valuer_per_share": 11.97,
            "book_valuer_per_share_4q_avg": 11.91,
            "equity": 5963246,
            "current_ratio": 175.53,
            "debt_ratio": 32.42,
            "inventory_turnover_ratio": 2.21,
            "account_receivable_turnover_ratio": null,
            "reinvestment_rate": -509.55,
            "research_to_sale_ratio": null,
            "price_fair": 22.2,
            "eps_avg_yearly": 0.63,
            "eps_latest_yearly": 1.32,
            "eps_growth_yearly": 177.81
        },
        "20034": {
            "year_quarter": 20034,
            "year": 2003,
            "quarter": 4,
            "eps": 0.6,
            "eps_growth_year": 215.79,
            "eps_4q": 1.27,
            "eps_4q_growth_year": 237.46,
            "roe": 4.68,
            "roe_4q": 10.23,
            "gross_profit": 383797,
            "gross_margin": 10.79,
            "gross_margin_4q_avg": 10.94,
            "net_income": 286673,
            "net_income_4q": null,
            "revenue": 3555983,
            "revenue_4q": null,
            "common_shares": 4982093,
            "book_valuer_per_share": 12.59,
            "book_valuer_per_share_4q_avg": 12.13,
            "equity": 6295861,
            "current_ratio": 137.39,
            "debt_ratio": 49.01,
            "inventory_turnover_ratio": 2.29,
            "account_receivable_turnover_ratio": null,
            "reinvestment_rate": -95.29,
            "research_to_sale_ratio": null,
            "price_fair": 29.93,
            "eps_avg_yearly": 0.86,
            "eps_latest_yearly": 2.4,
            "eps_growth_yearly": 196.5
        },
        "20041": {
            "year_quarter": 20041,
            "year": 2004,
            "quarter": 1,
            "eps": 0.26,
            "eps_growth_year": 62.5,
            "eps_4q": 1.41,
            "eps_4q_growth_year": 228.73,
            "roe": 1.93,
            "roe_4q": 10.91,
            "gross_profit": 295251,
            "gross_margin": 9.73,
            "gross_margin_4q_avg": 10.32,
            "net_income": 122044,
            "net_income_4q": null,
            "revenue": 3035664,
            "revenue_4q": null,
            "common_shares": 4982093,
            "book_valuer_per_share": 12.72,
            "book_valuer_per_share_4q_avg": 12.34,
            "equity": 6335751,
            "current_ratio": 162.8,
            "debt_ratio": 33.19,
            "inventory_turnover_ratio": 2.03,
            "account_receivable_turnover_ratio": null,
            "reinvestment_rate": -210.46,
            "research_to_sale_ratio": null,
            "price_fair": 30.64,
            "eps_avg_yearly": 0.88,
            "eps_latest_yearly": 1.04,
            "eps_growth_yearly": 149.48
        },
        "20042": {
            "year_quarter": 20042,
            "year": 2004,
            "quarter": 2,
            "eps": 0.19,
            "eps_growth_year": -9.52,
            "eps_4q": 1.29,
            "eps_4q_growth_year": 115.12,
            "roe": 1.57,
            "roe_4q": 10.83,
            "gross_profit": 342365,
            "gross_margin": 12.61,
            "gross_margin_4q_avg": 10.45,
            "net_income": 97822,
            "net_income_4q": null,
            "revenue": 2715018,
            "revenue_4q": null,
            "common_shares": 5296950,
            "book_valuer_per_share": 11.56,
            "book_valuer_per_share_4q_avg": 12.21,
            "equity": 6124163,
            "current_ratio": 167.84,
            "debt_ratio": 31.06,
            "inventory_turnover_ratio": 2.33,
            "account_receivable_turnover_ratio": null,
            "reinvestment_rate": -125.67,
            "research_to_sale_ratio": null,
            "price_fair": 30.24,
            "eps_avg_yearly": 0.86,
            "eps_latest_yearly": 0.76,
            "eps_growth_yearly": 123.76
        },
        "20043": {
            "year_quarter": 20043,
            "year": 2004,
            "quarter": 3,
            "eps": 0.21,
            "eps_growth_year": -36.36,
            "eps_4q": 1.2,
            "eps_4q_growth_year": 38.27,
            "roe": 1.74,
            "roe_4q": 9.92,
            "gross_profit": 258928,
            "gross_margin": 9.32,
            "gross_margin_4q_avg": 10.61,
            "net_income": 107410,
            "net_income_4q": null,
            "revenue": 2779350,
            "revenue_4q": null,
            "common_shares": 5296950,
            "book_valuer_per_share": 11.77,
            "book_valuer_per_share_4q_avg": 12.16,
            "equity": 6234336,
            "current_ratio": 179.68,
            "debt_ratio": 31.23,
            "inventory_turnover_ratio": 3.16,
            "account_receivable_turnover_ratio": null,
            "reinvestment_rate": -110.91,
            "research_to_sale_ratio": null,
            "price_fair": 30.16,
            "eps_avg_yearly": 0.86,
            "eps_latest_yearly": 0.84,
            "eps_growth_yearly": 116.34
        },
        "20044": {
            "year_quarter": 20044,
            "year": 2004,
            "quarter": 4,
            "eps": 0.18,
            "eps_growth_year": -70,
            "eps_4q": 0.83,
            "eps_4q_growth_year": -34.62,
            "roe": 1.46,
            "roe_4q": 6.7,
            "gross_profit": 15908,
            "gross_margin": 0.57,
            "gross_margin_4q_avg": 8.06,
            "net_income": 90188,
            "net_income_4q": null,
            "revenue": 2773965,
            "revenue_4q": null,
            "common_shares": 5296950,
            "book_valuer_per_share": 11.62,
            "book_valuer_per_share_4q_avg": 11.92,
            "equity": 6162573,
            "current_ratio": 113.25,
            "debt_ratio": 57.47,
            "inventory_turnover_ratio": 2.37,
            "account_receivable_turnover_ratio": null,
            "reinvestment_rate": 110.29,
            "research_to_sale_ratio": null,
            "price_fair": 29.75,
            "eps_avg_yearly": 0.85,
            "eps_latest_yearly": 0.72,
            "eps_growth_yearly": 101.88
        },
        "20051": {
            "year_quarter": 20051,
            "year": 2005,
            "quarter": 1,
            "eps": 0.08,
            "eps_growth_year": -69.23,
            "eps_4q": 0.69,
            "eps_4q_growth_year": -51.21,
            "roe": 0.63,
            "roe_4q": 5.4,
            "gross_profit": 210030,
            "gross_margin": 8.72,
            "gross_margin_4q_avg": 7.81,
            "net_income": 39019,
            "net_income_4q": null,
            "revenue": 2409520,
            "revenue_4q": null,
            "common_shares": 5296950,
            "book_valuer_per_share": 11.68,
            "book_valuer_per_share_4q_avg": 11.66,
            "equity": 6185473,
            "current_ratio": 172.77,
            "debt_ratio": 31.91,
            "inventory_turnover_ratio": 2.2,
            "account_receivable_turnover_ratio": null,
            "reinvestment_rate": -94.16,
            "research_to_sale_ratio": null,
            "price_fair": 28.32,
            "eps_avg_yearly": 0.81,
            "eps_latest_yearly": 0.32,
            "eps_growth_yearly": 76.95
        },
        "20052": {
            "year_quarter": 20052,
            "year": 2005,
            "quarter": 2,
            "eps": -0.17,
            "eps_growth_year": -189.47,
            "eps_4q": 0.27,
            "eps_4q_growth_year": -78.69,
            "roe": -1.52,
            "roe_4q": 2.31,
            "gross_profit": 216569,
            "gross_margin": 11.15,
            "gross_margin_4q_avg": 7.44,
            "net_income": -91377,
            "net_income_4q": null,
            "revenue": 1941567,
            "revenue_4q": null,
            "common_shares": 5296950,
            "book_valuer_per_share": 11.04,
            "book_valuer_per_share_4q_avg": 11.53,
            "equity": 5850333,
            "current_ratio": 171.77,
            "debt_ratio": 29.33,
            "inventory_turnover_ratio": 4.34,
            "account_receivable_turnover_ratio": null,
            "reinvestment_rate": -108.49,
            "research_to_sale_ratio": null,
            "price_fair": 28.32,
            "eps_avg_yearly": 0.81,
            "eps_latest_yearly": 0.32,
            "eps_growth_yearly": 76.95
        },
        "20053": {
            "year_quarter": 20053,
            "year": 2005,
            "quarter": 3,
            "eps": -0.29,
            "eps_growth_year": -238.1,
            "eps_4q": -0.2,
            "eps_4q_growth_year": -117.03,
            "roe": -2.6,
            "roe_4q": -2.0300000000000002,
            "gross_profit": 112824,
            "gross_margin": 6.9,
            "gross_margin_4q_avg": 6.84,
            "net_income": -151934,
            "net_income_4q": null,
            "revenue": 1635300,
            "revenue_4q": null,
            "common_shares": 5582273,
            "book_valuer_per_share": 10.46,
            "book_valuer_per_share_4q_avg": 11.2,
            "equity": 5841185,
            "current_ratio": 146.24,
            "debt_ratio": 32.44,
            "inventory_turnover_ratio": 5.51,
            "account_receivable_turnover_ratio": null,
            "reinvestment_rate": -130.43,
            "research_to_sale_ratio": null,
            "price_fair": 28.32,
            "eps_avg_yearly": 0.81,
            "eps_latest_yearly": 0.32,
            "eps_growth_yearly": 76.95
        },
        "20054": {
            "year_quarter": 20054,
            "year": 2005,
            "quarter": 4,
            "eps": -0.43,
            "eps_growth_year": -338.89,
            "eps_4q": -0.8,
            "eps_4q_growth_year": -196.33,
            "roe": -3.98,
            "roe_4q": -7.47,
            "gross_profit": 101021,
            "gross_margin": 5.2,
            "gross_margin_4q_avg": 7.99,
            "net_income": -227725,
            "net_income_4q": null,
            "revenue": 1941197,
            "revenue_4q": null,
            "common_shares": 5582273,
            "book_valuer_per_share": 10.01,
            "book_valuer_per_share_4q_avg": 10.8,
            "equity": 5598571,
            "current_ratio": 77.86,
            "debt_ratio": 67.87,
            "inventory_turnover_ratio": 2.68,
            "account_receivable_turnover_ratio": null,
            "reinvestment_rate": 439.85,
            "research_to_sale_ratio": null,
            "price_fair": 28.32,
            "eps_avg_yearly": 0.81,
            "eps_latest_yearly": 0.32,
            "eps_growth_yearly": 76.95
        },
        "20061": {
            "year_quarter": 20061,
            "year": 2006,
            "quarter": 1,
            "eps": 0.28,
            "eps_growth_year": 250,
            "eps_4q": -0.63,
            "eps_4q_growth_year": -191.47,
            "roe": 2.57,
            "roe_4q": -5.529999999999999,
            "gross_profit": 118987,
            "gross_margin": 5.83,
            "gross_margin_4q_avg": 7.27,
            "net_income": 145381,
            "net_income_4q": null,
            "revenue": 2040653,
            "revenue_4q": null,
            "common_shares": 5582273,
            "book_valuer_per_share": 10.23,
            "book_valuer_per_share_4q_avg": 10.44,
            "equity": 5709117,
            "current_ratio": 182.18,
            "debt_ratio": 43.32,
            "inventory_turnover_ratio": 3.01,
            "account_receivable_turnover_ratio": null,
            "reinvestment_rate": -56.46,
            "research_to_sale_ratio": null,
            "price_fair": 29.05,
            "eps_avg_yearly": 0.83,
            "eps_latest_yearly": 0.32,
            "eps_growth_yearly": 105.03
        },
        "20062": {
            "year_quarter": 20062,
            "year": 2006,
            "quarter": 2,
            "eps": -0.24,
            "eps_growth_year": null,
            "eps_4q": -0.64,
            "eps_4q_growth_year": -334.84,
            "roe": -2.22,
            "roe_4q": -6.23,
            "gross_profit": 137138,
            "gross_margin": 7.27,
            "gross_margin_4q_avg": 6.3,
            "net_income": -125184,
            "net_income_4q": null,
            "revenue": 1886333,
            "revenue_4q": null,
            "common_shares": 5582273,
            "book_valuer_per_share": 10,
            "book_valuer_per_share_4q_avg": 10.18,
            "equity": 5579978,
            "current_ratio": 163.93,
            "debt_ratio": 43.5,
            "inventory_turnover_ratio": 18.06,
            "account_receivable_turnover_ratio": null,
            "reinvestment_rate": -82.08,
            "research_to_sale_ratio": null,
            "price_fair": 31.18,
            "eps_avg_yearly": 0.89,
            "eps_latest_yearly": 0.32,
            "eps_growth_yearly": 140.55
        },
        "20063": {
            "year_quarter": 20063,
            "year": 2006,
            "quarter": 3,
            "eps": 0.03,
            "eps_growth_year": null,
            "eps_4q": -0.32,
            "eps_4q_growth_year": null,
            "roe": 0.31,
            "roe_4q": -3.3200000000000003,
            "gross_profit": 116440,
            "gross_margin": 6.11,
            "gross_margin_4q_avg": 6.1,
            "net_income": 17621,
            "net_income_4q": null,
            "revenue": 1905665,
            "revenue_4q": null,
            "common_shares": 5582273,
            "book_valuer_per_share": 10.09,
            "book_valuer_per_share_4q_avg": 10.08,
            "equity": 5633860,
            "current_ratio": 177.47,
            "debt_ratio": 41.18,
            "inventory_turnover_ratio": 21.12,
            "account_receivable_turnover_ratio": null,
            "reinvestment_rate": -78.68,
            "research_to_sale_ratio": null,
            "price_fair": 33.74,
            "eps_avg_yearly": 0.96,
            "eps_latest_yearly": 0.32,
            "eps_growth_yearly": 154.61
        },
        "20064": {
            "year_quarter": 20064,
            "year": 2006,
            "quarter": 4,
            "eps": 0.31,
            "eps_growth_year": null,
            "eps_4q": 0.38,
            "eps_4q_growth_year": null,
            "roe": 2.84,
            "roe_4q": 3.4999999999999996,
            "gross_profit": 123111,
            "gross_margin": 5.6,
            "gross_margin_4q_avg": 6.2,
            "net_income": 162597,
            "net_income_4q": null,
            "revenue": 2198407,
            "revenue_4q": null,
            "common_shares": 5582273,
            "book_valuer_per_share": 10.42,
            "book_valuer_per_share_4q_avg": 10.19,
            "equity": 5826842,
            "current_ratio": 65.72,
            "debt_ratio": 68.61,
            "inventory_turnover_ratio": 3.11,
            "account_receivable_turnover_ratio": null,
            "reinvestment_rate": 448.22,
            "research_to_sale_ratio": null,
            "price_fair": 35.42,
            "eps_avg_yearly": 1.01,
            "eps_latest_yearly": 1.24,
            "eps_growth_yearly": 377.94
        },
        "20071": {
            "year_quarter": 20071,
            "year": 2007,
            "quarter": 1,
            "eps": -0.07,
            "eps_growth_year": -125,
            "eps_4q": 0.04,
            "eps_4q_growth_year": null,
            "roe": -0.61,
            "roe_4q": 0.31999999999999984,
            "gross_profit": 148564,
            "gross_margin": 6.98,
            "gross_margin_4q_avg": 6.49,
            "net_income": -35516,
            "net_income_4q": null,
            "revenue": 2127741,
            "revenue_4q": null,
            "common_shares": 5582273,
            "book_valuer_per_share": 10.42,
            "book_valuer_per_share_4q_avg": 10.23,
            "equity": 5816704,
            "current_ratio": 138.75,
            "debt_ratio": 40.35,
            "inventory_turnover_ratio": 2.96,
            "account_receivable_turnover_ratio": null,
            "reinvestment_rate": -91.03,
            "research_to_sale_ratio": null,
            "price_fair": 36.87,
            "eps_avg_yearly": 1.05,
            "eps_latest_yearly": 1.24,
            "eps_growth_yearly": 426.95
        },
        "20072": {
            "year_quarter": 20072,
            "year": 2007,
            "quarter": 2,
            "eps": 0.97,
            "eps_growth_year": null,
            "eps_4q": 1.23,
            "eps_4q_growth_year": null,
            "roe": 8.79,
            "roe_4q": 11.33,
            "gross_profit": 205724,
            "gross_margin": 6.52,
            "gross_margin_4q_avg": 6.3,
            "net_income": 535593,
            "net_income_4q": null,
            "revenue": 3156540,
            "revenue_4q": null,
            "common_shares": 5582273,
            "book_valuer_per_share": 11.41,
            "book_valuer_per_share_4q_avg": 10.59,
            "equity": 6372103,
            "current_ratio": 226.88,
            "debt_ratio": 38.03,
            "inventory_turnover_ratio": 40.06,
            "account_receivable_turnover_ratio": null,
            "reinvestment_rate": -56.42,
            "research_to_sale_ratio": null,
            "price_fair": 37.8,
            "eps_avg_yearly": 1.08,
            "eps_latest_yearly": 1.24,
            "eps_growth_yearly": 464.69
        },
        "20073": {
            "year_quarter": 20073,
            "year": 2007,
            "quarter": 3,
            "eps": 1.27,
            "eps_growth_year": 4133.33,
            "eps_4q": 2.46,
            "eps_4q_growth_year": null,
            "roe": 10.4,
            "roe_4q": 21.419999999999998,
            "gross_profit": 242686,
            "gross_margin": 6.6,
            "gross_margin_4q_avg": 6.43,
            "net_income": 707428,
            "net_income_4q": null,
            "revenue": 3674810,
            "revenue_4q": null,
            "common_shares": 5825204,
            "book_valuer_per_share": 12.41,
            "book_valuer_per_share_4q_avg": 11.17,
            "equity": 7228040,
            "current_ratio": 244.24,
            "debt_ratio": 35.91,
            "inventory_turnover_ratio": 56.44,
            "account_receivable_turnover_ratio": null,
            "reinvestment_rate": -38.01,
            "research_to_sale_ratio": null,
            "price_fair": 54.25,
            "eps_avg_yearly": 1.55,
            "eps_latest_yearly": 5.08,
            "eps_growth_yearly": 451.59
        },
        "20074": {
            "year_quarter": 20074,
            "year": 2007,
            "quarter": 4,
            "eps": -0.01,
            "eps_growth_year": -103.23,
            "eps_4q": 2.17,
            "eps_4q_growth_year": 467.91,
            "roe": -0.09,
            "roe_4q": 18.490000000000002,
            "gross_profit": 325509,
            "gross_margin": 7.91,
            "gross_margin_4q_avg": 7,
            "net_income": -6486,
            "net_income_4q": null,
            "revenue": 4116702,
            "revenue_4q": null,
            "common_shares": 5825204,
            "book_valuer_per_share": 11.76,
            "book_valuer_per_share_4q_avg": 11.5,
            "equity": 6862866,
            "current_ratio": 96.85,
            "debt_ratio": 71.26,
            "inventory_turnover_ratio": 2.3,
            "account_receivable_turnover_ratio": null,
            "reinvestment_rate": 401.5,
            "research_to_sale_ratio": null,
            "price_fair": 50,
            "eps_avg_yearly": 1.43,
            "eps_latest_yearly": 5.08,
            "eps_growth_yearly": 469.35
        },
        "20081": {
            "year_quarter": 20081,
            "year": 2008,
            "quarter": 1,
            "eps": 0.06,
            "eps_growth_year": null,
            "eps_4q": 2.22,
            "eps_4q_growth_year": 5662.1,
            "roe": 0.5,
            "roe_4q": 19.6,
            "gross_profit": 830649,
            "gross_margin": 18.71,
            "gross_margin_4q_avg": 9.94,
            "net_income": 34402,
            "net_income_4q": null,
            "revenue": 4438709,
            "revenue_4q": null,
            "common_shares": 5825204,
            "book_valuer_per_share": 11.66,
            "book_valuer_per_share_4q_avg": 11.81,
            "equity": 6801467,
            "current_ratio": 83.38,
            "debt_ratio": 72.94,
            "inventory_turnover_ratio": 1.26,
            "account_receivable_turnover_ratio": null,
            "reinvestment_rate": 754.14,
            "research_to_sale_ratio": null,
            "price_fair": 52.27,
            "eps_avg_yearly": 1.49,
            "eps_latest_yearly": 5.08,
            "eps_growth_yearly": 585.35
        },
        "20082": {
            "year_quarter": 20082,
            "year": 2008,
            "quarter": 2,
            "eps": 0.51,
            "eps_growth_year": -47.42,
            "eps_4q": 1.75,
            "eps_4q_growth_year": 42.15,
            "roe": 4.29,
            "roe_4q": 15.100000000000001,
            "gross_profit": 714278,
            "gross_margin": 16.04,
            "gross_margin_4q_avg": 12.32,
            "net_income": 302098,
            "net_income_4q": null,
            "revenue": 4454201,
            "revenue_4q": null,
            "common_shares": 5825204,
            "book_valuer_per_share": 12.48,
            "book_valuer_per_share_4q_avg": 12.08,
            "equity": 7278467,
            "current_ratio": 81.45,
            "debt_ratio": 71.7,
            "inventory_turnover_ratio": 1.33,
            "account_receivable_turnover_ratio": null,
            "reinvestment_rate": 567.53,
            "research_to_sale_ratio": null,
            "price_fair": 59.73,
            "eps_avg_yearly": 1.71,
            "eps_latest_yearly": 2.04,
            "eps_growth_yearly": 1103.3
        },
        "20083": {
            "year_quarter": 20083,
            "year": 2008,
            "quarter": 3,
            "eps": 0.34,
            "eps_growth_year": -73.23,
            "eps_4q": 0.9,
            "eps_4q_growth_year": -63.6,
            "roe": 2.75,
            "roe_4q": 7.45,
            "gross_profit": 1010161,
            "gross_margin": 17.12,
            "gross_margin_4q_avg": 14.95,
            "net_income": 202017,
            "net_income_4q": null,
            "revenue": 5899180,
            "revenue_4q": null,
            "common_shares": 6246000,
            "book_valuer_per_share": 11.85,
            "book_valuer_per_share_4q_avg": 11.94,
            "equity": 7413806,
            "current_ratio": 97.57,
            "debt_ratio": 75.18,
            "inventory_turnover_ratio": 1.1,
            "account_receivable_turnover_ratio": null,
            "reinvestment_rate": 577.64,
            "research_to_sale_ratio": null,
            "price_fair": 62.77,
            "eps_avg_yearly": 1.79,
            "eps_latest_yearly": 1.36,
            "eps_growth_yearly": 1074.06
        },
        "20084": {
            "year_quarter": 20084,
            "year": 2008,
            "quarter": 4,
            "eps": 0.57,
            "eps_growth_year": null,
            "eps_4q": 1.49,
            "eps_4q_growth_year": -31.37,
            "roe": 4.68,
            "roe_4q": 12.219999999999999,
            "gross_profit": 1208686,
            "gross_margin": 23.87,
            "gross_margin_4q_avg": 18.94,
            "net_income": 335378,
            "net_income_4q": null,
            "revenue": 5063829,
            "revenue_4q": null,
            "common_shares": 6246000,
            "book_valuer_per_share": 11.1,
            "book_valuer_per_share_4q_avg": 11.77,
            "equity": 6904415,
            "current_ratio": 81.06,
            "debt_ratio": 74.49,
            "inventory_turnover_ratio": 0.83,
            "account_receivable_turnover_ratio": 8.17,
            "reinvestment_rate": 328.75,
            "research_to_sale_ratio": null,
            "price_fair": 71.87,
            "eps_avg_yearly": 2.05,
            "eps_latest_yearly": 2.28,
            "eps_growth_yearly": 1128.68
        },
        "20091": {
            "year_quarter": 20091,
            "year": 2009,
            "quarter": 1,
            "eps": -0.14,
            "eps_growth_year": -333.33,
            "eps_4q": 1.21,
            "eps_4q_growth_year": -45.35,
            "roe": -1.22,
            "roe_4q": 10.5,
            "gross_profit": 720733,
            "gross_margin": 20.32,
            "gross_margin_4q_avg": 19.34,
            "net_income": -87470,
            "net_income_4q": null,
            "revenue": 3546775,
            "revenue_4q": null,
            "common_shares": 6246000,
            "book_valuer_per_share": 11.97,
            "book_valuer_per_share_4q_avg": 11.85,
            "equity": 7444562,
            "current_ratio": 84.63,
            "debt_ratio": 75.29,
            "inventory_turnover_ratio": 0.85,
            "account_receivable_turnover_ratio": 2.62,
            "reinvestment_rate": 600.2,
            "research_to_sale_ratio": null,
            "price_fair": 84,
            "eps_avg_yearly": 2.4,
            "eps_latest_yearly": 2.28,
            "eps_growth_yearly": 1398.86
        },
        "20092": {
            "year_quarter": 20092,
            "year": 2009,
            "quarter": 2,
            "eps": 0.51,
            "eps_growth_year": 0,
            "eps_4q": 1.25,
            "eps_4q_growth_year": -28.53,
            "roe": 3.96,
            "roe_4q": 10.17,
            "gross_profit": 1119744,
            "gross_margin": 20.76,
            "gross_margin_4q_avg": 20.52,
            "net_income": 314085,
            "net_income_4q": null,
            "revenue": 5393930,
            "revenue_4q": null,
            "common_shares": 6246000,
            "book_valuer_per_share": 13.48,
            "book_valuer_per_share_4q_avg": 12.1,
            "equity": 8423000,
            "current_ratio": 95.29,
            "debt_ratio": 71.1,
            "inventory_turnover_ratio": 1.49,
            "account_receivable_turnover_ratio": 3.79,
            "reinvestment_rate": 515.19,
            "research_to_sale_ratio": null,
            "price_fair": 84,
            "eps_avg_yearly": 2.4,
            "eps_latest_yearly": 2.28,
            "eps_growth_yearly": 1398.86
        },
        "20093": {
            "year_quarter": 20093,
            "year": 2009,
            "quarter": 3,
            "eps": 0.85,
            "eps_growth_year": 150,
            "eps_4q": 1.78,
            "eps_4q_growth_year": 99.15,
            "roe": 5.96,
            "roe_4q": 13.379999999999999,
            "gross_profit": 1346840,
            "gross_margin": 19.7,
            "gross_margin_4q_avg": 21.16,
            "net_income": 522911,
            "net_income_4q": null,
            "revenue": 6835541,
            "revenue_4q": null,
            "common_shares": 6556000,
            "book_valuer_per_share": 13.9,
            "book_valuer_per_share_4q_avg": 12.61,
            "equity": 9112073,
            "current_ratio": 98.47,
            "debt_ratio": 69.56,
            "inventory_turnover_ratio": 2.04,
            "account_receivable_turnover_ratio": 4.23,
            "reinvestment_rate": 393.37,
            "research_to_sale_ratio": null,
            "price_fair": 89.83,
            "eps_avg_yearly": 2.57,
            "eps_latest_yearly": 3.4,
            "eps_growth_yearly": 1210.16
        },
        "20094": {
            "year_quarter": 20094,
            "year": 2009,
            "quarter": 4,
            "eps": 0.21,
            "eps_growth_year": -63.16,
            "eps_4q": 1.46,
            "eps_4q_growth_year": -1.74,
            "roe": 1.45,
            "roe_4q": 10.15,
            "gross_profit": 957468,
            "gross_margin": 19.71,
            "gross_margin_4q_avg": 20.12,
            "net_income": 129900,
            "net_income_4q": null,
            "revenue": 4857548,
            "revenue_4q": null,
            "common_shares": 6556000,
            "book_valuer_per_share": 14.46,
            "book_valuer_per_share_4q_avg": 13.45,
            "equity": 8779281,
            "current_ratio": 91.84,
            "debt_ratio": 70.55,
            "inventory_turnover_ratio": 1.77,
            "account_receivable_turnover_ratio": 7.53,
            "reinvestment_rate": 255.43,
            "research_to_sale_ratio": null,
            "price_fair": 81.2,
            "eps_avg_yearly": 2.32,
            "eps_latest_yearly": 0.84,
            "eps_growth_yearly": 994.26
        },
        "20101": {
            "year_quarter": 20101,
            "year": 2010,
            "quarter": 1,
            "eps": 0.43,
            "eps_growth_year": null,
            "eps_4q": 1.91,
            "eps_4q_growth_year": 57.78,
            "roe": 1.94,
            "roe_4q": 13.309999999999999,
            "gross_profit": 977654,
            "gross_margin": 25.63,
            "gross_margin_4q_avg": 21.45,
            "net_income": 170890,
            "net_income_4q": null,
            "revenue": 3815004,
            "revenue_4q": null,
            "common_shares": 6556000,
            "book_valuer_per_share": 14.77,
            "book_valuer_per_share_4q_avg": 14.15,
            "equity": 8881874,
            "current_ratio": 96.15,
            "debt_ratio": 71.8,
            "inventory_turnover_ratio": 1.28,
            "account_receivable_turnover_ratio": 2.55,
            "reinvestment_rate": 423.48,
            "research_to_sale_ratio": 2.93,
            "price_fair": 78.58,
            "eps_avg_yearly": 2.25,
            "eps_latest_yearly": 1.72,
            "eps_growth_yearly": 922.35
        },
        "20102": {
            "year_quarter": 20102,
            "year": 2010,
            "quarter": 2,
            "eps": 0.21,
            "eps_growth_year": -59.33,
            "eps_4q": 1.59,
            "eps_4q_growth_year": 27.25,
            "roe": 1.55,
            "roe_4q": 10.9,
            "gross_profit": 965651,
            "gross_margin": 25.06,
            "gross_margin_4q_avg": 22.53,
            "net_income": 129853,
            "net_income_4q": null,
            "revenue": 3852858,
            "revenue_4q": null,
            "common_shares": 6384670,
            "book_valuer_per_share": 13.07,
            "book_valuer_per_share_4q_avg": 14.05,
            "equity": 7858767,
            "current_ratio": 92.27,
            "debt_ratio": 76.2,
            "inventory_turnover_ratio": 1.37,
            "account_receivable_turnover_ratio": 2.52,
            "reinvestment_rate": 441.73,
            "research_to_sale_ratio": 2.88,
            "price_fair": 73.11,
            "eps_avg_yearly": 2.09,
            "eps_latest_yearly": 0.84,
            "eps_growth_yearly": 797.13
        },
        "20103": {
            "year_quarter": 20103,
            "year": 2010,
            "quarter": 3,
            "eps": 0.29,
            "eps_growth_year": -65.8,
            "eps_4q": 1.01,
            "eps_4q_growth_year": -43.62,
            "roe": 2.22,
            "roe_4q": 7.160000000000001,
            "gross_profit": 1055206,
            "gross_margin": 25.6,
            "gross_margin_4q_avg": 24,
            "net_income": 174817,
            "net_income_4q": null,
            "revenue": 4121268,
            "revenue_4q": null,
            "common_shares": 6384670,
            "book_valuer_per_share": 13.09,
            "book_valuer_per_share_4q_avg": 13.85,
            "equity": 7875174,
            "current_ratio": 87.29,
            "debt_ratio": 75.29,
            "inventory_turnover_ratio": 1.99,
            "account_receivable_turnover_ratio": 2.6,
            "reinvestment_rate": 428.76,
            "research_to_sale_ratio": 2.78,
            "price_fair": 69.86,
            "eps_avg_yearly": 2,
            "eps_latest_yearly": 1.16,
            "eps_growth_yearly": 732.66
        },
        "20104": {
            "year_quarter": 20104,
            "year": 2010,
            "quarter": 4,
            "eps": 0.52,
            "eps_growth_year": 146.25,
            "eps_4q": 1.31,
            "eps_4q_growth_year": -10.24,
            "roe": 3.9,
            "roe_4q": 9.61,
            "gross_profit": 1501065,
            "gross_margin": 28.43,
            "gross_margin_4q_avg": 26.18,
            "net_income": 300738,
            "net_income_4q": null,
            "revenue": 5280730,
            "revenue_4q": null,
            "common_shares": 6384670,
            "book_valuer_per_share": 12.6,
            "book_valuer_per_share_4q_avg": 13.38,
            "equity": 7560116,
            "current_ratio": 80.09,
            "debt_ratio": 78.03,
            "inventory_turnover_ratio": 2.72,
            "account_receivable_turnover_ratio": 2.69,
            "reinvestment_rate": 236.73,
            "research_to_sale_ratio": 2.28,
            "price_fair": 72.8,
            "eps_avg_yearly": 2.08,
            "eps_latest_yearly": 2.08,
            "eps_growth_yearly": 391.05
        },
        "20111": {
            "year_quarter": 20111,
            "year": 2011,
            "quarter": 1,
            "eps": 0.34,
            "eps_growth_year": -20.93,
            "eps_4q": 1.36,
            "eps_4q_growth_year": -28.87,
            "roe": 2.7,
            "roe_4q": 10.370000000000001,
            "gross_profit": 1228510,
            "gross_margin": 30.52,
            "gross_margin_4q_avg": 27.4,
            "net_income": 204772,
            "net_income_4q": null,
            "revenue": 4025043,
            "revenue_4q": null,
            "common_shares": 6384670,
            "book_valuer_per_share": 12.6,
            "book_valuer_per_share_4q_avg": 12.84,
            "equity": 7592839,
            "current_ratio": 62.1,
            "debt_ratio": 80.08,
            "inventory_turnover_ratio": 2.29,
            "account_receivable_turnover_ratio": 1.79,
            "reinvestment_rate": 426.78,
            "research_to_sale_ratio": 3.13,
            "price_fair": 70.51,
            "eps_avg_yearly": 2.01,
            "eps_latest_yearly": 1.36,
            "eps_growth_yearly": 342.91
        },
        "20112": {
            "year_quarter": 20112,
            "year": 2011,
            "quarter": 2,
            "eps": 0.72,
            "eps_growth_year": 245.24,
            "eps_4q": 1.88,
            "eps_4q_growth_year": 17.98,
            "roe": 5.8,
            "roe_4q": 14.620000000000001,
            "gross_profit": 1344780,
            "gross_margin": 30.84,
            "gross_margin_4q_avg": 28.85,
            "net_income": 424087,
            "net_income_4q": null,
            "revenue": 4360958,
            "revenue_4q": null,
            "common_shares": 6384670,
            "book_valuer_per_share": 11.86,
            "book_valuer_per_share_4q_avg": 12.54,
            "equity": 7041086,
            "current_ratio": 60.07,
            "debt_ratio": 81.59,
            "inventory_turnover_ratio": 2.61,
            "account_receivable_turnover_ratio": 1.76,
            "reinvestment_rate": 451.24,
            "research_to_sale_ratio": 2.8,
            "price_fair": 73.03,
            "eps_avg_yearly": 2.09,
            "eps_latest_yearly": 2.88,
            "eps_growth_yearly": 351.59
        },
        "20113": {
            "year_quarter": 20113,
            "year": 2011,
            "quarter": 3,
            "eps": 0.57,
            "eps_growth_year": 95.84,
            "eps_4q": 2.15,
            "eps_4q_growth_year": 114.23,
            "roe": 4.52,
            "roe_4q": 16.919999999999998,
            "gross_profit": 1417230,
            "gross_margin": 32.24,
            "gross_margin_4q_avg": 30.51,
            "net_income": 337916,
            "net_income_4q": null,
            "revenue": 4396480,
            "revenue_4q": null,
            "common_shares": 6384670,
            "book_valuer_per_share": 13.31,
            "book_valuer_per_share_4q_avg": 12.59,
            "equity": 7903884,
            "current_ratio": 65.46,
            "debt_ratio": 81.31,
            "inventory_turnover_ratio": 2.72,
            "account_receivable_turnover_ratio": 1.36,
            "reinvestment_rate": 604.67,
            "research_to_sale_ratio": 1.86,
            "price_fair": 64.87,
            "eps_avg_yearly": 1.85,
            "eps_latest_yearly": 2.28,
            "eps_growth_yearly": 334.34
        },
        "20114": {
            "year_quarter": 20114,
            "year": 2011,
            "quarter": 4,
            "eps": 0.48,
            "eps_growth_year": -8.05,
            "eps_4q": 2.11,
            "eps_4q_growth_year": 60.59,
            "roe": 3.46,
            "roe_4q": 16.48,
            "gross_profit": 1508288,
            "gross_margin": 35.22,
            "gross_margin_4q_avg": 32.21,
            "net_income": 277957,
            "net_income_4q": null,
            "revenue": 4282871,
            "revenue_4q": null,
            "common_shares": 6384670,
            "book_valuer_per_share": 13.75,
            "book_valuer_per_share_4q_avg": 12.88,
            "equity": 8164717,
            "current_ratio": 57.37,
            "debt_ratio": 80.78,
            "inventory_turnover_ratio": 2.85,
            "account_receivable_turnover_ratio": 1.35,
            "reinvestment_rate": 354.23,
            "research_to_sale_ratio": 3.04,
            "price_fair": 65.05,
            "eps_avg_yearly": 1.86,
            "eps_latest_yearly": 1.92,
            "eps_growth_yearly": 303.76
        },
        "20121": {
            "year_quarter": 20121,
            "year": 2012,
            "quarter": 1,
            "eps": 0.42,
            "eps_growth_year": 23.53,
            "eps_4q": 2.18,
            "eps_4q_growth_year": 60.53,
            "roe": 3.02,
            "roe_4q": 16.8,
            "gross_profit": 1430076,
            "gross_margin": 36.49,
            "gross_margin_4q_avg": 33.7,
            "net_income": 250414,
            "net_income_4q": null,
            "revenue": 3918983,
            "revenue_4q": null,
            "common_shares": 6384670,
            "book_valuer_per_share": 14.15,
            "book_valuer_per_share_4q_avg": 13.27,
            "equity": 8400076,
            "current_ratio": 78.23,
            "debt_ratio": 81.19,
            "inventory_turnover_ratio": 2.48,
            "account_receivable_turnover_ratio": 1.65,
            "reinvestment_rate": 270.02,
            "research_to_sale_ratio": 2.59,
            "price_fair": 64.6,
            "eps_avg_yearly": 1.85,
            "eps_latest_yearly": 1.68,
            "eps_growth_yearly": 278.49
        },
        "20122": {
            "year_quarter": 20122,
            "year": 2012,
            "quarter": 2,
            "eps": 0.52,
            "eps_growth_year": -27.3,
            "eps_4q": 1.99,
            "eps_4q_growth_year": 5.74,
            "roe": 3.82,
            "roe_4q": 14.82,
            "gross_profit": 1549800,
            "gross_margin": 32.11,
            "gross_margin_4q_avg": 34.02,
            "net_income": 309007,
            "net_income_4q": null,
            "revenue": 4825903,
            "revenue_4q": null,
            "common_shares": 6384670,
            "book_valuer_per_share": 13.11,
            "book_valuer_per_share_4q_avg": 13.58,
            "equity": 7784741,
            "current_ratio": 67.38,
            "debt_ratio": 82.56,
            "inventory_turnover_ratio": 2.9,
            "account_receivable_turnover_ratio": 1.92,
            "reinvestment_rate": 323.16,
            "research_to_sale_ratio": 2.24,
            "price_fair": 64.7,
            "eps_avg_yearly": 1.85,
            "eps_latest_yearly": 2.08,
            "eps_growth_yearly": 71.01
        },
        "20123": {
            "year_quarter": 20123,
            "year": 2012,
            "quarter": 3,
            "eps": 0.49,
            "eps_growth_year": -14.73,
            "eps_4q": 1.9,
            "eps_4q_growth_year": -11.64,
            "roe": 3.6,
            "roe_4q": 13.899999999999999,
            "gross_profit": 1523165,
            "gross_margin": 31.18,
            "gross_margin_4q_avg": 33.75,
            "net_income": 288137,
            "net_income_4q": null,
            "revenue": 4884605,
            "revenue_4q": null,
            "common_shares": 6384670,
            "book_valuer_per_share": 13.82,
            "book_valuer_per_share_4q_avg": 13.71,
            "equity": 8203872,
            "current_ratio": 65.87,
            "debt_ratio": 81.9,
            "inventory_turnover_ratio": 2.82,
            "account_receivable_turnover_ratio": 1.72,
            "reinvestment_rate": 301.18,
            "research_to_sale_ratio": 2,
            "price_fair": 66.2,
            "eps_avg_yearly": 1.89,
            "eps_latest_yearly": 1.96,
            "eps_growth_yearly": 78.88
        },
        "20124": {
            "year_quarter": 20124,
            "year": 2012,
            "quarter": 4,
            "eps": 0.71,
            "eps_growth_year": 48.4,
            "eps_4q": 2,
            "eps_4q_growth_year": -5.3,
            "roe": 4.91,
            "roe_4q": 15.35,
            "gross_profit": 1406124,
            "gross_margin": 30.86,
            "gross_margin_4q_avg": 32.66,
            "net_income": 462959,
            "net_income_4q": null,
            "revenue": 4556683,
            "revenue_4q": null,
            "common_shares": 7009670,
            "book_valuer_per_share": 16.23,
            "book_valuer_per_share_4q_avg": 14.33,
            "equity": 10647285,
            "current_ratio": 58.79,
            "debt_ratio": 76.6,
            "inventory_turnover_ratio": 2.79,
            "account_receivable_turnover_ratio": 1.84,
            "reinvestment_rate": 322.81,
            "research_to_sale_ratio": 2.35,
            "price_fair": 67.6,
            "eps_avg_yearly": 1.93,
            "eps_latest_yearly": 2.84,
            "eps_growth_yearly": 72.38
        },
        "20131": {
            "year_quarter": 20131,
            "year": 2013,
            "quarter": 1,
            "eps": 2.54,
            "eps_growth_year": 504.76,
            "eps_4q": 4.16,
            "eps_4q_growth_year": 90.41,
            "roe": 14.18,
            "roe_4q": 26.51,
            "gross_profit": 1442395,
            "gross_margin": 31.59,
            "gross_margin_4q_avg": 31.44,
            "net_income": 1666696,
            "net_income_4q": null,
            "revenue": 4565344,
            "revenue_4q": null,
            "common_shares": 7009670,
            "book_valuer_per_share": 19.6,
            "book_valuer_per_share_4q_avg": 15.69,
            "equity": 12862110,
            "current_ratio": 62.72,
            "debt_ratio": 73.38,
            "inventory_turnover_ratio": 3.23,
            "account_receivable_turnover_ratio": 2.43,
            "reinvestment_rate": -150.09,
            "research_to_sale_ratio": 2.84,
            "price_fair": 86.8,
            "eps_avg_yearly": 2.48,
            "eps_latest_yearly": 10.16,
            "eps_growth_yearly": 136.29
        },
        "20132": {
            "year_quarter": 20132,
            "year": 2013,
            "quarter": 2,
            "eps": 0.79,
            "eps_growth_year": 51.76,
            "eps_4q": 4.47,
            "eps_4q_growth_year": 125.13,
            "roe": 4.12,
            "roe_4q": 26.810000000000002,
            "gross_profit": 1384678,
            "gross_margin": 33.41,
            "gross_margin_4q_avg": 31.76,
            "net_income": 517437,
            "net_income_4q": null,
            "revenue": 4144970,
            "revenue_4q": null,
            "common_shares": 7009670,
            "book_valuer_per_share": 18.71,
            "book_valuer_per_share_4q_avg": 17.09,
            "equity": 12274849,
            "current_ratio": 54.66,
            "debt_ratio": 75.24,
            "inventory_turnover_ratio": 2.96,
            "account_receivable_turnover_ratio": 2.65,
            "reinvestment_rate": -154.29,
            "research_to_sale_ratio": 2.34,
            "price_fair": 88.29,
            "eps_avg_yearly": 2.52,
            "eps_latest_yearly": 3.16,
            "eps_growth_yearly": 110.55
        },
        "20133": {
            "year_quarter": 20133,
            "year": 2013,
            "quarter": 3,
            "eps": 0.54,
            "eps_growth_year": 11.25,
            "eps_4q": 4.57,
            "eps_4q_growth_year": 140.3,
            "roe": 2.88,
            "roe_4q": 26.09,
            "gross_profit": 1505742,
            "gross_margin": 34.24,
            "gross_margin_4q_avg": 32.53,
            "net_income": 353741,
            "net_income_4q": null,
            "revenue": 4398106,
            "revenue_4q": null,
            "common_shares": 7009670,
            "book_valuer_per_share": 18.78,
            "book_valuer_per_share_4q_avg": 18.33,
            "equity": 12321181,
            "current_ratio": 52.42,
            "debt_ratio": 75.31,
            "inventory_turnover_ratio": 3.19,
            "account_receivable_turnover_ratio": 2.82,
            "reinvestment_rate": -159.25,
            "research_to_sale_ratio": 2.66,
            "price_fair": 85.58,
            "eps_avg_yearly": 2.45,
            "eps_latest_yearly": 2.16,
            "eps_growth_yearly": 85.97
        },
        "20134": {
            "year_quarter": 20134,
            "year": 2013,
            "quarter": 4,
            "eps": 0.66,
            "eps_growth_year": -6.35,
            "eps_4q": 4.53,
            "eps_4q_growth_year": 126.74,
            "roe": 3.41,
            "roe_4q": 24.59,
            "gross_profit": 1534751,
            "gross_margin": 31.45,
            "gross_margin_4q_avg": 32.67,
            "net_income": 433561,
            "net_income_4q": null,
            "revenue": 4879328,
            "revenue_4q": null,
            "common_shares": 6891630,
            "book_valuer_per_share": 19.98,
            "book_valuer_per_share_4q_avg": 19.27,
            "equity": 13108753,
            "current_ratio": 63.69,
            "debt_ratio": 74.95,
            "inventory_turnover_ratio": 2.77,
            "account_receivable_turnover_ratio": 2.85,
            "reinvestment_rate": -189.5,
            "research_to_sale_ratio": 2.98,
            "price_fair": 89.51,
            "eps_avg_yearly": 2.56,
            "eps_latest_yearly": 2.64,
            "eps_growth_yearly": 110.35
        },
        "20141": {
            "year_quarter": 20141,
            "year": 2014,
            "quarter": 1,
            "eps": 0.51,
            "eps_growth_year": -79.92,
            "eps_4q": 2.5,
            "eps_4q_growth_year": -39.77,
            "roe": 1.09,
            "roe_4q": 11.5,
            "gross_profit": 1689959,
            "gross_margin": 33.64,
            "gross_margin_4q_avg": 33.19,
            "net_income": 337629,
            "net_income_4q": null,
            "revenue": 5023411,
            "revenue_4q": null,
            "common_shares": 6891630,
            "book_valuer_per_share": 74.05,
            "book_valuer_per_share_4q_avg": 32.88,
            "equity": 48586344,
            "current_ratio": 54.07,
            "debt_ratio": 52.03,
            "inventory_turnover_ratio": 2.36,
            "account_receivable_turnover_ratio": 2.54,
            "reinvestment_rate": -181.55,
            "research_to_sale_ratio": 2.36,
            "price_fair": 90.21,
            "eps_avg_yearly": 2.58,
            "eps_latest_yearly": 2.04,
            "eps_growth_yearly": 78.48
        },
        "20142": {
            "year_quarter": 20142,
            "year": 2014,
            "quarter": 2,
            "eps": 1.09,
            "eps_growth_year": 37.97,
            "eps_4q": 2.8,
            "eps_4q_growth_year": -37.35,
            "roe": 1.51,
            "roe_4q": 8.89,
            "gross_profit": 1713745,
            "gross_margin": 34.11,
            "gross_margin_4q_avg": 33.36,
            "net_income": 713997,
            "net_income_4q": null,
            "revenue": 5023718,
            "revenue_4q": null,
            "common_shares": 6831630,
            "book_valuer_per_share": 70.26,
            "book_valuer_per_share_4q_avg": 45.77,
            "equity": 46099654,
            "current_ratio": 55.33,
            "debt_ratio": 55.09,
            "inventory_turnover_ratio": 2.58,
            "account_receivable_turnover_ratio": 2.43,
            "reinvestment_rate": -184.33,
            "research_to_sale_ratio": 1.58,
            "price_fair": 97.91,
            "eps_avg_yearly": 2.8,
            "eps_latest_yearly": 4.36,
            "eps_growth_yearly": 119.7
        },
        "20143": {
            "year_quarter": 20143,
            "year": 2014,
            "quarter": 3,
            "eps": 0.76,
            "eps_growth_year": 40.74,
            "eps_4q": 3.03,
            "eps_4q_growth_year": -33.86,
            "roe": 1.06,
            "roe_4q": 7.07,
            "gross_profit": 1549374,
            "gross_margin": 38.64,
            "gross_margin_4q_avg": 34.46,
            "net_income": 499626,
            "net_income_4q": null,
            "revenue": 4009843,
            "revenue_4q": null,
            "common_shares": 6831630,
            "book_valuer_per_share": 72.75,
            "book_valuer_per_share_4q_avg": 59.26,
            "equity": 47730910,
            "current_ratio": 52.47,
            "debt_ratio": 54.79,
            "inventory_turnover_ratio": 1.95,
            "account_receivable_turnover_ratio": 2.31,
            "reinvestment_rate": -174.91,
            "research_to_sale_ratio": 3.68,
            "price_fair": 102.03,
            "eps_avg_yearly": 2.92,
            "eps_latest_yearly": 3.04,
            "eps_growth_yearly": 102.61
        },
        "20144": {
            "year_quarter": 20144,
            "year": 2014,
            "quarter": 4,
            "eps": 1.19,
            "eps_growth_year": 80.17,
            "eps_4q": 3.55,
            "eps_4q_growth_year": -21.51,
            "roe": 1.58,
            "roe_4q": 5.24,
            "gross_profit": 1824734,
            "gross_margin": 36.52,
            "gross_margin_4q_avg": 35.73,
            "net_income": 781061,
            "net_income_4q": null,
            "revenue": 4997144,
            "revenue_4q": null,
            "common_shares": 6831630,
            "book_valuer_per_share": 77.54,
            "book_valuer_per_share_4q_avg": 73.65,
            "equity": 50885248,
            "current_ratio": 61.98,
            "debt_ratio": 55.85,
            "inventory_turnover_ratio": 1.52,
            "account_receivable_turnover_ratio": 2.69,
            "reinvestment_rate": -140.48,
            "research_to_sale_ratio": 3.14,
            "price_fair": 107.89,
            "eps_avg_yearly": 3.08,
            "eps_latest_yearly": 4.76,
            "eps_growth_yearly": 96.92
        },
        "20151": {
            "year_quarter": 20151,
            "year": 2015,
            "quarter": 1,
            "eps": 0.8,
            "eps_growth_year": 56.86,
            "eps_4q": 3.84,
            "eps_4q_growth_year": 53.34,
            "roe": 1.03,
            "roe_4q": 5.180000000000001,
            "gross_profit": 1673531,
            "gross_margin": 34.19,
            "gross_margin_4q_avg": 35.87,
            "net_income": 523895,
            "net_income_4q": null,
            "revenue": 4894312,
            "revenue_4q": null,
            "common_shares": 6831630,
            "book_valuer_per_share": 76.93,
            "book_valuer_per_share_4q_avg": 74.37,
            "equity": 50487248,
            "current_ratio": 60.51,
            "debt_ratio": 56.25,
            "inventory_turnover_ratio": 1.11,
            "account_receivable_turnover_ratio": 2.4,
            "reinvestment_rate": -171.43,
            "research_to_sale_ratio": 2.35,
            "price_fair": 111.91,
            "eps_avg_yearly": 3.2,
            "eps_latest_yearly": 3.2,
            "eps_growth_yearly": 97.38
        },
        "20152": {
            "year_quarter": 20152,
            "year": 2015,
            "quarter": 2,
            "eps": 0.42,
            "eps_growth_year": -61.47,
            "eps_4q": 3.17,
            "eps_4q_growth_year": 13,
            "roe": 0.55,
            "roe_4q": 4.220000000000001,
            "gross_profit": 1523305,
            "gross_margin": 37.31,
            "gross_margin_4q_avg": 36.67,
            "net_income": 273639,
            "net_income_4q": null,
            "revenue": 4083269,
            "revenue_4q": null,
            "common_shares": 6831630,
            "book_valuer_per_share": 74.07,
            "book_valuer_per_share_4q_avg": 75.32,
            "equity": 48610967,
            "current_ratio": 64.98,
            "debt_ratio": 57.68,
            "inventory_turnover_ratio": 0.84,
            "account_receivable_turnover_ratio": 2.31,
            "reinvestment_rate": -171.64,
            "research_to_sale_ratio": 3.03,
            "price_fair": 109.29,
            "eps_avg_yearly": 3.12,
            "eps_latest_yearly": 1.68,
            "eps_growth_yearly": 57.57
        },
        "20153": {
            "year_quarter": 20153,
            "year": 2015,
            "quarter": 3,
            "eps": 0.06,
            "eps_growth_year": -92.11,
            "eps_4q": 2.48,
            "eps_4q_growth_year": -17.96,
            "roe": 0.09,
            "roe_4q": 3.25,
            "gross_profit": 1685635,
            "gross_margin": 34.74,
            "gross_margin_4q_avg": 35.69,
            "net_income": 42566,
            "net_income_4q": null,
            "revenue": 4851913,
            "revenue_4q": null,
            "common_shares": 6831630,
            "book_valuer_per_share": 76.51,
            "book_valuer_per_share_4q_avg": 76.26,
            "equity": 49951879,
            "current_ratio": 89.2,
            "debt_ratio": 60.37,
            "inventory_turnover_ratio": 0.88,
            "account_receivable_turnover_ratio": 2.41,
            "reinvestment_rate": -223.32,
            "research_to_sale_ratio": 2.12,
            "price_fair": 104.83,
            "eps_avg_yearly": 3,
            "eps_latest_yearly": 0.24,
            "eps_growth_yearly": 41.35
        },
        "20154": {
            "year_quarter": 20154,
            "year": 2015,
            "quarter": 4,
            "eps": 0.29,
            "eps_growth_year": -75.33,
            "eps_4q": 1.59,
            "eps_4q_growth_year": -55.39,
            "roe": 0.39,
            "roe_4q": 2.06,
            "gross_profit": 1823946,
            "gross_margin": 32.78,
            "gross_margin_4q_avg": 34.76,
            "net_income": 191264,
            "net_income_4q": null,
            "revenue": 5563819,
            "revenue_4q": null,
            "common_shares": 6831630,
            "book_valuer_per_share": 74.76,
            "book_valuer_per_share_4q_avg": 75.57,
            "equity": 48544723,
            "current_ratio": 93.4,
            "debt_ratio": 60.36,
            "inventory_turnover_ratio": 0.9,
            "account_receivable_turnover_ratio": 2.21,
            "reinvestment_rate": -225.15,
            "research_to_sale_ratio": 2.59,
            "price_fair": 103.16,
            "eps_avg_yearly": 2.95,
            "eps_latest_yearly": 1.16,
            "eps_growth_yearly": 141.13
        },
        "20161": {
            "year_quarter": 20161,
            "year": 2016,
            "quarter": 1,
            "eps": 0.11,
            "eps_growth_year": -86.25,
            "eps_4q": 0.9,
            "eps_4q_growth_year": -76.68,
            "roe": 0.15,
            "roe_4q": 1.1800000000000002,
            "gross_profit": 1595802,
            "gross_margin": 33.47,
            "gross_margin_4q_avg": 34.58,
            "net_income": 69870,
            "net_income_4q": null,
            "revenue": 4767951,
            "revenue_4q": null,
            "common_shares": 6831630,
            "book_valuer_per_share": 74.04,
            "book_valuer_per_share_4q_avg": 74.85,
            "equity": 47603553,
            "current_ratio": 98.08,
            "debt_ratio": 60.83,
            "inventory_turnover_ratio": 0.56,
            "account_receivable_turnover_ratio": 1.92,
            "reinvestment_rate": -185.28,
            "research_to_sale_ratio": 1.96,
            "price_fair": 100.45,
            "eps_avg_yearly": 2.87,
            "eps_latest_yearly": 0.44,
            "eps_growth_yearly": 128.74
        },
        "20162": {
            "year_quarter": 20162,
            "year": 2016,
            "quarter": 2,
            "eps": 0.39,
            "eps_growth_year": -7.14,
            "eps_4q": 0.86,
            "eps_4q_growth_year": -72.79,
            "roe": 0.54,
            "roe_4q": 1.1700000000000002,
            "gross_profit": 1378773,
            "gross_margin": 31.9,
            "gross_margin_4q_avg": 33.22,
            "net_income": 252164,
            "net_income_4q": null,
            "revenue": 4322029,
            "revenue_4q": null,
            "common_shares": 6831630,
            "book_valuer_per_share": 71.18,
            "book_valuer_per_share_4q_avg": 74.12,
            "equity": 45763053,
            "current_ratio": 94.4,
            "debt_ratio": 61.61,
            "inventory_turnover_ratio": 0.45,
            "account_receivable_turnover_ratio": 1.89,
            "reinvestment_rate": -198.52,
            "research_to_sale_ratio": 2.57,
            "price_fair": 99.31,
            "eps_avg_yearly": 2.84,
            "eps_latest_yearly": 1.56,
            "eps_growth_yearly": 186.42
        },
        "20163": {
            "year_quarter": 20163,
            "year": 2016,
            "quarter": 3,
            "eps": 0.05,
            "eps_growth_year": -16.67,
            "eps_4q": 0.85,
            "eps_4q_growth_year": -65.72,
            "roe": 0.08,
            "roe_4q": 1.1600000000000001,
            "gross_profit": 1409459,
            "gross_margin": 28.74,
            "gross_margin_4q_avg": 31.72,
            "net_income": 34690,
            "net_income_4q": null,
            "revenue": 4904984,
            "revenue_4q": null,
            "common_shares": 6831630,
            "book_valuer_per_share": 68.35,
            "book_valuer_per_share_4q_avg": 72.08,
            "equity": 43944279,
            "current_ratio": 102.51,
            "debt_ratio": 62,
            "inventory_turnover_ratio": 0.55,
            "account_receivable_turnover_ratio": 1.96,
            "reinvestment_rate": -206.26,
            "research_to_sale_ratio": 2.18,
            "price_fair": 95.46,
            "eps_avg_yearly": 2.73,
            "eps_latest_yearly": 0.2,
            "eps_growth_yearly": 166.07
        },
        "20164": {
            "year_quarter": 20164,
            "year": 2016,
            "quarter": 4,
            "eps": 0.37,
            "eps_growth_year": 26.45,
            "eps_4q": 0.93,
            "eps_4q_growth_year": -41.64,
            "roe": 0.55,
            "roe_4q": 1.3199999999999998,
            "gross_profit": 1691973,
            "gross_margin": 29.55,
            "gross_margin_4q_avg": 30.92,
            "net_income": 238974,
            "net_income_4q": null,
            "revenue": 5725122,
            "revenue_4q": null,
            "common_shares": 6831630,
            "book_valuer_per_share": 67.36,
            "book_valuer_per_share_4q_avg": 70.23,
            "equity": 43304846,
            "current_ratio": 103.9,
            "debt_ratio": 61.65,
            "inventory_turnover_ratio": 0.49,
            "account_receivable_turnover_ratio": 2.38,
            "reinvestment_rate": -225.16,
            "research_to_sale_ratio": 2.12,
            "price_fair": 92.49,
            "eps_avg_yearly": 2.64,
            "eps_latest_yearly": 1.48,
            "eps_growth_yearly": 314.84
        },
        "20171": {
            "year_quarter": 20171,
            "year": 2017,
            "quarter": 1,
            "eps": 0.06,
            "eps_growth_year": -45.45,
            "eps_4q": 0.88,
            "eps_4q_growth_year": -2.21,
            "roe": 0.09,
            "roe_4q": 1.26,
            "gross_profit": 1386276,
            "gross_margin": 28.65,
            "gross_margin_4q_avg": 29.71,
            "net_income": 38898,
            "net_income_4q": null,
            "revenue": 4839360,
            "revenue_4q": null,
            "common_shares": 6831630,
            "book_valuer_per_share": 63.01,
            "book_valuer_per_share_4q_avg": 67.48,
            "equity": 40514177,
            "current_ratio": 103.86,
            "debt_ratio": 62.43,
            "inventory_turnover_ratio": 0.36,
            "account_receivable_turnover_ratio": 2.35,
            "reinvestment_rate": 140.13,
            "research_to_sale_ratio": 2.44,
            "price_fair": 70.79,
            "eps_avg_yearly": 2.02,
            "eps_latest_yearly": 0.24,
            "eps_growth_yearly": 229.46
        },
        "20172": {
            "year_quarter": 20172,
            "year": 2017,
            "quarter": 2,
            "eps": 0.46,
            "eps_growth_year": 17.95,
            "eps_4q": 0.94,
            "eps_4q_growth_year": 8.97,
            "roe": 0.72,
            "roe_4q": 1.44,
            "gross_profit": 1149721,
            "gross_margin": 32.23,
            "gross_margin_4q_avg": 29.79,
            "net_income": 293227,
            "net_income_4q": null,
            "revenue": 3566833,
            "revenue_4q": null,
            "common_shares": 6831630,
            "book_valuer_per_share": 64.35,
            "book_valuer_per_share_4q_avg": 65.77,
            "equity": 41372784,
            "current_ratio": 97.58,
            "debt_ratio": 62.77,
            "inventory_turnover_ratio": 0.27,
            "account_receivable_turnover_ratio": 1.71,
            "reinvestment_rate": 164.6,
            "research_to_sale_ratio": 3.23,
            "price_fair": 67.9,
            "eps_avg_yearly": 1.94,
            "eps_latest_yearly": 1.84,
            "eps_growth_yearly": 413.35
        },
        "20173": {
            "year_quarter": 20173,
            "year": 2017,
            "quarter": 3,
            "eps": 0.27,
            "eps_growth_year": 440,
            "eps_4q": 1.14,
            "eps_4q_growth_year": 33.87,
            "roe": 0.42,
            "roe_4q": 1.78,
            "gross_profit": 1044942,
            "gross_margin": 15.2,
            "gross_margin_4q_avg": 26.41,
            "net_income": 174384,
            "net_income_4q": null,
            "revenue": 6875043,
            "revenue_4q": null,
            "common_shares": 6831630,
            "book_valuer_per_share": 65.03,
            "book_valuer_per_share_4q_avg": 64.94,
            "equity": 42459246,
            "current_ratio": 97.56,
            "debt_ratio": 62.37,
            "inventory_turnover_ratio": 0.68,
            "account_receivable_turnover_ratio": 2.93,
            "reinvestment_rate": 171.62,
            "research_to_sale_ratio": 2.13,
            "price_fair": 65.54,
            "eps_avg_yearly": 1.87,
            "eps_latest_yearly": 1.08,
            "eps_growth_yearly": 410.94
        },
        "20174": {
            "year_quarter": 20174,
            "year": 2017,
            "quarter": 4,
            "eps": 0.33,
            "eps_growth_year": -10.69,
            "eps_4q": 1.12,
            "eps_4q_growth_year": 20.67,
            "roe": 0.51,
            "roe_4q": 1.74,
            "gross_profit": 1197657,
            "gross_margin": 21.4,
            "gross_margin_4q_avg": 24.37,
            "net_income": 214149,
            "net_income_4q": null,
            "revenue": 5595744,
            "revenue_4q": null,
            "common_shares": 6831630,
            "book_valuer_per_share": 65.79,
            "book_valuer_per_share_4q_avg": 64.55,
            "equity": 42300035,
            "current_ratio": 104.23,
            "debt_ratio": 62.39,
            "inventory_turnover_ratio": 0.57,
            "account_receivable_turnover_ratio": 2.46,
            "reinvestment_rate": 184.28,
            "research_to_sale_ratio": 2.52,
            "price_fair": 62.65,
            "eps_avg_yearly": 1.79,
            "eps_latest_yearly": 1.32,
            "eps_growth_yearly": 410.94
        },
        "20181": {
            "year_quarter": 20181,
            "year": 2018,
            "quarter": 1,
            "eps": 1.52,
            "eps_growth_year": 2433.33,
            "eps_4q": 2.61,
            "eps_4q_growth_year": 198.71,
            "roe": 2.26,
            "roe_4q": 3.9099999999999993,
            "gross_profit": 1234182,
            "gross_margin": 24.76,
            "gross_margin_4q_avg": 23.4,
            "net_income": 975538,
            "net_income_4q": null,
            "revenue": 4985009,
            "revenue_4q": null,
            "common_shares": 6831630,
            "book_valuer_per_share": 69.36,
            "book_valuer_per_share_4q_avg": 66.13,
            "equity": 43931118,
            "current_ratio": 107.24,
            "debt_ratio": 59.96,
            "inventory_turnover_ratio": 0.49,
            "account_receivable_turnover_ratio": 2.59,
            "reinvestment_rate": 167.34,
            "research_to_sale_ratio": 2.67,
            "price_fair": 71.49,
            "eps_avg_yearly": 2.04,
            "eps_latest_yearly": 6.08,
            "eps_growth_yearly": 506.77
        },
        "20182": {
            "year_quarter": 20182,
            "year": 2018,
            "quarter": 2,
            "eps": 0.39,
            "eps_growth_year": -15.22,
            "eps_4q": 2.58,
            "eps_4q_growth_year": 175.12,
            "roe": 0.57,
            "roe_4q": 3.76,
            "gross_profit": 1408633,
            "gross_margin": 24.41,
            "gross_margin_4q_avg": 21.44,
            "net_income": 246595,
            "net_income_4q": null,
            "revenue": 5771735,
            "revenue_4q": null,
            "common_shares": 6831630,
            "book_valuer_per_share": 69.56,
            "book_valuer_per_share_4q_avg": 67.44,
            "equity": 43335403,
            "current_ratio": 94.11,
            "debt_ratio": 60.6,
            "inventory_turnover_ratio": 0.56,
            "account_receivable_turnover_ratio": 2.71,
            "reinvestment_rate": 184.01,
            "research_to_sale_ratio": 1.67,
            "price_fair": 65.36,
            "eps_avg_yearly": 1.87,
            "eps_latest_yearly": 1.56,
            "eps_growth_yearly": 459.75
        },
        "20183": {
            "year_quarter": 20183,
            "year": 2018,
            "quarter": 3,
            "eps": 0.32,
            "eps_growth_year": 18.52,
            "eps_4q": 2.63,
            "eps_4q_growth_year": 130.73,
            "roe": 0.48,
            "roe_4q": 3.8199999999999994,
            "gross_profit": 1443026,
            "gross_margin": 29.02,
            "gross_margin_4q_avg": 24.9,
            "net_income": 201816,
            "net_income_4q": null,
            "revenue": 4971789,
            "revenue_4q": null,
            "common_shares": 6797630,
            "book_valuer_per_share": 66.51,
            "book_valuer_per_share_4q_avg": 67.81,
            "equity": 41434731,
            "current_ratio": 88.31,
            "debt_ratio": 61.04,
            "inventory_turnover_ratio": 0.47,
            "account_receivable_turnover_ratio": 2.31,
            "reinvestment_rate": 190.69,
            "research_to_sale_ratio": 3.33,
            "price_fair": 61.51,
            "eps_avg_yearly": 1.76,
            "eps_latest_yearly": 1.28,
            "eps_growth_yearly": 462.83
        },
        "20184": {
            "year_quarter": 20184,
            "year": 2018,
            "quarter": 4,
            "eps": 0.05,
            "eps_growth_year": -84.43,
            "eps_4q": 2.36,
            "eps_4q_growth_year": 111,
            "roe": 0.08,
            "roe_4q": 3.3899999999999997,
            "gross_profit": 1194522,
            "gross_margin": 29.37,
            "gross_margin_4q_avg": 26.89,
            "net_income": 32410,
            "net_income_4q": null,
            "revenue": 4067539,
            "revenue_4q": null,
            "common_shares": 6797630,
            "book_valuer_per_share": 67.77,
            "book_valuer_per_share_4q_avg": 68.3,
            "equity": 41857130,
            "current_ratio": 134.24,
            "debt_ratio": 62.78,
            "inventory_turnover_ratio": 0.38,
            "account_receivable_turnover_ratio": 2.25,
            "reinvestment_rate": 239.31,
            "research_to_sale_ratio": 3.27,
            "price_fair": 51.54,
            "eps_avg_yearly": 1.47,
            "eps_latest_yearly": 0.2,
            "eps_growth_yearly": 427.6
        },
        "20191": {
            "year_quarter": 20191,
            "year": 2019,
            "quarter": 1,
            "eps": 0.82,
            "eps_growth_year": -46.05,
            "eps_4q": 1.6,
            "eps_4q_growth_year": -38.98,
            "roe": 1.18,
            "roe_4q": 2.31,
            "gross_profit": 1265294,
            "gross_margin": 22.42,
            "gross_margin_4q_avg": 26.31,
            "net_income": 502248,
            "net_income_4q": null,
            "revenue": 5644157,
            "revenue_4q": null,
            "common_shares": 6697630,
            "book_valuer_per_share": 70.84,
            "book_valuer_per_share_4q_avg": 68.67,
            "equity": 43599520,
            "current_ratio": 103.38,
            "debt_ratio": 60.79,
            "inventory_turnover_ratio": 0.63,
            "account_receivable_turnover_ratio": 2.93,
            "reinvestment_rate": 273.56,
            "research_to_sale_ratio": 2.27,
            "price_fair": 51.71,
            "eps_avg_yearly": 1.48,
            "eps_latest_yearly": 3.28,
            "eps_growth_yearly": 820.79
        },
        "20192": {
            "year_quarter": 20192,
            "year": 2019,
            "quarter": 2,
            "eps": 0.44,
            "eps_growth_year": 12.82,
            "eps_4q": 1.63,
            "eps_4q_growth_year": -36.72,
            "roe": 0.63,
            "roe_4q": 2.37,
            "gross_profit": 1241825,
            "gross_margin": 24.72,
            "gross_margin_4q_avg": 26.38,
            "net_income": 270687,
            "net_income_4q": null,
            "revenue": 5022696,
            "revenue_4q": null,
            "common_shares": 6697630,
            "book_valuer_per_share": 68.86,
            "book_valuer_per_share_4q_avg": 68.5,
            "equity": 42380658,
            "current_ratio": 124.6,
            "debt_ratio": 61.11,
            "inventory_turnover_ratio": 0.66,
            "account_receivable_turnover_ratio": 2.23,
            "reinvestment_rate": 134.25,
            "research_to_sale_ratio": 2.88,
            "price_fair": 51.89,
            "eps_avg_yearly": 1.48,
            "eps_latest_yearly": 1.76,
            "eps_growth_yearly": 821.08
        },
        "20193": {
            "year_quarter": 20193,
            "year": 2019,
            "quarter": 3,
            "eps": 0.75,
            "eps_growth_year": 134.38,
            "eps_4q": 2.08,
            "eps_4q_growth_year": -20.91,
            "roe": 1.1,
            "roe_4q": 2.99,
            "gross_profit": 1380977,
            "gross_margin": 23.26,
            "gross_margin_4q_avg": 24.94,
            "net_income": 457974,
            "net_income_4q": null,
            "revenue": 5936345,
            "revenue_4q": null,
            "common_shares": 6697630,
            "book_valuer_per_share": 67.49,
            "book_valuer_per_share_4q_avg": 68.74,
            "equity": 40848725,
            "current_ratio": 103.29,
            "debt_ratio": 60.75,
            "inventory_turnover_ratio": 0.88,
            "account_receivable_turnover_ratio": 2.52,
            "reinvestment_rate": 117.78,
            "research_to_sale_ratio": 2.42,
            "price_fair": 57.93,
            "eps_avg_yearly": 1.66,
            "eps_latest_yearly": 3,
            "eps_growth_yearly": 860.12
        },
        "20194": {
            "year_quarter": 20194,
            "year": 2019,
            "quarter": 4,
            "eps": -0.26,
            "eps_growth_year": -603.18,
            "eps_4q": 1.77,
            "eps_4q_growth_year": -25.07,
            "roe": -0.39,
            "roe_4q": 2.52,
            "gross_profit": 1162829,
            "gross_margin": 21.95,
            "gross_margin_4q_avg": 23.09,
            "net_income": -157045,
            "net_income_4q": null,
            "revenue": 5297464,
            "revenue_4q": null,
            "common_shares": 6697630,
            "book_valuer_per_share": 65.75,
            "book_valuer_per_share_4q_avg": 68.24,
            "equity": 39795261,
            "current_ratio": 102.9,
            "debt_ratio": 60.36,
            "inventory_turnover_ratio": 0.9,
            "account_receivable_turnover_ratio": 2.4,
            "reinvestment_rate": 125.57,
            "research_to_sale_ratio": 2.73,
            "price_fair": 59.08,
            "eps_avg_yearly": 1.69,
            "eps_latest_yearly": 3,
            "eps_growth_yearly": 815.24
        },
        "20201": {
            "year_quarter": 20201,
            "year": 2020,
            "quarter": 1,
            "eps": -0.32,
            "eps_growth_year": -139.02,
            "eps_4q": 0.62,
            "eps_4q_growth_year": -61.02,
            "roe": -0.49,
            "roe_4q": 0.8500000000000001,
            "gross_profit": 948254,
            "gross_margin": 27.66,
            "gross_margin_4q_avg": 24.4,
            "net_income": -192813,
            "net_income_4q": null,
            "revenue": 3428351,
            "revenue_4q": null,
            "common_shares": 6697630,
            "book_valuer_per_share": 64.68,
            "book_valuer_per_share_4q_avg": 66.7,
            "equity": 38881367,
            "current_ratio": 100.55,
            "debt_ratio": 60.69,
            "inventory_turnover_ratio": 0.58,
            "account_receivable_turnover_ratio": 1.72,
            "reinvestment_rate": 32.99,
            "research_to_sale_ratio": 3.76,
            "price_fair": 62.2,
            "eps_avg_yearly": 1.78,
            "eps_latest_yearly": 3,
            "eps_growth_yearly": 891.21
        },
        "20202": {
            "year_quarter": 20202,
            "year": 2020,
            "quarter": 2,
            "eps": 0.5,
            "eps_growth_year": 13.64,
            "eps_4q": 0.68,
            "eps_4q_growth_year": -58.63,
            "roe": 0.78,
            "roe_4q": 1,
            "gross_profit": 1252097,
            "gross_margin": 22.49,
            "gross_margin_4q_avg": 23.84,
            "net_income": 299190,
            "net_income_4q": null,
            "revenue": 5567166,
            "revenue_4q": null,
            "common_shares": 6697630,
            "book_valuer_per_share": 63.2,
            "book_valuer_per_share_4q_avg": 65.28,
            "equity": 37617479,
            "current_ratio": 103.85,
            "debt_ratio": 61.54,
            "inventory_turnover_ratio": 0.96,
            "account_receivable_turnover_ratio": 2.35,
            "reinvestment_rate": 26.86,
            "research_to_sale_ratio": 2.27,
            "price_fair": 62.78,
            "eps_avg_yearly": 1.79,
            "eps_latest_yearly": 3,
            "eps_growth_yearly": 881.44
        },
        "20203": {
            "year_quarter": 20203,
            "year": 2020,
            "quarter": 3,
            "eps": 0.36,
            "eps_growth_year": -52,
            "eps_4q": 0.27,
            "eps_4q_growth_year": -87.01,
            "roe": 0.55,
            "roe_4q": 0.45000000000000007,
            "gross_profit": 1160070,
            "gross_margin": 20.08,
            "gross_margin_4q_avg": 23.05,
            "net_income": 211529,
            "net_income_4q": null,
            "revenue": 5777221,
            "revenue_4q": null,
            "common_shares": 6697630,
            "book_valuer_per_share": 65.35,
            "book_valuer_per_share_4q_avg": 64.75,
            "equity": 38899204,
            "current_ratio": 87.85,
            "debt_ratio": 60.57,
            "inventory_turnover_ratio": 1.09,
            "account_receivable_turnover_ratio": 2.06,
            "reinvestment_rate": 30.87,
            "research_to_sale_ratio": 2.54,
            "price_fair": 66.12,
            "eps_avg_yearly": 1.89,
            "eps_latest_yearly": 1.44,
            "eps_growth_yearly": 899.65
        },
        "20204": {
            "year_quarter": 20204,
            "year": 2020,
            "quarter": 4,
            "eps": 0.59,
            "eps_growth_year": null,
            "eps_4q": 1.12,
            "eps_4q_growth_year": -36.54,
            "roe": 0.89,
            "roe_4q": 1.7299999999999998,
            "gross_profit": 995698,
            "gross_margin": 18.22,
            "gross_margin_4q_avg": 22.11,
            "net_income": 349038,
            "net_income_4q": null,
            "revenue": 5466208,
            "revenue_4q": null,
            "common_shares": 6697630,
            "book_valuer_per_share": 67,
            "book_valuer_per_share_4q_avg": 65.06,
            "equity": 39879138,
            "current_ratio": 85.65,
            "debt_ratio": 57.7,
            "inventory_turnover_ratio": 1.18,
            "account_receivable_turnover_ratio": 2.15,
            "reinvestment_rate": -13.92,
            "research_to_sale_ratio": 2.66,
            "price_fair": 68.49,
            "eps_avg_yearly": 1.96,
            "eps_latest_yearly": 2.36,
            "eps_growth_yearly": 722.38
        },
        "20211": {
            "year_quarter": 20211,
            "year": 2021,
            "quarter": 1,
            "eps": 0.54,
            "eps_growth_year": null,
            "eps_4q": 1.98,
            "eps_4q_growth_year": 218.71,
            "roe": 0.8,
            "roe_4q": 3.0200000000000005,
            "gross_profit": 1267821,
            "gross_margin": 22.62,
            "gross_margin_4q_avg": 20.85,
            "net_income": 320044,
            "net_income_4q": null,
            "revenue": 5603929,
            "revenue_4q": null,
            "common_shares": 6697630,
            "book_valuer_per_share": 67.49,
            "book_valuer_per_share_4q_avg": 65.76,
            "equity": 40172293,
            "current_ratio": 86.32,
            "debt_ratio": 57.59,
            "inventory_turnover_ratio": 0.99,
            "account_receivable_turnover_ratio": 2.29,
            "reinvestment_rate": -45.22,
            "research_to_sale_ratio": 2.44,
            "price_fair": 73.66,
            "eps_avg_yearly": 2.1,
            "eps_latest_yearly": 2.16,
            "eps_growth_yearly": 745.55
        },
        "20212": {
            "year_quarter": 20212,
            "year": 2021,
            "quarter": 2,
            "eps": 0.65,
            "eps_growth_year": 30,
            "eps_4q": 2.13,
            "eps_4q_growth_year": 215.22,
            "roe": 0.96,
            "roe_4q": 3.2,
            "gross_profit": 1315106,
            "gross_margin": 20.64,
            "gross_margin_4q_avg": 20.39,
            "net_income": 388467,
            "net_income_4q": null,
            "revenue": 6371272,
            "revenue_4q": null,
            "common_shares": 6497630,
            "book_valuer_per_share": 67.83,
            "book_valuer_per_share_4q_avg": 66.92,
            "equity": 40372780,
            "current_ratio": 81,
            "debt_ratio": 57.73,
            "inventory_turnover_ratio": 0.95,
            "account_receivable_turnover_ratio": 2.21,
            "reinvestment_rate": -66.91,
            "research_to_sale_ratio": 2.14,
            "price_fair": 75.71,
            "eps_avg_yearly": 2.16,
            "eps_latest_yearly": 2.6,
            "eps_growth_yearly": 546.69
        },
        "20213": {
            "year_quarter": 20213,
            "year": 2021,
            "quarter": 3,
            "eps": 0.84,
            "eps_growth_year": 133.33,
            "eps_4q": 2.61,
            "eps_4q_growth_year": 867.9,
            "roe": 1.23,
            "roe_4q": 3.8800000000000003,
            "gross_profit": 1384769,
            "gross_margin": 18.81,
            "gross_margin_4q_avg": 20.07,
            "net_income": 497587,
            "net_income_4q": null,
            "revenue": 7362340,
            "revenue_4q": null,
            "common_shares": 6497630,
            "book_valuer_per_share": 68.08,
            "book_valuer_per_share_4q_avg": 67.6,
            "equity": 40522012,
            "current_ratio": 86.31,
            "debt_ratio": 56.9,
            "inventory_turnover_ratio": 1.04,
            "account_receivable_turnover_ratio": 2.14,
            "reinvestment_rate": -65.22,
            "research_to_sale_ratio": 2.54,
            "price_fair": 81.85,
            "eps_avg_yearly": 2.34,
            "eps_latest_yearly": 3.36,
            "eps_growth_yearly": 568.4
        },
        "20214": {
            "year_quarter": 20214,
            "year": 2021,
            "quarter": 4,
            "eps": 1.01,
            "eps_growth_year": 72,
            "eps_4q": 3.07,
            "eps_4q_growth_year": 173.94,
            "roe": 1.44,
            "roe_4q": 4.43,
            "gross_profit": 1347880,
            "gross_margin": 17.61,
            "gross_margin_4q_avg": 19.92,
            "net_income": 590252,
            "net_income_4q": null,
            "revenue": 7654301,
            "revenue_4q": null,
            "common_shares": 6497630,
            "book_valuer_per_share": 70.59,
            "book_valuer_per_share_4q_avg": 68.5,
            "equity": 41310424,
            "current_ratio": 115.21,
            "debt_ratio": 54.75,
            "inventory_turnover_ratio": 1.19,
            "account_receivable_turnover_ratio": 2.13,
            "reinvestment_rate": -117.37,
            "research_to_sale_ratio": 2.25,
            "price_fair": 89.17,
            "eps_avg_yearly": 2.55,
            "eps_latest_yearly": 4.04,
            "eps_growth_yearly": 567.79
        },
        "20221": {
            "year_quarter": 20221,
            "year": 2022,
            "quarter": 1,
            "eps": 1.01,
            "eps_growth_year": 87.04,
            "eps_4q": 3.54,
            "eps_4q_growth_year": 78.43,
            "roe": 1.42,
            "roe_4q": 5.05,
            "gross_profit": 1348368,
            "gross_margin": 21.06,
            "gross_margin_4q_avg": 19.53,
            "net_income": 593463,
            "net_income_4q": null,
            "revenue": 6404009,
            "revenue_4q": null,
            "common_shares": 6422630,
            "book_valuer_per_share": 72.71,
            "book_valuer_per_share_4q_avg": 69.8,
            "equity": 42553891,
            "current_ratio": 102.29,
            "debt_ratio": 55.16,
            "inventory_turnover_ratio": 1.02,
            "account_receivable_turnover_ratio": 1.79,
            "reinvestment_rate": -130.4,
            "research_to_sale_ratio": 2.41,
            "price_fair": 83.68,
            "eps_avg_yearly": 2.39,
            "eps_latest_yearly": 4.04,
            "eps_growth_yearly": 456.83
        },
        "20222": {
            "year_quarter": 20222,
            "year": 2022,
            "quarter": 2,
            "eps": 0.06,
            "eps_growth_year": -90.77,
            "eps_4q": 2.93,
            "eps_4q_growth_year": 37.24,
            "roe": 0.07,
            "roe_4q": 4.16,
            "gross_profit": 1241043,
            "gross_margin": 25.8,
            "gross_margin_4q_avg": 20.82,
            "net_income": 31174,
            "net_income_4q": null,
            "revenue": 4810613,
            "revenue_4q": null,
            "common_shares": 6422630,
            "book_valuer_per_share": 71.31,
            "book_valuer_per_share_4q_avg": 70.67,
            "equity": 41732721,
            "current_ratio": 95.69,
            "debt_ratio": 55.07,
            "inventory_turnover_ratio": 0.73,
            "account_receivable_turnover_ratio": 1.26,
            "reinvestment_rate": -148.09,
            "research_to_sale_ratio": 3.17,
            "price_fair": 80.12,
            "eps_avg_yearly": 2.29,
            "eps_latest_yearly": 0.24,
            "eps_growth_yearly": 450.76
        },
        "20223": {
            "year_quarter": 20223,
            "year": 2022,
            "quarter": 3,
            "eps": 0.1,
            "eps_growth_year": -88.1,
            "eps_4q": 2.17,
            "eps_4q_growth_year": -16.77,
            "roe": 0.14,
            "roe_4q": 3.07,
            "gross_profit": 1221420,
            "gross_margin": 21.21,
            "gross_margin_4q_avg": 21.42,
            "net_income": 57741,
            "net_income_4q": null,
            "revenue": 5758297,
            "revenue_4q": null,
            "common_shares": 6322630,
            "book_valuer_per_share": 72.38,
            "book_valuer_per_share_4q_avg": 71.75,
            "equity": 42360344,
            "current_ratio": 119.56,
            "debt_ratio": 55.69,
            "inventory_turnover_ratio": 1.11,
            "account_receivable_turnover_ratio": 1.63,
            "reinvestment_rate": -145.97,
            "research_to_sale_ratio": 3.07,
            "price_fair": 77.75,
            "eps_avg_yearly": 2.22,
            "eps_latest_yearly": 0.4,
            "eps_growth_yearly": 476.8
        },
        "20224": {
            "year_quarter": 20224,
            "year": 2022,
            "quarter": 4,
            "eps": 0.24,
            "eps_growth_year": -75.92,
            "eps_4q": 1.41,
            "eps_4q_growth_year": -54.1,
            "roe": 0.34,
            "roe_4q": 1.97,
            "gross_profit": 1128403,
            "gross_margin": 21.6,
            "gross_margin_4q_avg": 22.42,
            "net_income": 142148,
            "net_income_4q": null,
            "revenue": 5223941,
            "revenue_4q": null,
            "common_shares": 6322630,
            "book_valuer_per_share": 71.41,
            "book_valuer_per_share_4q_avg": 71.95,
            "equity": 41790352,
            "current_ratio": 105.82,
            "debt_ratio": 55.62,
            "inventory_turnover_ratio": 1.11,
            "account_receivable_turnover_ratio": 1.84,
            "reinvestment_rate": -128.34,
            "research_to_sale_ratio": 2.81,
            "price_fair": 79.8,
            "eps_avg_yearly": 2.28,
            "eps_latest_yearly": 0.96,
            "eps_growth_yearly": 545.84
        },
        "20231": {
            "year_quarter": 20231,
            "year": 2023,
            "quarter": 1,
            "eps": 0.62,
            "eps_growth_year": -38.61,
            "eps_4q": 1.01,
            "eps_4q_growth_year": -71.38,
            "roe": 0.87,
            "roe_4q": 1.4200000000000002,
            "gross_profit": 1099685,
            "gross_margin": 19.98,
            "gross_margin_4q_avg": 22.15,
            "net_income": 361216,
            "net_income_4q": null,
            "revenue": 5504373,
            "revenue_4q": null,
            "common_shares": 6322630,
            "book_valuer_per_share": 70.89,
            "book_valuer_per_share_4q_avg": 71.5,
            "equity": 41487649,
            "current_ratio": 106.54,
            "debt_ratio": 55.96,
            "inventory_turnover_ratio": 1.15,
            "account_receivable_turnover_ratio": 2.24,
            "reinvestment_rate": -161.66,
            "research_to_sale_ratio": 3.08,
            "price_fair": 77.65,
            "eps_avg_yearly": 2.22,
            "eps_latest_yearly": 2.48,
            "eps_growth_yearly": 120.71
        },
        "20232": {
            "year_quarter": 20232,
            "year": 2023,
            "quarter": 2,
            "eps": 0.42,
            "eps_growth_year": 600,
            "eps_4q": 1.37,
            "eps_4q_growth_year": -53.02,
            "roe": 0.6,
            "roe_4q": 1.9500000000000002,
            "gross_profit": 1204819,
            "gross_margin": 20.44,
            "gross_margin_4q_avg": 20.81,
            "net_income": 243441,
            "net_income_4q": null,
            "revenue": 5893205,
            "revenue_4q": null,
            "common_shares": 6322630,
            "book_valuer_per_share": 68.94,
            "book_valuer_per_share_4q_avg": 70.91,
            "equity": 40344571,
            "current_ratio": 111.42,
            "debt_ratio": 56.56,
            "inventory_turnover_ratio": 1.17,
            "account_receivable_turnover_ratio": 2.22,
            "reinvestment_rate": -56.86,
            "research_to_sale_ratio": 2.71,
            "price_fair": 77.43,
            "eps_avg_yearly": 2.21,
            "eps_latest_yearly": 1.68,
            "eps_growth_yearly": 125.04
        },
        "20233": {
            "year_quarter": 20233,
            "year": 2023,
            "quarter": 3,
            "eps": 0.42,
            "eps_growth_year": 320,
            "eps_4q": 1.7,
            "eps_4q_growth_year": -21.87,
            "roe": 0.6,
            "roe_4q": 2.4099999999999997,
            "gross_profit": 1272927,
            "gross_margin": 20.43,
            "gross_margin_4q_avg": 20.61,
            "net_income": 247505,
            "net_income_4q": null,
            "revenue": 6230999,
            "revenue_4q": null,
            "common_shares": 6322630,
            "book_valuer_per_share": 73.08,
            "book_valuer_per_share_4q_avg": 71.08,
            "equity": 42768712,
            "current_ratio": 97.16,
            "debt_ratio": 55.99,
            "inventory_turnover_ratio": 1.38,
            "account_receivable_turnover_ratio": 2.05,
            "reinvestment_rate": -53.24,
            "research_to_sale_ratio": 2.93,
            "price_fair": 73.88,
            "eps_avg_yearly": 2.11,
            "eps_latest_yearly": 1.68,
            "eps_growth_yearly": 103.36
        },
        "20234": {
            "year_quarter": 20234,
            "year": 2023,
            "quarter": 4,
            "eps": 0.36,
            "eps_growth_year": 46.28,
            "eps_4q": 1.81,
            "eps_4q_growth_year": 28.57,
            "roe": 0.5,
            "roe_4q": 2.5700000000000003,
            "gross_profit": 1308084,
            "gross_margin": 19.38,
            "gross_margin_4q_avg": 20.06,
            "net_income": 207928,
            "net_income_4q": null,
            "revenue": 6751176,
            "revenue_4q": null,
            "common_shares": 6322630,
            "book_valuer_per_share": 70.37,
            "book_valuer_per_share_4q_avg": 70.82,
            "equity": 41183369,
            "current_ratio": 101.88,
            "debt_ratio": 56.39,
            "inventory_turnover_ratio": 1.86,
            "account_receivable_turnover_ratio": 2.2,
            "reinvestment_rate": -67.57,
            "research_to_sale_ratio": 2.84,
            "price_fair": 72.2,
            "eps_avg_yearly": 2.06,
            "eps_latest_yearly": 1.44,
            "eps_growth_yearly": 91.9
        }
    },
    "months": {
        "2001-06": {
            "month": "2001-06",
            "price": "14.30",
            "revenue": 635331
        },
        "2001-07": {
            "month": "2001-07",
            "price": "11.30",
            "revenue": 614013
        },
        "2001-08": {
            "month": "2001-08",
            "price": "11.06",
            "revenue": 594315
        },
        "2001-09": {
            "month": "2001-09",
            "price": "9.58",
            "revenue": 684619
        },
        "2001-10": {
            "month": "2001-10",
            "price": "8.84",
            "revenue": 867362
        },
        "2001-11": {
            "month": "2001-11",
            "price": "11.34",
            "revenue": 944624
        },
        "2001-12": {
            "month": "2001-12",
            "price": "15.14",
            "revenue": 714075
        },
        "2002-01": {
            "month": "2002-01",
            "price": "21.13",
            "revenue": 599456
        },
        "2002-02": {
            "month": "2002-02",
            "price": "20.00",
            "revenue": 605020
        },
        "2002-03": {
            "month": "2002-03",
            "price": "19.56",
            "revenue": 692663
        },
        "2002-04": {
            "month": "2002-04",
            "price": "20.90",
            "revenue": 831928
        },
        "2002-05": {
            "month": "2002-05",
            "price": "16.20",
            "revenue": 797259
        },
        "2002-06": {
            "month": "2002-06",
            "price": "15.67",
            "revenue": 649378
        },
        "2002-07": {
            "month": "2002-07",
            "price": "13.66",
            "revenue": 799031
        },
        "2002-08": {
            "month": "2002-08",
            "price": "13.35",
            "revenue": 786981
        },
        "2002-09": {
            "month": "2002-09",
            "price": "11.52",
            "revenue": 1010169
        },
        "2002-10": {
            "month": "2002-10",
            "price": "10.74",
            "revenue": 939432
        },
        "2002-11": {
            "month": "2002-11",
            "price": "11.25",
            "revenue": 957505
        },
        "2002-12": {
            "month": "2002-12",
            "price": "9.85",
            "revenue": 535042
        },
        "2003-01": {
            "month": "2003-01",
            "price": "10.06",
            "revenue": 747453
        },
        "2003-02": {
            "month": "2003-02",
            "price": "10.21",
            "revenue": 719676
        },
        "2003-03": {
            "month": "2003-03",
            "price": "9.71",
            "revenue": 725290
        },
        "2003-04": {
            "month": "2003-04",
            "price": "9.88",
            "revenue": 766291
        },
        "2003-05": {
            "month": "2003-05",
            "price": "10.61",
            "revenue": 740676
        },
        "2003-06": {
            "month": "2003-06",
            "price": "12.98",
            "revenue": 770030
        },
        "2003-07": {
            "month": "2003-07",
            "price": "14.89",
            "revenue": 823006
        },
        "2003-08": {
            "month": "2003-08",
            "price": "13.57",
            "revenue": 860022
        },
        "2003-09": {
            "month": "2003-09",
            "price": "13.07",
            "revenue": 1021665
        },
        "2003-10": {
            "month": "2003-10",
            "price": "13.17",
            "revenue": 1224807
        },
        "2003-11": {
            "month": "2003-11",
            "price": "13.94",
            "revenue": 1248043
        },
        "2003-12": {
            "month": "2003-12",
            "price": "14.06",
            "revenue": 1083133
        },
        "2004-01": {
            "month": "2004-01",
            "price": "14.61",
            "revenue": 849165
        },
        "2004-02": {
            "month": "2004-02",
            "price": "17.44",
            "revenue": 941315
        },
        "2004-03": {
            "month": "2004-03",
            "price": "17.80",
            "revenue": 1245022
        },
        "2004-04": {
            "month": "2004-04",
            "price": "17.63",
            "revenue": 1037648
        },
        "2004-05": {
            "month": "2004-05",
            "price": "15.32",
            "revenue": 909912
        },
        "2004-06": {
            "month": "2004-06",
            "price": "14.09",
            "revenue": 764693
        },
        "2004-07": {
            "month": "2004-07",
            "price": "12.08",
            "revenue": 799461
        },
        "2004-08": {
            "month": "2004-08",
            "price": "11.88",
            "revenue": 924983
        },
        "2004-09": {
            "month": "2004-09",
            "price": "12.36",
            "revenue": 1053239
        },
        "2004-10": {
            "month": "2004-10",
            "price": "12.50",
            "revenue": 799500
        },
        "2004-11": {
            "month": "2004-11",
            "price": "11.33",
            "revenue": 981908
        },
        "2004-12": {
            "month": "2004-12",
            "price": "10.30",
            "revenue": 992557
        },
        "2005-01": {
            "month": "2005-01",
            "price": "10.56",
            "revenue": 883954
        },
        "2005-02": {
            "month": "2005-02",
            "price": "11.02",
            "revenue": 731251
        },
        "2005-03": {
            "month": "2005-03",
            "price": "11.61",
            "revenue": 794314
        },
        "2005-04": {
            "month": "2005-04",
            "price": "11.17",
            "revenue": 752593
        },
        "2005-05": {
            "month": "2005-05",
            "price": "10.53",
            "revenue": 594427
        },
        "2005-06": {
            "month": "2005-06",
            "price": "11.69",
            "revenue": 594548
        },
        "2005-07": {
            "month": "2005-07",
            "price": "11.94",
            "revenue": 546863
        },
        "2005-08": {
            "month": "2005-08",
            "price": "11.19",
            "revenue": 505080
        },
        "2005-09": {
            "month": "2005-09",
            "price": "10.40",
            "revenue": 583357
        },
        "2005-10": {
            "month": "2005-10",
            "price": "10.03",
            "revenue": 657956
        },
        "2005-11": {
            "month": "2005-11",
            "price": "9.28",
            "revenue": 636512
        },
        "2005-12": {
            "month": "2005-12",
            "price": "10.01",
            "revenue": 646729
        },
        "2006-01": {
            "month": "2006-01",
            "price": "9.90",
            "revenue": 545932
        },
        "2006-02": {
            "month": "2006-02",
            "price": "9.49",
            "revenue": 674222
        },
        "2006-03": {
            "month": "2006-03",
            "price": "9.39",
            "revenue": 820499
        },
        "2006-04": {
            "month": "2006-04",
            "price": "10.29",
            "revenue": 895705
        },
        "2006-05": {
            "month": "2006-05",
            "price": "11.70",
            "revenue": 576516
        },
        "2006-06": {
            "month": "2006-06",
            "price": "12.38",
            "revenue": 414112
        },
        "2006-07": {
            "month": "2006-07",
            "price": "13.59",
            "revenue": 506196
        },
        "2006-08": {
            "month": "2006-08",
            "price": "14.79",
            "revenue": 590118
        },
        "2006-09": {
            "month": "2006-09",
            "price": "15.63",
            "revenue": 809351
        },
        "2006-10": {
            "month": "2006-10",
            "price": "19.76",
            "revenue": 822522
        },
        "2006-11": {
            "month": "2006-11",
            "price": "23.73",
            "revenue": 741897
        },
        "2006-12": {
            "month": "2006-12",
            "price": "27.42",
            "revenue": 633988
        },
        "2007-01": {
            "month": "2007-01",
            "price": "29.70",
            "revenue": 720940
        },
        "2007-02": {
            "month": "2007-02",
            "price": "28.69",
            "revenue": 599859
        },
        "2007-03": {
            "month": "2007-03",
            "price": "31.84",
            "revenue": 806943
        },
        "2007-04": {
            "month": "2007-04",
            "price": "36.47",
            "revenue": 901614
        },
        "2007-05": {
            "month": "2007-05",
            "price": "32.84",
            "revenue": 1068668
        },
        "2007-06": {
            "month": "2007-06",
            "price": "35.98",
            "revenue": 1186256
        },
        "2007-07": {
            "month": "2007-07",
            "price": "41.89",
            "revenue": 1164127
        },
        "2007-08": {
            "month": "2007-08",
            "price": "55.93",
            "revenue": 1288297
        },
        "2007-09": {
            "month": "2007-09",
            "price": "52.63",
            "revenue": 1222387
        },
        "2007-10": {
            "month": "2007-10",
            "price": "53.22",
            "revenue": 1297270
        },
        "2007-11": {
            "month": "2007-11",
            "price": "48.69",
            "revenue": 1505719
        },
        "2007-12": {
            "month": "2007-12",
            "price": "41.92",
            "revenue": 1313713
        },
        "2008-01": {
            "month": "2008-01",
            "price": "42.91",
            "revenue": 1261528
        },
        "2008-02": {
            "month": "2008-02",
            "price": "43.08",
            "revenue": 1119540
        },
        "2008-03": {
            "month": "2008-03",
            "price": "54.68",
            "revenue": 1206052
        },
        "2008-04": {
            "month": "2008-04",
            "price": "55.90",
            "revenue": 1086182
        },
        "2008-05": {
            "month": "2008-05",
            "price": "53.56",
            "revenue": 1256972
        },
        "2008-06": {
            "month": "2008-06",
            "price": "47.20",
            "revenue": 1372623
        },
        "2008-07": {
            "month": "2008-07",
            "price": "44.00",
            "revenue": 1639933
        },
        "2008-08": {
            "month": "2008-08",
            "price": "40.74",
            "revenue": 1746414
        },
        "2008-09": {
            "month": "2008-09",
            "price": "35.16",
            "revenue": 1757526
        },
        "2008-10": {
            "month": "2008-10",
            "price": "26.16",
            "revenue": 1396337
        },
        "2008-11": {
            "month": "2008-11",
            "price": "21.14",
            "revenue": 1026481
        },
        "2008-12": {
            "month": "2008-12",
            "price": "23.28",
            "revenue": 915062
        },
        "2009-01": {
            "month": "2009-01",
            "price": "26.86",
            "revenue": 539045
        },
        "2009-02": {
            "month": "2009-02",
            "price": "27.32",
            "revenue": 792042
        },
        "2009-03": {
            "month": "2009-03",
            "price": "30.60",
            "revenue": 1244586
        },
        "2009-04": {
            "month": "2009-04",
            "price": "35.27",
            "revenue": 1244752
        },
        "2009-05": {
            "month": "2009-05",
            "price": "40.68",
            "revenue": 1577814
        },
        "2009-06": {
            "month": "2009-06",
            "price": "41.88",
            "revenue": 1404703
        },
        "2009-07": {
            "month": "2009-07",
            "price": "46.39",
            "revenue": 1395731
        },
        "2009-08": {
            "month": "2009-08",
            "price": "42.57",
            "revenue": 1876246
        },
        "2009-09": {
            "month": "2009-09",
            "price": "43.63",
            "revenue": 1742967
        },
        "2009-10": {
            "month": "2009-10",
            "price": "44.33",
            "revenue": 1407905
        },
        "2009-11": {
            "month": "2009-11",
            "price": "46.45",
            "revenue": 1163377
        },
        "2009-12": {
            "month": "2009-12",
            "price": "49.50",
            "revenue": 1094424
        },
        "2010-01": {
            "month": "2010-01",
            "price": "56.94",
            "revenue": 894916
        },
        "2010-02": {
            "month": "2010-02",
            "price": "58.55",
            "revenue": 865123
        },
        "2010-03": {
            "month": "2010-03",
            "price": "62.71",
            "revenue": 969528
        },
        "2010-04": {
            "month": "2010-04",
            "price": "70.53",
            "revenue": 1067672
        },
        "2010-05": {
            "month": "2010-05",
            "price": "63.25",
            "revenue": 801961
        },
        "2010-06": {
            "month": "2010-06",
            "price": "65.77",
            "revenue": 815850
        },
        "2010-07": {
            "month": "2010-07",
            "price": "67.43",
            "revenue": 985878
        },
        "2010-08": {
            "month": "2010-08",
            "price": "71.20",
            "revenue": 1011131
        },
        "2010-09": {
            "month": "2010-09",
            "price": "71.45",
            "revenue": 889819
        },
        "2010-10": {
            "month": "2010-10",
            "price": "69.67",
            "revenue": 990798
        },
        "2010-11": {
            "month": "2010-11",
            "price": "66.33",
            "revenue": 1407864
        },
        "2010-12": {
            "month": "2010-12",
            "price": "68.18",
            "revenue": 1430142
        },
        "2011-01": {
            "month": "2011-01",
            "price": "66.66",
            "revenue": 921255
        },
        "2011-02": {
            "month": "2011-02",
            "price": "57.30",
            "revenue": 747543
        },
        "2011-03": {
            "month": "2011-03",
            "price": "57.55",
            "revenue": 964854
        },
        "2011-04": {
            "month": "2011-04",
            "price": "66.25",
            "revenue": 971975
        },
        "2011-05": {
            "month": "2011-05",
            "price": "60.18",
            "revenue": 988749
        },
        "2011-06": {
            "month": "2011-06",
            "price": "56.60",
            "revenue": 950740
        },
        "2011-07": {
            "month": "2011-07",
            "price": "55.39",
            "revenue": 962113
        },
        "2011-08": {
            "month": "2011-08",
            "price": "49.50",
            "revenue": 962421
        },
        "2011-09": {
            "month": "2011-09",
            "price": "47.61",
            "revenue": 943711
        },
        "2011-10": {
            "month": "2011-10",
            "price": "52.34",
            "revenue": 911359
        },
        "2011-11": {
            "month": "2011-11",
            "price": "49.32",
            "revenue": 855456
        },
        "2011-12": {
            "month": "2011-12",
            "price": "46.12",
            "revenue": 840270
        },
        "2012-01": {
            "month": "2012-01",
            "price": "47.98",
            "revenue": 687296
        },
        "2012-02": {
            "month": "2012-02",
            "price": "51.21",
            "revenue": 822522
        },
        "2012-03": {
            "month": "2012-03",
            "price": "51.29",
            "revenue": 810257
        },
        "2012-04": {
            "month": "2012-04",
            "price": "46.80",
            "revenue": 1124997
        },
        "2012-05": {
            "month": "2012-05",
            "price": "42.48",
            "revenue": 1078123
        },
        "2012-06": {
            "month": "2012-06",
            "price": "41.71",
            "revenue": 1036068
        },
        "2012-07": {
            "month": "2012-07",
            "price": "41.03",
            "revenue": 1086060
        },
        "2012-08": {
            "month": "2012-08",
            "price": "40.45",
            "revenue": 1010239
        },
        "2012-09": {
            "month": "2012-09",
            "price": "41.24",
            "revenue": 1155271
        },
        "2012-10": {
            "month": "2012-10",
            "price": "40.37",
            "revenue": 1092567
        },
        "2012-11": {
            "month": "2012-11",
            "price": "35.75",
            "revenue": 928097
        },
        "2012-12": {
            "month": "2012-12",
            "price": "37.03",
            "revenue": 853978
        },
        "2013-01": {
            "month": "2013-01",
            "price": "37.51",
            "revenue": 1565872
        },
        "2013-02": {
            "month": "2013-02",
            "price": "41.68",
            "revenue": 1438338
        },
        "2013-03": {
            "month": "2013-03",
            "price": "42.91",
            "revenue": 1560519
        },
        "2013-04": {
            "month": "2013-04",
            "price": "47.85",
            "revenue": 1406236
        },
        "2013-05": {
            "month": "2013-05",
            "price": "56.55",
            "revenue": 1323713
        },
        "2013-06": {
            "month": "2013-06",
            "price": "51.87",
            "revenue": 1415637
        },
        "2013-07": {
            "month": "2013-07",
            "price": "54.13",
            "revenue": 1347273
        },
        "2013-08": {
            "month": "2013-08",
            "price": "54.11",
            "revenue": 1398243
        },
        "2013-09": {
            "month": "2013-09",
            "price": "58.98",
            "revenue": 1652339
        },
        "2013-10": {
            "month": "2013-10",
            "price": "59.34",
            "revenue": 1511343
        },
        "2013-11": {
            "month": "2013-11",
            "price": "62.15",
            "revenue": 1507873
        },
        "2013-12": {
            "month": "2013-12",
            "price": "62.77",
            "revenue": 1792749
        },
        "2014-01": {
            "month": "2014-01",
            "price": "64.33",
            "revenue": 1767151
        },
        "2014-02": {
            "month": "2014-02",
            "price": "58.72",
            "revenue": 1534219
        },
        "2014-03": {
            "month": "2014-03",
            "price": "57.08",
            "revenue": 1717403
        },
        "2014-04": {
            "month": "2014-04",
            "price": "59.09",
            "revenue": 1695403
        },
        "2014-05": {
            "month": "2014-05",
            "price": "56.50",
            "revenue": 1660770
        },
        "2014-06": {
            "month": "2014-06",
            "price": "55.68",
            "revenue": 1673150
        },
        "2014-07": {
            "month": "2014-07",
            "price": "53.12",
            "revenue": 1456254
        },
        "2014-08": {
            "month": "2014-08",
            "price": "54.68",
            "revenue": 1260281
        },
        "2014-09": {
            "month": "2014-09",
            "price": "55.05",
            "revenue": 1291903
        },
        "2014-10": {
            "month": "2014-10",
            "price": "53.55",
            "revenue": 1488600
        },
        "2014-11": {
            "month": "2014-11",
            "price": "52.57",
            "revenue": 1950825
        },
        "2014-12": {
            "month": "2014-12",
            "price": "48.99",
            "revenue": 1522808
        },
        "2015-01": {
            "month": "2015-01",
            "price": "47.81",
            "revenue": 1670777
        },
        "2015-02": {
            "month": "2015-02",
            "price": "48.32",
            "revenue": 1458213
        },
        "2015-03": {
            "month": "2015-03",
            "price": "48.26",
            "revenue": 1765320
        },
        "2015-04": {
            "month": "2015-04",
            "price": "48.03",
            "revenue": 1470094
        },
        "2015-05": {
            "month": "2015-05",
            "price": "43.65",
            "revenue": 1326334
        },
        "2015-06": {
            "month": "2015-06",
            "price": "37.31",
            "revenue": 1286830
        },
        "2015-07": {
            "month": "2015-07",
            "price": "33.71",
            "revenue": 1363053
        },
        "2015-08": {
            "month": "2015-08",
            "price": "30.34",
            "revenue": 1520095
        },
        "2015-09": {
            "month": "2015-09",
            "price": "33.30",
            "revenue": 1968779
        },
        "2015-10": {
            "month": "2015-10",
            "price": "36.47",
            "revenue": 1897472
        },
        "2015-11": {
            "month": "2015-11",
            "price": "33.16",
            "revenue": 1919335
        },
        "2015-12": {
            "month": "2015-12",
            "price": "30.75",
            "revenue": 1734388
        },
        "2016-01": {
            "month": "2016-01",
            "price": "30.45",
            "revenue": 1658464
        },
        "2016-02": {
            "month": "2016-02",
            "price": "31.90",
            "revenue": 1437925
        },
        "2016-03": {
            "month": "2016-03",
            "price": "30.72",
            "revenue": 1671542
        },
        "2016-04": {
            "month": "2016-04",
            "price": "29.10",
            "revenue": 1423055
        },
        "2016-05": {
            "month": "2016-05",
            "price": "26.62",
            "revenue": 1632710
        },
        "2016-06": {
            "month": "2016-06",
            "price": "27.84",
            "revenue": 1266343
        },
        "2016-07": {
            "month": "2016-07",
            "price": "28.18",
            "revenue": 1456142
        },
        "2016-08": {
            "month": "2016-08",
            "price": "29.24",
            "revenue": 1520624
        },
        "2016-09": {
            "month": "2016-09",
            "price": "29.37",
            "revenue": 1928137
        },
        "2016-10": {
            "month": "2016-10",
            "price": "29.08",
            "revenue": 2025118
        },
        "2016-11": {
            "month": "2016-11",
            "price": "27.35",
            "revenue": 1848809
        },
        "2016-12": {
            "month": "2016-12",
            "price": "27.81",
            "revenue": 1869012
        },
        "2017-01": {
            "month": "2017-01",
            "price": "27.88",
            "revenue": 1986221
        },
        "2017-02": {
            "month": "2017-02",
            "price": "28.63",
            "revenue": 1475606
        },
        "2017-03": {
            "month": "2017-03",
            "price": "28.57",
            "revenue": 1377531
        },
        "2017-04": {
            "month": "2017-04",
            "price": "27.51",
            "revenue": 1308686
        },
        "2017-05": {
            "month": "2017-05",
            "price": "27.41",
            "revenue": 1101942
        },
        "2017-06": {
            "month": "2017-06",
            "price": "27.82",
            "revenue": 1155610
        },
        "2017-07": {
            "month": "2017-07",
            "price": "27.06",
            "revenue": 1465383
        },
        "2017-08": {
            "month": "2017-08",
            "price": "28.16",
            "revenue": 1904013
        },
        "2017-09": {
            "month": "2017-09",
            "price": "30.68",
            "revenue": 3506098
        },
        "2017-10": {
            "month": "2017-10",
            "price": "30.32",
            "revenue": 1926052
        },
        "2017-11": {
            "month": "2017-11",
            "price": "29.83",
            "revenue": 1912640
        },
        "2017-12": {
            "month": "2017-12",
            "price": "27.97",
            "revenue": 1722928
        },
        "2018-01": {
            "month": "2018-01",
            "price": "28.48",
            "revenue": 1773065
        },
        "2018-02": {
            "month": "2018-02",
            "price": "28.08",
            "revenue": 1658481
        },
        "2018-03": {
            "month": "2018-03",
            "price": "29.61",
            "revenue": 1553462
        },
        "2018-04": {
            "month": "2018-04",
            "price": "29.11",
            "revenue": 1607756
        },
        "2018-05": {
            "month": "2018-05",
            "price": "31.44",
            "revenue": 2019129
        },
        "2018-06": {
            "month": "2018-06",
            "price": "35.01",
            "revenue": 2092733
        },
        "2018-07": {
            "month": "2018-07",
            "price": "34.08",
            "revenue": 1629017
        },
        "2018-08": {
            "month": "2018-08",
            "price": "32.61",
            "revenue": 1612318
        },
        "2018-09": {
            "month": "2018-09",
            "price": "30.07",
            "revenue": 1782570
        },
        "2018-10": {
            "month": "2018-10",
            "price": "26.20",
            "revenue": 1615344
        },
        "2018-11": {
            "month": "2018-11",
            "price": "26.84",
            "revenue": 1327807
        },
        "2018-12": {
            "month": "2018-12",
            "price": "30.60",
            "revenue": 1132125
        },
        "2019-01": {
            "month": "2019-01",
            "price": "29.69",
            "revenue": 1578546
        },
        "2019-02": {
            "month": "2019-02",
            "price": "29.40",
            "revenue": 1417270
        },
        "2019-03": {
            "month": "2019-03",
            "price": "29.77",
            "revenue": 2648392
        },
        "2019-04": {
            "month": "2019-04",
            "price": "29.71",
            "revenue": 1605010
        },
        "2019-05": {
            "month": "2019-05",
            "price": "28.49",
            "revenue": 1714199
        },
        "2019-06": {
            "month": "2019-06",
            "price": "29.07",
            "revenue": 1703527
        },
        "2019-07": {
            "month": "2019-07",
            "price": "31.62",
            "revenue": 1923845
        },
        "2019-08": {
            "month": "2019-08",
            "price": "31.43",
            "revenue": 1991044
        },
        "2019-09": {
            "month": "2019-09",
            "price": "30.92",
            "revenue": 2021463
        },
        "2019-10": {
            "month": "2019-10",
            "price": "33.76",
            "revenue": 2000064
        },
        "2019-11": {
            "month": "2019-11",
            "price": "38.89",
            "revenue": 1724204
        },
        "2019-12": {
            "month": "2019-12",
            "price": "37.55",
            "revenue": 1571153
        },
        "2020-01": {
            "month": "2020-01",
            "price": "36.04",
            "revenue": 1211283
        },
        "2020-02": {
            "month": "2020-02",
            "price": "32.13",
            "revenue": 712305
        },
        "2020-03": {
            "month": "2020-03",
            "price": "29.00",
            "revenue": 1504763
        },
        "2020-04": {
            "month": "2020-04",
            "price": "30.86",
            "revenue": 1745563
        },
        "2020-05": {
            "month": "2020-05",
            "price": "29.80",
            "revenue": 2069459
        },
        "2020-06": {
            "month": "2020-06",
            "price": "30.08",
            "revenue": 1676399
        },
        "2020-07": {
            "month": "2020-07",
            "price": "30.56",
            "revenue": 1645621
        },
        "2020-08": {
            "month": "2020-08",
            "price": "30.47",
            "revenue": 2161191
        },
        "2020-09": {
            "month": "2020-09",
            "price": "30.25",
            "revenue": 2046154
        },
        "2020-10": {
            "month": "2020-10",
            "price": "29.10",
            "revenue": 2038721
        },
        "2020-11": {
            "month": "2020-11",
            "price": "29.73",
            "revenue": 1876911
        },
        "2020-12": {
            "month": "2020-12",
            "price": "29.95",
            "revenue": 1531334
        },
        "2021-01": {
            "month": "2021-01",
            "price": "29.44",
            "revenue": 1954836
        },
        "2021-02": {
            "month": "2021-02",
            "price": "29.60",
            "revenue": 1740109
        },
        "2021-03": {
            "month": "2021-03",
            "price": "30.20",
            "revenue": 1908985
        },
        "2021-04": {
            "month": "2021-04",
            "price": "31.58",
            "revenue": 1858099
        },
        "2021-05": {
            "month": "2021-05",
            "price": "29.82",
            "revenue": 2272324
        },
        "2021-06": {
            "month": "2021-06",
            "price": "30.32",
            "revenue": 2240847
        },
        "2021-07": {
            "month": "2021-07",
            "price": "29.90",
            "revenue": 2380819
        },
        "2021-08": {
            "month": "2021-08",
            "price": "29.47",
            "revenue": 2525268
        },
        "2021-09": {
            "month": "2021-09",
            "price": "28.89",
            "revenue": 2456251
        },
        "2021-10": {
            "month": "2021-10",
            "price": "30.51",
            "revenue": 2679795
        },
        "2021-11": {
            "month": "2021-11",
            "price": "33.27",
            "revenue": 2663180
        },
        "2021-12": {
            "month": "2021-12",
            "price": "31.93",
            "revenue": 2307387
        },
        "2022-01": {
            "month": "2022-01",
            "price": "31.91",
            "revenue": 2037436
        },
        "2022-02": {
            "month": "2022-02",
            "price": "31.34",
            "revenue": 2125897
        },
        "2022-03": {
            "month": "2022-03",
            "price": "30.90",
            "revenue": 2240675
        },
        "2022-04": {
            "month": "2022-04",
            "price": "33.05",
            "revenue": 590152
        },
        "2022-05": {
            "month": "2022-05",
            "price": "33.69",
            "revenue": 2215142
        },
        "2022-06": {
            "month": "2022-06",
            "price": "33.18",
            "revenue": 2004330
        },
        "2022-07": {
            "month": "2022-07",
            "price": "30.70",
            "revenue": 1714848
        },
        "2022-08": {
            "month": "2022-08",
            "price": "31.85",
            "revenue": 1925210
        },
        "2022-09": {
            "month": "2022-09",
            "price": "33.58",
            "revenue": 2119228
        },
        "2022-10": {
            "month": "2022-10",
            "price": "31.02",
            "revenue": 1892554
        },
        "2022-11": {
            "month": "2022-11",
            "price": "31.37",
            "revenue": 1661164
        },
        "2022-12": {
            "month": "2022-12",
            "price": "31.08",
            "revenue": 1667082
        },
        "2023-01": {
            "month": "2023-01",
            "price": "30.75",
            "revenue": 1739716
        },
        "2023-02": {
            "month": "2023-02",
            "price": "31.36",
            "revenue": 1701239
        },
        "2023-03": {
            "month": "2023-03",
            "price": "30.76",
            "revenue": 2063419
        },
        "2023-04": {
            "month": "2023-04",
            "price": "30.42",
            "revenue": 2196508
        },
        "2023-05": {
            "month": "2023-05",
            "price": "31.72",
            "revenue": 2184420
        },
        "2023-06": {
            "month": "2023-06",
            "price": "33.58",
            "revenue": 1512277
        },
        "2023-07": {
            "month": "2023-07",
            "price": "34.30",
            "revenue": 1490865
        },
        "2023-08": {
            "month": "2023-08",
            "price": "32.18",
            "revenue": 2122965
        },
        "2023-09": {
            "month": "2023-09",
            "price": "31.64",
            "revenue": 2617168
        },
        "2023-10": {
            "month": "2023-10",
            "price": "31.81",
            "revenue": 2485115
        },
        "2023-11": {
            "month": "2023-11",
            "price": "32.97",
            "revenue": 2401702
        },
        "2023-12": {
            "month": "2023-12",
            "price": "35.25",
            "revenue": 1860910
        }
    }
}
