{
    "summary": {
        "stock_name": "矽統",
        "stock_id": "2363",
        "category": "半導體",
        "main_business": "研究開發、生產、製造、銷售各種特殊應用積體電路<br>及其組件、系統產品，積體電路設計、高腳數精密封裝及測試服務<br>兼營與本公司業務相關之貿易業務",
        "website_url": "http://www.sis.com",
        "ceo": "戎樂天",
        "pe_ratio": 65,
        "report_year_from": 2001,
        "report_year_to": 2023,
        "age": 22,
        "eps_negative_percentage": 61,
        "eps_growth_avg": {
            "last_all": -65.02,
            "last_2y": 100,
            "last_4y": 100,
            "last_8y": 0,
            "last_12y": -43.57,
            "last_16y": -59.18,
            "last_20y": -65.02,
            "at_2006_last_3y": -90.41,
            "at_2007_last_3y": -93.61,
            "at_2008_last_3y": -90.41,
            "at_2009_last_3y": -90.41,
            "at_2010_last_3y": -87.14,
            "at_2011_last_3y": -87.14,
            "at_2012_last_3y": -87.14,
            "at_2013_last_3y": -87.14,
            "at_2014_last_3y": -100,
            "at_2015_last_3y": null,
            "at_2016_last_3y": -100,
            "at_2017_last_3y": -100,
            "at_2018_last_3y": -100,
            "at_2019_last_3y": -100,
            "at_2020_last_3y": null,
            "at_2021_last_3y": null,
            "at_2022_last_3y": 100,
            "at_2023_last_3y": 100,
            "at_2006_last_all": -90.41,
            "at_2007_last_all": -93.61,
            "at_2008_last_all": -93.61,
            "at_2009_last_all": -93.61,
            "at_2010_last_all": -88.78,
            "at_2011_last_all": -91.02,
            "at_2012_last_all": -91.02,
            "at_2013_last_all": -91.02,
            "at_2014_last_all": -91.02,
            "at_2015_last_all": -91.02,
            "at_2016_last_all": -92.52,
            "at_2017_last_all": -92.52,
            "at_2018_last_all": -92.52,
            "at_2019_last_all": -92.52,
            "at_2020_last_all": -92.52,
            "at_2021_last_all": -92.52,
            "at_2022_last_all": -65.02,
            "at_2023_last_all": -65.02
        },
        "latest_eps": 0.77,
        "latest_price": 50,
        "latest_roe": 3.4,
        "latest_gross_margin": 30.2,
        "latest_equity": 17848196,
        "latest_revenue": 37584,
        "latest_gross_profit": 11352,
        "latest_net_income": 858354,
        "latest_debt_ratio": 4.66,
        "latest_current_ratio": 287.92,
        "latest_account_receivable_turnover_ratio": 2.49,
        "latest_inventory_turnover_ratio": 0.32,
        "latest_reinvestment_rate": -12.46,
        "latest_research_to_sale_ratio": 243.84
    },
    "eps_dividends": {
        "1995": {
            "cash": 0,
            "stock": 2.4,
            "eps": 0
        },
        "1996": {
            "cash": 0,
            "stock": 3.7,
            "eps": 0
        },
        "1997": {
            "cash": 0,
            "stock": 2.1,
            "eps": 0
        },
        "1998": {
            "cash": 0,
            "stock": 1.6,
            "eps": 0
        },
        "1999": {
            "cash": 0,
            "stock": 2.4,
            "eps": 0
        },
        "2000": {
            "cash": 0,
            "stock": 5.58,
            "eps": 0
        },
        "2001": {
            "cash": 0,
            "stock": 1,
            "eps": -0.58
        },
        "2002": {
            "cash": 0,
            "stock": 0,
            "eps": -3.89
        },
        "2003": {
            "cash": 0,
            "stock": 0,
            "eps": 0.15
        },
        "2004": {
            "cash": 0,
            "stock": 0.12,
            "eps": -1.5
        },
        "2005": {
            "cash": 0,
            "stock": 0,
            "eps": 0.73
        },
        "2006": {
            "cash": 0.11,
            "stock": 0.45,
            "eps": 0.14
        },
        "2007": {
            "cash": 0.07,
            "stock": 0,
            "eps": -1.36
        },
        "2008": {
            "cash": 0,
            "stock": 0,
            "eps": -4.49
        },
        "2009": {
            "cash": 0,
            "stock": 0,
            "eps": 0.7
        },
        "2010": {
            "cash": 0.76,
            "stock": 0,
            "eps": 0.18
        },
        "2011": {
            "cash": 0.18,
            "stock": 0,
            "eps": -1.06
        },
        "2012": {
            "cash": 0,
            "stock": 0,
            "eps": -2.41
        },
        "2013": {
            "cash": 0,
            "stock": 0,
            "eps": -0.46
        },
        "2014": {
            "cash": 0,
            "stock": 0,
            "eps": -0.19
        },
        "2015": {
            "cash": 0,
            "stock": 0,
            "eps": 0.02
        },
        "2016": {
            "cash": 0,
            "stock": 0,
            "eps": -0.32
        },
        "2017": {
            "cash": 0,
            "stock": 0,
            "eps": -0.5
        },
        "2018": {
            "cash": 0,
            "stock": 0,
            "eps": -0.32
        },
        "2019": {
            "cash": 0,
            "stock": 0,
            "eps": -0.42
        },
        "2020": {
            "cash": 0.35,
            "stock": 1.39,
            "eps": -0.55
        },
        "2021": {
            "cash": 0.8,
            "stock": 0.8,
            "eps": 0.27
        },
        "2022": {
            "cash": 0.8,
            "stock": 1,
            "eps": 0.74
        },
        "2023": {
            "cash": 1,
            "stock": 0,
            "eps": 1.03
        }
    },
    "dividends": {
        "1995-06-08": {
            "cash": 0,
            "stock": 2.4
        },
        "1996-06-27": {
            "cash": 0,
            "stock": 3.7
        },
        "1997-04-15": {
            "cash": 0,
            "stock": 2.1
        },
        "1998-05-15": {
            "cash": 0,
            "stock": 1.6
        },
        "1999-06-23": {
            "cash": 0,
            "stock": 2.4
        },
        "2000-05-25": {
            "cash": 0,
            "stock": 5.58
        },
        "2001-05-22": {
            "cash": 0,
            "stock": 1
        },
        "2004-06-01": {
            "cash": 0,
            "stock": 0.12
        },
        "2006-02-17": {
            "cash": 0.11,
            "stock": 0.45
        },
        "2007-06-11": {
            "cash": 0.07,
            "stock": 0
        },
        "2010-03-24": {
            "cash": 0.76,
            "stock": 0
        },
        "2011-03-09": {
            "cash": 0.18,
            "stock": 0
        },
        "2020-10-28": {
            "cash": 0.35,
            "stock": 1.39
        },
        "2021-10-05": {
            "cash": 0.8,
            "stock": 0.8
        },
        "2022-09-28": {
            "cash": 0.8,
            "stock": 1
        },
        "2023-07-28": {
            "cash": 1,
            "stock": 0
        }
    },
    "prices": {
        "200101": "47.97",
        "200102": "50.83",
        "200103": "59.21",
        "200104": "60.78",
        "200105": "51.90",
        "200106": "47.46",
        "200107": "34.57",
        "200108": "32.10",
        "200109": "25.72",
        "200110": "31.20",
        "200111": "41.38",
        "200112": "53.48",
        "200201": "53.78",
        "200202": "50.60",
        "200203": "52.37",
        "200204": "51.42",
        "200205": "41.13",
        "200206": "33.51",
        "200207": "31.40",
        "200208": "34.03",
        "200209": "30.13",
        "200210": "25.81",
        "200211": "24.40",
        "200212": "24.72",
        "200301": "29.95",
        "200302": "28.12",
        "200303": "25.59",
        "200304": "23.33",
        "200305": "19.87",
        "200306": "23.66",
        "200307": "25.83",
        "200308": "25.60",
        "200309": "28.43",
        "200310": "27.68",
        "200311": "25.80",
        "200312": "23.07",
        "200401": "24.34",
        "200402": "25.98",
        "200403": "23.90",
        "200404": "22.50",
        "200405": "17.27",
        "200406": "15.20",
        "200407": "14.91",
        "200408": "15.32",
        "200409": "15.00",
        "200410": "12.46",
        "200411": "11.97",
        "200412": "12.03",
        "200501": "11.54",
        "200502": "12.88",
        "200503": "13.54",
        "200504": "13.06",
        "200505": "15.50",
        "200506": "16.96",
        "200507": "18.62",
        "200508": "24.47",
        "200509": "22.51",
        "200510": "22.05",
        "200511": "21.21",
        "200512": "23.63",
        "200601": "20.39",
        "200602": "17.95",
        "200603": "17.87",
        "200604": "19.03",
        "200605": "18.83",
        "200606": "16.25",
        "200607": "15.30",
        "200608": "15.51",
        "200609": "14.89",
        "200610": "15.04",
        "200611": "16.49",
        "200612": "17.95",
        "200701": "19.50",
        "200702": "18.78",
        "200703": "17.81",
        "200704": "18.09",
        "200705": "18.59",
        "200706": "19.18",
        "200707": "19.50",
        "200708": "17.31",
        "200709": "15.23",
        "200710": "16.06",
        "200711": "13.61",
        "200712": "11.82",
        "200801": "10.35",
        "200802": "9.94",
        "200803": "9.98",
        "200804": "10.34",
        "200805": "10.88",
        "200806": "10.14",
        "200807": "8.10",
        "200808": "8.03",
        "200809": "5.53",
        "200810": "4.65",
        "200811": "3.83",
        "200812": "4.05",
        "200901": "4.89",
        "200902": "5.43",
        "200903": "7.11",
        "200904": "8.81",
        "200905": "11.85",
        "200906": "11.82",
        "200907": "11.95",
        "200908": "11.78",
        "200909": "12.69",
        "200910": "13.69",
        "200911": "25.50",
        "200912": "23.69",
        "201001": "23.93",
        "201002": "20.65",
        "201003": "21.22",
        "201004": "21.55",
        "201005": "19.00",
        "201006": "20.97",
        "201007": "20.47",
        "201008": "20.46",
        "201009": "19.65",
        "201010": "19.22",
        "201011": "17.63",
        "201012": "19.31",
        "201101": "20.27",
        "201102": "19.36",
        "201103": "17.23",
        "201104": "16.55",
        "201105": "15.20",
        "201106": "15.93",
        "201107": "14.93",
        "201108": "12.40",
        "201109": "12.65",
        "201110": "12.20",
        "201111": "11.10",
        "201112": "10.75",
        "201201": "12.13",
        "201202": "12.92",
        "201203": "12.93",
        "201204": "10.92",
        "201205": "10.04",
        "201206": "9.65",
        "201207": "10.08",
        "201208": "10.01",
        "201209": "10.32",
        "201210": "11.33",
        "201211": "10.49",
        "201212": "11.39",
        "201301": "10.78",
        "201302": "10.27",
        "201303": "10.29",
        "201304": "9.69",
        "201305": "10.32",
        "201306": "10.42",
        "201307": "10.16",
        "201308": "9.44",
        "201309": "9.43",
        "201310": "9.26",
        "201311": "8.23",
        "201312": "8.41",
        "201401": "9.10",
        "201402": "9.05",
        "201403": "9.18",
        "201404": "9.23",
        "201405": "8.84",
        "201406": "9.58",
        "201407": "10.93",
        "201408": "9.88",
        "201409": "9.63",
        "201410": "8.46",
        "201411": "8.25",
        "201412": "8.52",
        "201501": "9.02",
        "201502": "8.78",
        "201503": "8.61",
        "201504": "8.46",
        "201505": "7.82",
        "201506": "6.64",
        "201507": "6.04",
        "201508": "5.52",
        "201509": "5.46",
        "201510": "6.25",
        "201511": "6.98",
        "201512": "6.75",
        "201601": "6.48",
        "201602": "6.94",
        "201603": "7.16",
        "201604": "7.04",
        "201605": "6.39",
        "201606": "6.29",
        "201607": "6.60",
        "201608": "6.47",
        "201609": "6.43",
        "201610": "6.33",
        "201611": "6.58",
        "201612": "6.50",
        "201701": "6.80",
        "201702": "7.06",
        "201703": "7.48",
        "201704": "6.95",
        "201705": "6.60",
        "201706": "6.99",
        "201707": "7.28",
        "201708": "7.25",
        "201709": "7.76",
        "201710": "8.84",
        "201711": "8.85",
        "201712": "9.02",
        "201801": "9.42",
        "201802": "8.91",
        "201803": "9.85",
        "201804": "8.91",
        "201805": "9.14",
        "201806": "12.70",
        "201807": "12.00",
        "201808": "10.77",
        "201809": "9.72",
        "201810": "8.36",
        "201811": "8.39",
        "201812": "9.14",
        "201901": "9.07",
        "201902": "8.92",
        "201903": "8.49",
        "201904": "8.84",
        "201905": "8.16",
        "201906": "8.01",
        "201907": "8.29",
        "201908": "7.96",
        "201909": "8.21",
        "201910": "8.20",
        "201911": "8.07",
        "201912": "8.42",
        "202001": "8.19",
        "202002": "7.67",
        "202003": "7.32",
        "202004": "9.95",
        "202005": "12.17",
        "202006": "12.27",
        "202007": "12.31",
        "202008": "12.66",
        "202009": "12.42",
        "202010": "12.19",
        "202011": "11.93",
        "202012": "17.80",
        "202101": "16.70",
        "202102": "16.52",
        "202103": "17.37",
        "202104": "21.43",
        "202105": "20.54",
        "202106": "21.47",
        "202107": "23.52",
        "202108": "26.88",
        "202109": "27.02",
        "202110": "23.95",
        "202111": "25.36",
        "202112": "25.82",
        "202201": "24.21",
        "202202": "23.09",
        "202203": "23.53",
        "202204": "23.08",
        "202205": "22.82",
        "202206": "22.01",
        "202207": "19.17",
        "202208": "21.22",
        "202209": "18.49",
        "202210": "15.77",
        "202211": "16.58",
        "202212": "16.58",
        "202301": "16.72",
        "202302": "17.98",
        "202303": "18.66",
        "202304": "18.17",
        "202305": "17.45",
        "202306": "18.05",
        "202307": "17.74",
        "202308": "27.05",
        "202309": "37.02",
        "202310": "46.68"
    },
    "quarters": {
        "20011": {
            "year_quarter": 20011,
            "year": 2001,
            "quarter": 1,
            "eps": -0.2,
            "eps_growth_year": -121.05,
            "eps_4q": -0.98,
            "eps_4q_growth_year": -130.53,
            "roe": -1.13,
            "roe_4q": -1.13,
            "gross_profit": 573328,
            "gross_margin": 23.86,
            "gross_margin_4q_avg": 23.86,
            "net_income": -206722,
            "net_income_4q": null,
            "revenue": 2402616,
            "revenue_4q": null,
            "common_shares": 9740149,
            "book_valuer_per_share": 18.64,
            "book_valuer_per_share_4q_avg": 18.64,
            "equity": 18159904,
            "current_ratio": 159,
            "debt_ratio": 47.56,
            "inventory_turnover_ratio": 0.92,
            "account_receivable_turnover_ratio": null,
            "reinvestment_rate": null,
            "research_to_sale_ratio": null,
            "price_fair": 0,
            "eps_avg_yearly": 0,
            "eps_latest_yearly": 0,
            "eps_growth_yearly": 0
        },
        "20012": {
            "year_quarter": 20012,
            "year": 2001,
            "quarter": 2,
            "eps": -0.16,
            "eps_growth_year": null,
            "eps_4q": -0.92,
            "eps_4q_growth_year": -143.47,
            "roe": -0.94,
            "roe_4q": -2.07,
            "gross_profit": 608281,
            "gross_margin": 24.14,
            "gross_margin_4q_avg": 24,
            "net_income": -171323,
            "net_income_4q": null,
            "revenue": 2519868,
            "revenue_4q": null,
            "common_shares": 9740149,
            "book_valuer_per_share": 18.91,
            "book_valuer_per_share_4q_avg": 18.78,
            "equity": 18420184,
            "current_ratio": 132.98,
            "debt_ratio": 48.5,
            "inventory_turnover_ratio": 0.8,
            "account_receivable_turnover_ratio": null,
            "reinvestment_rate": null,
            "research_to_sale_ratio": null,
            "price_fair": 0,
            "eps_avg_yearly": 0,
            "eps_latest_yearly": 0,
            "eps_growth_yearly": 0
        },
        "20013": {
            "year_quarter": 20013,
            "year": 2001,
            "quarter": 3,
            "eps": -0.16,
            "eps_growth_year": null,
            "eps_4q": -0.99,
            "eps_4q_growth_year": -218.7,
            "roe": -0.93,
            "roe_4q": -3,
            "gross_profit": 718930,
            "gross_margin": 30.57,
            "gross_margin_4q_avg": 26.19,
            "net_income": -169660,
            "net_income_4q": null,
            "revenue": 2351563,
            "revenue_4q": null,
            "common_shares": 10714164,
            "book_valuer_per_share": 16.88,
            "book_valuer_per_share_4q_avg": 18.14,
            "equity": 18083627,
            "current_ratio": 140.94,
            "debt_ratio": 50.15,
            "inventory_turnover_ratio": 0.54,
            "account_receivable_turnover_ratio": null,
            "reinvestment_rate": null,
            "research_to_sale_ratio": null,
            "price_fair": 0,
            "eps_avg_yearly": 0,
            "eps_latest_yearly": 0,
            "eps_growth_yearly": 0
        },
        "20014": {
            "year_quarter": 20014,
            "year": 2001,
            "quarter": 4,
            "eps": -0.06,
            "eps_growth_year": null,
            "eps_4q": -0.57,
            "eps_4q_growth_year": null,
            "roe": -0.33,
            "roe_4q": -3.33,
            "gross_profit": 644871,
            "gross_margin": 23.84,
            "gross_margin_4q_avg": 25.6,
            "net_income": -60267,
            "net_income_4q": null,
            "revenue": 2705128,
            "revenue_4q": null,
            "common_shares": 10714164,
            "book_valuer_per_share": 16.98,
            "book_valuer_per_share_4q_avg": 17.85,
            "equity": 18271107,
            "current_ratio": 131.75,
            "debt_ratio": 49.57,
            "inventory_turnover_ratio": 0.57,
            "account_receivable_turnover_ratio": null,
            "reinvestment_rate": null,
            "research_to_sale_ratio": null,
            "price_fair": 0,
            "eps_avg_yearly": 0,
            "eps_latest_yearly": 0,
            "eps_growth_yearly": 0
        },
        "20021": {
            "year_quarter": 20021,
            "year": 2002,
            "quarter": 1,
            "eps": 0.02,
            "eps_growth_year": null,
            "eps_4q": -0.29,
            "eps_4q_growth_year": null,
            "roe": 0.14,
            "roe_4q": -2.06,
            "gross_profit": 1091622,
            "gross_margin": 30.53,
            "gross_margin_4q_avg": 27.27,
            "net_income": 25728,
            "net_income_4q": null,
            "revenue": 3576008,
            "revenue_4q": null,
            "common_shares": 10714164,
            "book_valuer_per_share": 17,
            "book_valuer_per_share_4q_avg": 17.44,
            "equity": 18219012,
            "current_ratio": 125.52,
            "debt_ratio": 49.71,
            "inventory_turnover_ratio": 0.66,
            "account_receivable_turnover_ratio": null,
            "reinvestment_rate": null,
            "research_to_sale_ratio": null,
            "price_fair": 0,
            "eps_avg_yearly": 0,
            "eps_latest_yearly": 0,
            "eps_growth_yearly": 0
        },
        "20022": {
            "year_quarter": 20022,
            "year": 2002,
            "quarter": 2,
            "eps": -0.12,
            "eps_growth_year": null,
            "eps_4q": -0.31,
            "eps_4q_growth_year": null,
            "roe": -0.71,
            "roe_4q": -1.83,
            "gross_profit": 712679,
            "gross_margin": 22.13,
            "gross_margin_4q_avg": 26.77,
            "net_income": -128995,
            "net_income_4q": null,
            "revenue": 3220119,
            "revenue_4q": null,
            "common_shares": 10714164,
            "book_valuer_per_share": 16.88,
            "book_valuer_per_share_4q_avg": 16.94,
            "equity": 18082243,
            "current_ratio": 129.22,
            "debt_ratio": 48.9,
            "inventory_turnover_ratio": 0.67,
            "account_receivable_turnover_ratio": null,
            "reinvestment_rate": null,
            "research_to_sale_ratio": null,
            "price_fair": 0,
            "eps_avg_yearly": 0,
            "eps_latest_yearly": 0,
            "eps_growth_yearly": 0
        },
        "20023": {
            "year_quarter": 20023,
            "year": 2002,
            "quarter": 3,
            "eps": -0.75,
            "eps_growth_year": null,
            "eps_4q": -0.89,
            "eps_4q_growth_year": null,
            "roe": -4.5,
            "roe_4q": -5.4,
            "gross_profit": 717415,
            "gross_margin": 17.61,
            "gross_margin_4q_avg": 23.53,
            "net_income": -807684,
            "net_income_4q": null,
            "revenue": 4074089,
            "revenue_4q": null,
            "common_shares": 10880166,
            "book_valuer_per_share": 16.39,
            "book_valuer_per_share_4q_avg": 16.81,
            "equity": 17827644,
            "current_ratio": 141.1,
            "debt_ratio": 53.21,
            "inventory_turnover_ratio": 0.96,
            "account_receivable_turnover_ratio": null,
            "reinvestment_rate": null,
            "research_to_sale_ratio": null,
            "price_fair": 0,
            "eps_avg_yearly": 0,
            "eps_latest_yearly": 0,
            "eps_growth_yearly": 0
        },
        "20024": {
            "year_quarter": 20024,
            "year": 2002,
            "quarter": 4,
            "eps": -3.04,
            "eps_growth_year": null,
            "eps_4q": -3.81,
            "eps_4q_growth_year": null,
            "roe": -20.24,
            "roe_4q": -25.31,
            "gross_profit": 840691,
            "gross_margin": 17.19,
            "gross_margin_4q_avg": 21.87,
            "net_income": -3272212,
            "net_income_4q": null,
            "revenue": 4890161,
            "revenue_4q": null,
            "common_shares": 10880166,
            "book_valuer_per_share": 13.33,
            "book_valuer_per_share_4q_avg": 15.9,
            "equity": 14502480,
            "current_ratio": 139.95,
            "debt_ratio": 55.93,
            "inventory_turnover_ratio": 1.42,
            "account_receivable_turnover_ratio": null,
            "reinvestment_rate": null,
            "research_to_sale_ratio": null,
            "price_fair": 0,
            "eps_avg_yearly": 0,
            "eps_latest_yearly": 0,
            "eps_growth_yearly": 0
        },
        "20031": {
            "year_quarter": 20031,
            "year": 2003,
            "quarter": 1,
            "eps": -0.07,
            "eps_growth_year": -450,
            "eps_4q": -3.14,
            "eps_4q_growth_year": null,
            "roe": -0.57,
            "roe_4q": -26.02,
            "gross_profit": 1388416,
            "gross_margin": 28.45,
            "gross_margin_4q_avg": 21.35,
            "net_income": -95953,
            "net_income_4q": null,
            "revenue": 4880158,
            "revenue_4q": null,
            "common_shares": 13380166,
            "book_valuer_per_share": 14.25,
            "book_valuer_per_share_4q_avg": 15.21,
            "equity": 19071451,
            "current_ratio": 204.32,
            "debt_ratio": 46.2,
            "inventory_turnover_ratio": 1.59,
            "account_receivable_turnover_ratio": null,
            "reinvestment_rate": null,
            "research_to_sale_ratio": null,
            "price_fair": 0,
            "eps_avg_yearly": 0,
            "eps_latest_yearly": 0,
            "eps_growth_yearly": 0
        },
        "20032": {
            "year_quarter": 20032,
            "year": 2003,
            "quarter": 2,
            "eps": -0.05,
            "eps_growth_year": null,
            "eps_4q": -3.17,
            "eps_4q_growth_year": null,
            "roe": -0.32,
            "roe_4q": -25.63,
            "gross_profit": 966566,
            "gross_margin": 25.56,
            "gross_margin_4q_avg": 22.2,
            "net_income": -60676,
            "net_income_4q": null,
            "revenue": 3781636,
            "revenue_4q": null,
            "common_shares": 13380166,
            "book_valuer_per_share": 14.19,
            "book_valuer_per_share_4q_avg": 14.54,
            "equity": 18987531,
            "current_ratio": 230.12,
            "debt_ratio": 42.04,
            "inventory_turnover_ratio": 1.32,
            "account_receivable_turnover_ratio": null,
            "reinvestment_rate": null,
            "research_to_sale_ratio": null,
            "price_fair": 0,
            "eps_avg_yearly": 0,
            "eps_latest_yearly": 0,
            "eps_growth_yearly": 0
        },
        "20033": {
            "year_quarter": 20033,
            "year": 2003,
            "quarter": 3,
            "eps": 0.08,
            "eps_growth_year": null,
            "eps_4q": -2.65,
            "eps_4q_growth_year": null,
            "roe": 0.53,
            "roe_4q": -20.599999999999998,
            "gross_profit": 1077126,
            "gross_margin": 26.13,
            "gross_margin_4q_avg": 24.33,
            "net_income": 100465,
            "net_income_4q": null,
            "revenue": 4121590,
            "revenue_4q": null,
            "common_shares": 13380166,
            "book_valuer_per_share": 14.32,
            "book_valuer_per_share_4q_avg": 14.02,
            "equity": 19157269,
            "current_ratio": 152.45,
            "debt_ratio": 41.03,
            "inventory_turnover_ratio": 1.36,
            "account_receivable_turnover_ratio": null,
            "reinvestment_rate": null,
            "research_to_sale_ratio": null,
            "price_fair": 0,
            "eps_avg_yearly": 0,
            "eps_latest_yearly": 0,
            "eps_growth_yearly": 0
        },
        "20034": {
            "year_quarter": 20034,
            "year": 2003,
            "quarter": 4,
            "eps": 0.19,
            "eps_growth_year": null,
            "eps_4q": 0.15,
            "eps_4q_growth_year": null,
            "roe": 1.35,
            "roe_4q": 0.9900000000000001,
            "gross_profit": 1352143,
            "gross_margin": 34.3,
            "gross_margin_4q_avg": 28.61,
            "net_income": 260375,
            "net_income_4q": null,
            "revenue": 3941790,
            "revenue_4q": null,
            "common_shares": 13380166,
            "book_valuer_per_share": 14.55,
            "book_valuer_per_share_4q_avg": 14.33,
            "equity": 19467361,
            "current_ratio": 197.96,
            "debt_ratio": 27.64,
            "inventory_turnover_ratio": 1.37,
            "account_receivable_turnover_ratio": null,
            "reinvestment_rate": null,
            "research_to_sale_ratio": null,
            "price_fair": 26.6,
            "eps_avg_yearly": 0.76,
            "eps_latest_yearly": 0.76,
            "eps_growth_yearly": 550
        },
        "20041": {
            "year_quarter": 20041,
            "year": 2004,
            "quarter": 1,
            "eps": -0.52,
            "eps_growth_year": null,
            "eps_4q": -0.29,
            "eps_4q_growth_year": null,
            "roe": -3.62,
            "roe_4q": -2.06,
            "gross_profit": 575090,
            "gross_margin": 21.92,
            "gross_margin_4q_avg": 26.98,
            "net_income": -692742,
            "net_income_4q": null,
            "revenue": 2624126,
            "revenue_4q": null,
            "common_shares": 13380166,
            "book_valuer_per_share": 14.03,
            "book_valuer_per_share_4q_avg": 14.27,
            "equity": 18773190,
            "current_ratio": 199.99,
            "debt_ratio": 25.18,
            "inventory_turnover_ratio": 1.39,
            "account_receivable_turnover_ratio": null,
            "reinvestment_rate": null,
            "research_to_sale_ratio": null,
            "price_fair": 26.6,
            "eps_avg_yearly": 0.76,
            "eps_latest_yearly": 0.76,
            "eps_growth_yearly": 550
        },
        "20042": {
            "year_quarter": 20042,
            "year": 2004,
            "quarter": 2,
            "eps": -0.54,
            "eps_growth_year": null,
            "eps_4q": -0.79,
            "eps_4q_growth_year": null,
            "roe": -3.98,
            "roe_4q": -5.72,
            "gross_profit": 622390,
            "gross_margin": 28.43,
            "gross_margin_4q_avg": 27.7,
            "net_income": -721512,
            "net_income_4q": null,
            "revenue": 2189554,
            "revenue_4q": null,
            "common_shares": 13380166,
            "book_valuer_per_share": 13.09,
            "book_valuer_per_share_4q_avg": 14,
            "equity": 17518420,
            "current_ratio": 320.29,
            "debt_ratio": 14.23,
            "inventory_turnover_ratio": 1.26,
            "account_receivable_turnover_ratio": null,
            "reinvestment_rate": null,
            "research_to_sale_ratio": null,
            "price_fair": 26.6,
            "eps_avg_yearly": 0.76,
            "eps_latest_yearly": 0.76,
            "eps_growth_yearly": 550
        },
        "20043": {
            "year_quarter": 20043,
            "year": 2004,
            "quarter": 3,
            "eps": -0.44,
            "eps_growth_year": -650,
            "eps_4q": -1.28,
            "eps_4q_growth_year": null,
            "roe": -3.44,
            "roe_4q": -9.69,
            "gross_profit": 769356,
            "gross_margin": 27.51,
            "gross_margin_4q_avg": 28.04,
            "net_income": -585718,
            "net_income_4q": null,
            "revenue": 2796469,
            "revenue_4q": null,
            "common_shares": 13559107,
            "book_valuer_per_share": 12.18,
            "book_valuer_per_share_4q_avg": 13.46,
            "equity": 16520203,
            "current_ratio": 245.34,
            "debt_ratio": 15.67,
            "inventory_turnover_ratio": 2.22,
            "account_receivable_turnover_ratio": null,
            "reinvestment_rate": null,
            "research_to_sale_ratio": null,
            "price_fair": 26.6,
            "eps_avg_yearly": 0.76,
            "eps_latest_yearly": 0.76,
            "eps_growth_yearly": 550
        },
        "20044": {
            "year_quarter": 20044,
            "year": 2004,
            "quarter": 4,
            "eps": 0,
            "eps_growth_year": -100,
            "eps_4q": -1.5,
            "eps_4q_growth_year": -1106.61,
            "roe": 0.02,
            "roe_4q": -11.02,
            "gross_profit": 888491,
            "gross_margin": 29.25,
            "gross_margin_4q_avg": 26.78,
            "net_income": 2796,
            "net_income_4q": null,
            "revenue": 3037451,
            "revenue_4q": null,
            "common_shares": 13559107,
            "book_valuer_per_share": 11.61,
            "book_valuer_per_share_4q_avg": 12.73,
            "equity": 15749097,
            "current_ratio": 240.49,
            "debt_ratio": 16.39,
            "inventory_turnover_ratio": 3.98,
            "account_receivable_turnover_ratio": null,
            "reinvestment_rate": null,
            "research_to_sale_ratio": null,
            "price_fair": 26.6,
            "eps_avg_yearly": 0.76,
            "eps_latest_yearly": 0.76,
            "eps_growth_yearly": 550
        },
        "20051": {
            "year_quarter": 20051,
            "year": 2005,
            "quarter": 1,
            "eps": 0.02,
            "eps_growth_year": null,
            "eps_4q": -1.38,
            "eps_4q_growth_year": null,
            "roe": 0.12,
            "roe_4q": -7.279999999999999,
            "gross_profit": 735912,
            "gross_margin": 30.73,
            "gross_margin_4q_avg": 28.98,
            "net_income": 18653,
            "net_income_4q": null,
            "revenue": 2394969,
            "revenue_4q": null,
            "common_shares": 13559107,
            "book_valuer_per_share": 11.56,
            "book_valuer_per_share_4q_avg": 12.11,
            "equity": 15675152,
            "current_ratio": 304.81,
            "debt_ratio": 12.36,
            "inventory_turnover_ratio": 4.1,
            "account_receivable_turnover_ratio": null,
            "reinvestment_rate": null,
            "research_to_sale_ratio": null,
            "price_fair": 26.6,
            "eps_avg_yearly": 0.76,
            "eps_latest_yearly": 0.76,
            "eps_growth_yearly": 550
        },
        "20052": {
            "year_quarter": 20052,
            "year": 2005,
            "quarter": 2,
            "eps": 0.32,
            "eps_growth_year": null,
            "eps_4q": -0.11,
            "eps_4q_growth_year": null,
            "roe": 2.53,
            "roe_4q": -0.77,
            "gross_profit": 902825,
            "gross_margin": 36.04,
            "gross_margin_4q_avg": 30.88,
            "net_income": 415619,
            "net_income_4q": null,
            "revenue": 2505192,
            "revenue_4q": null,
            "common_shares": 13559107,
            "book_valuer_per_share": 12.65,
            "book_valuer_per_share_4q_avg": 12,
            "equity": 17147333,
            "current_ratio": 314.96,
            "debt_ratio": 11.82,
            "inventory_turnover_ratio": 4.76,
            "account_receivable_turnover_ratio": null,
            "reinvestment_rate": null,
            "research_to_sale_ratio": null,
            "price_fair": 35.7,
            "eps_avg_yearly": 1.02,
            "eps_latest_yearly": 1.28,
            "eps_growth_yearly": 3275
        },
        "20053": {
            "year_quarter": 20053,
            "year": 2005,
            "quarter": 3,
            "eps": 0.14,
            "eps_growth_year": null,
            "eps_4q": 0.47,
            "eps_4q_growth_year": null,
            "roe": 1.08,
            "roe_4q": 3.75,
            "gross_profit": 868175,
            "gross_margin": 33.91,
            "gross_margin_4q_avg": 32.48,
            "net_income": 186483,
            "net_income_4q": null,
            "revenue": 2560177,
            "revenue_4q": null,
            "common_shares": 13559107,
            "book_valuer_per_share": 12.94,
            "book_valuer_per_share_4q_avg": 12.19,
            "equity": 17544075,
            "current_ratio": 334.03,
            "debt_ratio": 11.16,
            "inventory_turnover_ratio": 5.53,
            "account_receivable_turnover_ratio": null,
            "reinvestment_rate": null,
            "research_to_sale_ratio": null,
            "price_fair": 30.33,
            "eps_avg_yearly": 0.87,
            "eps_latest_yearly": 0.56,
            "eps_growth_yearly": 2108.33
        },
        "20054": {
            "year_quarter": 20054,
            "year": 2005,
            "quarter": 4,
            "eps": 0.25,
            "eps_growth_year": null,
            "eps_4q": 0.71,
            "eps_4q_growth_year": null,
            "roe": 1.92,
            "roe_4q": 5.6499999999999995,
            "gross_profit": 1434167,
            "gross_margin": 35.21,
            "gross_margin_4q_avg": 33.97,
            "net_income": 334250,
            "net_income_4q": null,
            "revenue": 4073582,
            "revenue_4q": null,
            "common_shares": 13577982,
            "book_valuer_per_share": 12.66,
            "book_valuer_per_share_4q_avg": 12.45,
            "equity": 17192380,
            "current_ratio": 247.87,
            "debt_ratio": 17.37,
            "inventory_turnover_ratio": 4.68,
            "account_receivable_turnover_ratio": null,
            "reinvestment_rate": null,
            "research_to_sale_ratio": null,
            "price_fair": 31.5,
            "eps_avg_yearly": 0.9,
            "eps_latest_yearly": 1,
            "eps_growth_yearly": 1659.82
        },
        "20061": {
            "year_quarter": 20061,
            "year": 2006,
            "quarter": 1,
            "eps": 0.16,
            "eps_growth_year": 700,
            "eps_4q": 0.89,
            "eps_4q_growth_year": null,
            "roe": 1.16,
            "roe_4q": 6.6899999999999995,
            "gross_profit": 678231,
            "gross_margin": 25.48,
            "gross_margin_4q_avg": 32.66,
            "net_income": 204577,
            "net_income_4q": null,
            "revenue": 2661521,
            "revenue_4q": null,
            "common_shares": 13582204,
            "book_valuer_per_share": 13.24,
            "book_valuer_per_share_4q_avg": 12.87,
            "equity": 17988908,
            "current_ratio": 247.46,
            "debt_ratio": 13.72,
            "inventory_turnover_ratio": 1.66,
            "account_receivable_turnover_ratio": null,
            "reinvestment_rate": null,
            "research_to_sale_ratio": null,
            "price_fair": 29.68,
            "eps_avg_yearly": 0.85,
            "eps_latest_yearly": 0.64,
            "eps_growth_yearly": 1299.06
        },
        "20062": {
            "year_quarter": 20062,
            "year": 2006,
            "quarter": 2,
            "eps": 0.01,
            "eps_growth_year": -96.88,
            "eps_4q": 0.54,
            "eps_4q_growth_year": null,
            "roe": 0.06,
            "roe_4q": 4.22,
            "gross_profit": 541248,
            "gross_margin": 25.95,
            "gross_margin_4q_avg": 30.14,
            "net_income": 9979,
            "net_income_4q": null,
            "revenue": 2085821,
            "revenue_4q": null,
            "common_shares": 13582484,
            "book_valuer_per_share": 12.77,
            "book_valuer_per_share_4q_avg": 12.9,
            "equity": 17350768,
            "current_ratio": 357.19,
            "debt_ratio": 8.86,
            "inventory_turnover_ratio": 1.11,
            "account_receivable_turnover_ratio": null,
            "reinvestment_rate": null,
            "research_to_sale_ratio": null,
            "price_fair": 24.97,
            "eps_avg_yearly": 0.71,
            "eps_latest_yearly": 0.04,
            "eps_growth_yearly": 1020.05
        },
        "20063": {
            "year_quarter": 20063,
            "year": 2006,
            "quarter": 3,
            "eps": 0.01,
            "eps_growth_year": -92.86,
            "eps_4q": 0.39,
            "eps_4q_growth_year": -16.51,
            "roe": 0.04,
            "roe_4q": 3.1799999999999997,
            "gross_profit": 286309,
            "gross_margin": 18.11,
            "gross_margin_4q_avg": 26.19,
            "net_income": 7338,
            "net_income_4q": null,
            "revenue": 1580888,
            "revenue_4q": null,
            "common_shares": 14229277,
            "book_valuer_per_share": 11.65,
            "book_valuer_per_share_4q_avg": 12.58,
            "equity": 16582132,
            "current_ratio": 358.69,
            "debt_ratio": 8.15,
            "inventory_turnover_ratio": 1.19,
            "account_receivable_turnover_ratio": null,
            "reinvestment_rate": null,
            "research_to_sale_ratio": null,
            "price_fair": 21.6,
            "eps_avg_yearly": 0.62,
            "eps_latest_yearly": 0.04,
            "eps_growth_yearly": 874.33
        },
        "20064": {
            "year_quarter": 20064,
            "year": 2006,
            "quarter": 4,
            "eps": -0.04,
            "eps_growth_year": -116,
            "eps_4q": 0.12,
            "eps_4q_growth_year": -83.2,
            "roe": -0.33,
            "roe_4q": 0.9299999999999999,
            "gross_profit": 407734,
            "gross_margin": 25.81,
            "gross_margin_4q_avg": 23.84,
            "net_income": -57015,
            "net_income_4q": null,
            "revenue": 1579535,
            "revenue_4q": null,
            "common_shares": 14229277,
            "book_valuer_per_share": 12.57,
            "book_valuer_per_share_4q_avg": 12.56,
            "equity": 17886271,
            "current_ratio": 530.67,
            "debt_ratio": 5.51,
            "inventory_turnover_ratio": 1.15,
            "account_receivable_turnover_ratio": null,
            "reinvestment_rate": null,
            "research_to_sale_ratio": null,
            "price_fair": 21.6,
            "eps_avg_yearly": 0.62,
            "eps_latest_yearly": 0.04,
            "eps_growth_yearly": 874.33
        },
        "20071": {
            "year_quarter": 20071,
            "year": 2007,
            "quarter": 1,
            "eps": -0.54,
            "eps_growth_year": -437.5,
            "eps_4q": -0.57,
            "eps_4q_growth_year": -163.75,
            "roe": -4.26,
            "roe_4q": -4.49,
            "gross_profit": -30289,
            "gross_margin": -2.74,
            "gross_margin_4q_avg": 16.78,
            "net_income": -742054,
            "net_income_4q": null,
            "revenue": 1104294,
            "revenue_4q": null,
            "common_shares": 14229327,
            "book_valuer_per_share": 11.92,
            "book_valuer_per_share_4q_avg": 12.23,
            "equity": 16967780,
            "current_ratio": 378.29,
            "debt_ratio": 6.57,
            "inventory_turnover_ratio": 1.04,
            "account_receivable_turnover_ratio": null,
            "reinvestment_rate": null,
            "research_to_sale_ratio": null,
            "price_fair": 21.6,
            "eps_avg_yearly": 0.62,
            "eps_latest_yearly": 0.04,
            "eps_growth_yearly": 874.33
        },
        "20072": {
            "year_quarter": 20072,
            "year": 2007,
            "quarter": 2,
            "eps": -0.48,
            "eps_growth_year": -4900,
            "eps_4q": -1.03,
            "eps_4q_growth_year": -290.95,
            "roe": -3.96,
            "roe_4q": -8.51,
            "gross_profit": -31425,
            "gross_margin": -2.54,
            "gross_margin_4q_avg": 9.66,
            "net_income": -663507,
            "net_income_4q": null,
            "revenue": 1239216,
            "revenue_4q": null,
            "common_shares": 14077727,
            "book_valuer_per_share": 11.76,
            "book_valuer_per_share_4q_avg": 11.98,
            "equity": 16552395,
            "current_ratio": 291.87,
            "debt_ratio": 7.22,
            "inventory_turnover_ratio": 1.15,
            "account_receivable_turnover_ratio": null,
            "reinvestment_rate": null,
            "research_to_sale_ratio": null,
            "price_fair": 21.6,
            "eps_avg_yearly": 0.62,
            "eps_latest_yearly": 0.04,
            "eps_growth_yearly": 874.33
        },
        "20073": {
            "year_quarter": 20073,
            "year": 2007,
            "quarter": 3,
            "eps": -0.08,
            "eps_growth_year": -900,
            "eps_4q": -1.12,
            "eps_4q_growth_year": -386.03,
            "roe": -0.68,
            "roe_4q": -9.229999999999999,
            "gross_profit": 166667,
            "gross_margin": 8.09,
            "gross_margin_4q_avg": 7.16,
            "net_income": -111898,
            "net_income_4q": null,
            "revenue": 2061208,
            "revenue_4q": null,
            "common_shares": 14083897,
            "book_valuer_per_share": 11.48,
            "book_valuer_per_share_4q_avg": 11.93,
            "equity": 16172890,
            "current_ratio": 304.06,
            "debt_ratio": 10.32,
            "inventory_turnover_ratio": 1.87,
            "account_receivable_turnover_ratio": null,
            "reinvestment_rate": null,
            "research_to_sale_ratio": null,
            "price_fair": 21.6,
            "eps_avg_yearly": 0.62,
            "eps_latest_yearly": 0.04,
            "eps_growth_yearly": 874.33
        },
        "20074": {
            "year_quarter": 20074,
            "year": 2007,
            "quarter": 4,
            "eps": -0.26,
            "eps_growth_year": null,
            "eps_4q": -1.35,
            "eps_4q_growth_year": -1225,
            "roe": -2.37,
            "roe_4q": -11.27,
            "gross_profit": 351497,
            "gross_margin": 16.66,
            "gross_margin_4q_avg": 4.87,
            "net_income": -364628,
            "net_income_4q": null,
            "revenue": 2109371,
            "revenue_4q": null,
            "common_shares": 14098017,
            "book_valuer_per_share": 10.38,
            "book_valuer_per_share_4q_avg": 11.39,
            "equity": 14627839,
            "current_ratio": 302.7,
            "debt_ratio": 11.4,
            "inventory_turnover_ratio": 1.9,
            "account_receivable_turnover_ratio": null,
            "reinvestment_rate": null,
            "research_to_sale_ratio": null,
            "price_fair": 20.77,
            "eps_avg_yearly": 0.59,
            "eps_latest_yearly": 0.04,
            "eps_growth_yearly": 928.38
        },
        "20081": {
            "year_quarter": 20081,
            "year": 2008,
            "quarter": 1,
            "eps": 0,
            "eps_growth_year": null,
            "eps_4q": -0.81,
            "eps_4q_growth_year": null,
            "roe": -0,
            "roe_4q": -7.01,
            "gross_profit": 396223,
            "gross_margin": 24.22,
            "gross_margin_4q_avg": 11.61,
            "net_income": -231,
            "net_income_4q": null,
            "revenue": 1635735,
            "revenue_4q": null,
            "common_shares": 14098017,
            "book_valuer_per_share": 9.99,
            "book_valuer_per_share_4q_avg": 10.9,
            "equity": 14088217,
            "current_ratio": 360.75,
            "debt_ratio": 9.69,
            "inventory_turnover_ratio": 1.44,
            "account_receivable_turnover_ratio": null,
            "reinvestment_rate": null,
            "research_to_sale_ratio": null,
            "price_fair": 20.77,
            "eps_avg_yearly": 0.59,
            "eps_latest_yearly": 0.04,
            "eps_growth_yearly": 928.38
        },
        "20082": {
            "year_quarter": 20082,
            "year": 2008,
            "quarter": 2,
            "eps": -0.41,
            "eps_growth_year": null,
            "eps_4q": -0.74,
            "eps_4q_growth_year": null,
            "roe": -4.25,
            "roe_4q": -7.3,
            "gross_profit": 438041,
            "gross_margin": 28.81,
            "gross_margin_4q_avg": 19.45,
            "net_income": -567736,
            "net_income_4q": null,
            "revenue": 1520357,
            "revenue_4q": null,
            "common_shares": 14098017,
            "book_valuer_per_share": 8.96,
            "book_valuer_per_share_4q_avg": 10.2,
            "equity": 12624782,
            "current_ratio": 413.09,
            "debt_ratio": 9.16,
            "inventory_turnover_ratio": 1.55,
            "account_receivable_turnover_ratio": null,
            "reinvestment_rate": null,
            "research_to_sale_ratio": null,
            "price_fair": 20.77,
            "eps_avg_yearly": 0.59,
            "eps_latest_yearly": 0.04,
            "eps_growth_yearly": 928.38
        },
        "20083": {
            "year_quarter": 20083,
            "year": 2008,
            "quarter": 3,
            "eps": 0.29,
            "eps_growth_year": null,
            "eps_4q": -0.39,
            "eps_4q_growth_year": null,
            "roe": 3.34,
            "roe_4q": -3.2800000000000002,
            "gross_profit": 606264,
            "gross_margin": 36.92,
            "gross_margin_4q_avg": 26.65,
            "net_income": 400070,
            "net_income_4q": null,
            "revenue": 1642062,
            "revenue_4q": null,
            "common_shares": 14098017,
            "book_valuer_per_share": 8.04,
            "book_valuer_per_share_4q_avg": 9.34,
            "equity": 11337353,
            "current_ratio": 653.79,
            "debt_ratio": 6.82,
            "inventory_turnover_ratio": 2.51,
            "account_receivable_turnover_ratio": null,
            "reinvestment_rate": null,
            "research_to_sale_ratio": null,
            "price_fair": 20.77,
            "eps_avg_yearly": 0.59,
            "eps_latest_yearly": 0.04,
            "eps_growth_yearly": 928.38
        },
        "20084": {
            "year_quarter": 20084,
            "year": 2008,
            "quarter": 4,
            "eps": -4.37,
            "eps_growth_year": null,
            "eps_4q": -4.49,
            "eps_4q_growth_year": null,
            "roe": -58.53,
            "roe_4q": -59.44,
            "gross_profit": 213337,
            "gross_margin": 36.28,
            "gross_margin_4q_avg": 31.56,
            "net_income": -6122203,
            "net_income_4q": null,
            "revenue": 588004,
            "revenue_4q": null,
            "common_shares": 14014162,
            "book_valuer_per_share": 6.84,
            "book_valuer_per_share_4q_avg": 8.46,
            "equity": 9581674,
            "current_ratio": 947.17,
            "debt_ratio": 5.28,
            "inventory_turnover_ratio": 1.71,
            "account_receivable_turnover_ratio": 4.11,
            "reinvestment_rate": null,
            "research_to_sale_ratio": null,
            "price_fair": 20.77,
            "eps_avg_yearly": 0.59,
            "eps_latest_yearly": 0.04,
            "eps_growth_yearly": 928.38
        },
        "20091": {
            "year_quarter": 20091,
            "year": 2009,
            "quarter": 1,
            "eps": 0.02,
            "eps_growth_year": null,
            "eps_4q": -5.52,
            "eps_4q_growth_year": null,
            "roe": 0.22,
            "roe_4q": -59.22,
            "gross_profit": 204282,
            "gross_margin": 41.84,
            "gross_margin_4q_avg": 35.96,
            "net_income": 22690,
            "net_income_4q": null,
            "revenue": 488187,
            "revenue_4q": null,
            "common_shares": 14014162,
            "book_valuer_per_share": 7.56,
            "book_valuer_per_share_4q_avg": 7.85,
            "equity": 10588061,
            "current_ratio": 1588.95,
            "debt_ratio": 2.7,
            "inventory_turnover_ratio": 2.21,
            "account_receivable_turnover_ratio": 1.62,
            "reinvestment_rate": null,
            "research_to_sale_ratio": null,
            "price_fair": 20.77,
            "eps_avg_yearly": 0.59,
            "eps_latest_yearly": 0.04,
            "eps_growth_yearly": 928.38
        },
        "20092": {
            "year_quarter": 20092,
            "year": 2009,
            "quarter": 2,
            "eps": 0.16,
            "eps_growth_year": null,
            "eps_4q": -4.16,
            "eps_4q_growth_year": null,
            "roe": 1.97,
            "roe_4q": -53,
            "gross_profit": 449618,
            "gross_margin": 41.52,
            "gross_margin_4q_avg": 39.14,
            "net_income": 210892,
            "net_income_4q": null,
            "revenue": 1082992,
            "revenue_4q": null,
            "common_shares": 14014162,
            "book_valuer_per_share": 7.7,
            "book_valuer_per_share_4q_avg": 7.54,
            "equity": 10790808,
            "current_ratio": 839.36,
            "debt_ratio": 5.58,
            "inventory_turnover_ratio": 7.05,
            "account_receivable_turnover_ratio": 2.06,
            "reinvestment_rate": null,
            "research_to_sale_ratio": null,
            "price_fair": 17.03,
            "eps_avg_yearly": 0.49,
            "eps_latest_yearly": 0.64,
            "eps_growth_yearly": 395.05
        },
        "20093": {
            "year_quarter": 20093,
            "year": 2009,
            "quarter": 3,
            "eps": 0.38,
            "eps_growth_year": 31.03,
            "eps_4q": -7.89,
            "eps_4q_growth_year": null,
            "roe": 2.32,
            "roe_4q": -54.02,
            "gross_profit": 533832,
            "gross_margin": 39.86,
            "gross_margin_4q_avg": 39.88,
            "net_income": 270566,
            "net_income_4q": null,
            "revenue": 1339247,
            "revenue_4q": null,
            "common_shares": 7078710,
            "book_valuer_per_share": 17.77,
            "book_valuer_per_share_4q_avg": 9.97,
            "equity": 12580063,
            "current_ratio": 737.27,
            "debt_ratio": 5.85,
            "inventory_turnover_ratio": 6.35,
            "account_receivable_turnover_ratio": 1.67,
            "reinvestment_rate": null,
            "research_to_sale_ratio": null,
            "price_fair": 22.63,
            "eps_avg_yearly": 0.65,
            "eps_latest_yearly": 1.52,
            "eps_growth_yearly": 524.21
        },
        "20094": {
            "year_quarter": 20094,
            "year": 2009,
            "quarter": 4,
            "eps": 0.14,
            "eps_growth_year": null,
            "eps_4q": 0.85,
            "eps_4q_growth_year": null,
            "roe": 0.78,
            "roe_4q": 5.289999999999999,
            "gross_profit": 319376,
            "gross_margin": 37.4,
            "gross_margin_4q_avg": 40.16,
            "net_income": 101044,
            "net_income_4q": null,
            "revenue": 854033,
            "revenue_4q": null,
            "common_shares": 7087585,
            "book_valuer_per_share": 18.75,
            "book_valuer_per_share_4q_avg": 12.95,
            "equity": 13338482,
            "current_ratio": 981.46,
            "debt_ratio": 4.24,
            "inventory_turnover_ratio": 3.06,
            "account_receivable_turnover_ratio": 5.04,
            "reinvestment_rate": null,
            "research_to_sale_ratio": null,
            "price_fair": 20.07,
            "eps_avg_yearly": 0.57,
            "eps_latest_yearly": 0.56,
            "eps_growth_yearly": 429.73
        },
        "20101": {
            "year_quarter": 20101,
            "year": 2010,
            "quarter": 1,
            "eps": 0.02,
            "eps_growth_year": 0,
            "eps_4q": 0.84,
            "eps_4q_growth_year": null,
            "roe": 0.11,
            "roe_4q": 5.18,
            "gross_profit": 229293,
            "gross_margin": 37.92,
            "gross_margin_4q_avg": 39.18,
            "net_income": 14593,
            "net_income_4q": null,
            "revenue": 604754,
            "revenue_4q": null,
            "common_shares": 7135150,
            "book_valuer_per_share": 18.53,
            "book_valuer_per_share_4q_avg": 15.69,
            "equity": 13220543,
            "current_ratio": 1162.66,
            "debt_ratio": 3.6,
            "inventory_turnover_ratio": 1.79,
            "account_receivable_turnover_ratio": 1.57,
            "reinvestment_rate": null,
            "research_to_sale_ratio": 29.75,
            "price_fair": 16.8,
            "eps_avg_yearly": 0.48,
            "eps_latest_yearly": 0.08,
            "eps_growth_yearly": 396.59
        },
        "20102": {
            "year_quarter": 20102,
            "year": 2010,
            "quarter": 2,
            "eps": 0.09,
            "eps_growth_year": -40.72,
            "eps_4q": 0.64,
            "eps_4q_growth_year": null,
            "roe": 0.54,
            "roe_4q": 3.75,
            "gross_profit": 414823,
            "gross_margin": 43.99,
            "gross_margin_4q_avg": 39.79,
            "net_income": 67699,
            "net_income_4q": null,
            "revenue": 942924,
            "revenue_4q": null,
            "common_shares": 7137745,
            "book_valuer_per_share": 16.74,
            "book_valuer_per_share_4q_avg": 17.95,
            "equity": 11969319,
            "current_ratio": 498.04,
            "debt_ratio": 9.02,
            "inventory_turnover_ratio": 2.19,
            "account_receivable_turnover_ratio": 1.76,
            "reinvestment_rate": null,
            "research_to_sale_ratio": 27.44,
            "price_fair": 18.67,
            "eps_avg_yearly": 0.53,
            "eps_latest_yearly": 0.36,
            "eps_growth_yearly": 692.42
        },
        "20103": {
            "year_quarter": 20103,
            "year": 2010,
            "quarter": 3,
            "eps": 0.23,
            "eps_growth_year": -38.4,
            "eps_4q": 0.49,
            "eps_4q_growth_year": null,
            "roe": 1.41,
            "roe_4q": 2.84,
            "gross_profit": 343718,
            "gross_margin": 42.52,
            "gross_margin_4q_avg": 40.46,
            "net_income": 168938,
            "net_income_4q": null,
            "revenue": 808444,
            "revenue_4q": null,
            "common_shares": 7138245,
            "book_valuer_per_share": 16.77,
            "book_valuer_per_share_4q_avg": 17.7,
            "equity": 11980319,
            "current_ratio": 1236.4,
            "debt_ratio": 3.53,
            "inventory_turnover_ratio": 1.95,
            "account_receivable_turnover_ratio": 1.35,
            "reinvestment_rate": null,
            "research_to_sale_ratio": 29.47,
            "price_fair": 23.8,
            "eps_avg_yearly": 0.68,
            "eps_latest_yearly": 0.92,
            "eps_growth_yearly": 796.12
        },
        "20104": {
            "year_quarter": 20104,
            "year": 2010,
            "quarter": 4,
            "eps": -0.16,
            "eps_growth_year": -211.23,
            "eps_4q": 0.2,
            "eps_4q_growth_year": -76.39,
            "roe": -0.9,
            "roe_4q": 1.16,
            "gross_profit": 76762,
            "gross_margin": 26.93,
            "gross_margin_4q_avg": 37.84,
            "net_income": -108915,
            "net_income_4q": null,
            "revenue": 285039,
            "revenue_4q": null,
            "common_shares": 7138245,
            "book_valuer_per_share": 17.55,
            "book_valuer_per_share_4q_avg": 17.4,
            "equity": 12277271,
            "current_ratio": 900.17,
            "debt_ratio": 4.4,
            "inventory_turnover_ratio": 0.89,
            "account_receivable_turnover_ratio": 0.7,
            "reinvestment_rate": null,
            "research_to_sale_ratio": 62.71,
            "price_fair": 23.8,
            "eps_avg_yearly": 0.68,
            "eps_latest_yearly": 0.92,
            "eps_growth_yearly": 796.12
        },
        "20111": {
            "year_quarter": 20111,
            "year": 2011,
            "quarter": 1,
            "eps": -0.24,
            "eps_growth_year": -1300,
            "eps_4q": -0.06,
            "eps_4q_growth_year": -107.24,
            "roe": -1.41,
            "roe_4q": -0.3600000000000001,
            "gross_profit": 185751,
            "gross_margin": 37.12,
            "gross_margin_4q_avg": 37.64,
            "net_income": -167288,
            "net_income_4q": null,
            "revenue": 500422,
            "revenue_4q": null,
            "common_shares": 6838450,
            "book_valuer_per_share": 16.77,
            "book_valuer_per_share_4q_avg": 16.96,
            "equity": 11464690,
            "current_ratio": 945.43,
            "debt_ratio": 3.96,
            "inventory_turnover_ratio": 1.27,
            "account_receivable_turnover_ratio": 1.67,
            "reinvestment_rate": null,
            "research_to_sale_ratio": 56.85,
            "price_fair": 23.8,
            "eps_avg_yearly": 0.68,
            "eps_latest_yearly": 0.92,
            "eps_growth_yearly": 796.12
        },
        "20112": {
            "year_quarter": 20112,
            "year": 2011,
            "quarter": 2,
            "eps": -0.26,
            "eps_growth_year": -376.92,
            "eps_4q": -0.42,
            "eps_4q_growth_year": -166.39,
            "roe": -1.61,
            "roe_4q": -2.51,
            "gross_profit": 185289,
            "gross_margin": 37.47,
            "gross_margin_4q_avg": 36.01,
            "net_income": -179613,
            "net_income_4q": null,
            "revenue": 494475,
            "revenue_4q": null,
            "common_shares": 6838450,
            "book_valuer_per_share": 15.85,
            "book_valuer_per_share_4q_avg": 16.74,
            "equity": 10837958,
            "current_ratio": 754.03,
            "debt_ratio": 5,
            "inventory_turnover_ratio": 1.5,
            "account_receivable_turnover_ratio": 1.46,
            "reinvestment_rate": null,
            "research_to_sale_ratio": 58.42,
            "price_fair": 23.8,
            "eps_avg_yearly": 0.68,
            "eps_latest_yearly": 0.92,
            "eps_growth_yearly": 796.12
        },
        "20113": {
            "year_quarter": 20113,
            "year": 2011,
            "quarter": 3,
            "eps": 0.21,
            "eps_growth_year": -10.1,
            "eps_4q": -0.48,
            "eps_4q_growth_year": -196.9,
            "roe": 1.35,
            "roe_4q": -2.57,
            "gross_profit": 122037,
            "gross_margin": 35.13,
            "gross_margin_4q_avg": 34.16,
            "net_income": 139797,
            "net_income_4q": null,
            "revenue": 347350,
            "revenue_4q": null,
            "common_shares": 6838450,
            "book_valuer_per_share": 14.76,
            "book_valuer_per_share_4q_avg": 16.23,
            "equity": 9804610,
            "current_ratio": 1381.96,
            "debt_ratio": 2.85,
            "inventory_turnover_ratio": 1.9,
            "account_receivable_turnover_ratio": 1.18,
            "reinvestment_rate": null,
            "research_to_sale_ratio": 77.84,
            "price_fair": 23.8,
            "eps_avg_yearly": 0.68,
            "eps_latest_yearly": 0.92,
            "eps_growth_yearly": 796.12
        },
        "20114": {
            "year_quarter": 20114,
            "year": 2011,
            "quarter": 4,
            "eps": -0.77,
            "eps_growth_year": null,
            "eps_4q": -1.1,
            "eps_4q_growth_year": -645.89,
            "roe": -5.26,
            "roe_4q": -6.93,
            "gross_profit": 12720,
            "gross_margin": 16.52,
            "gross_margin_4q_avg": 31.56,
            "net_income": -507698,
            "net_income_4q": null,
            "revenue": 76985,
            "revenue_4q": null,
            "common_shares": 6577330,
            "book_valuer_per_share": 14.83,
            "book_valuer_per_share_4q_avg": 15.55,
            "equity": 9502810,
            "current_ratio": 928.3,
            "debt_ratio": 3.73,
            "inventory_turnover_ratio": 0.78,
            "account_receivable_turnover_ratio": 0.46,
            "reinvestment_rate": null,
            "research_to_sale_ratio": 375.36,
            "price_fair": 23.8,
            "eps_avg_yearly": 0.68,
            "eps_latest_yearly": 0.92,
            "eps_growth_yearly": 796.12
        },
        "20121": {
            "year_quarter": 20121,
            "year": 2012,
            "quarter": 1,
            "eps": -0.55,
            "eps_growth_year": null,
            "eps_4q": -1.39,
            "eps_4q_growth_year": null,
            "roe": -3.79,
            "roe_4q": -9.31,
            "gross_profit": 2944,
            "gross_margin": 2.38,
            "gross_margin_4q_avg": 22.88,
            "net_income": -362339,
            "net_income_4q": null,
            "revenue": 123521,
            "revenue_4q": null,
            "common_shares": 6277330,
            "book_valuer_per_share": 15.19,
            "book_valuer_per_share_4q_avg": 15.16,
            "equity": 9614176,
            "current_ratio": 812.97,
            "debt_ratio": 3.67,
            "inventory_turnover_ratio": 1.3,
            "account_receivable_turnover_ratio": 1.26,
            "reinvestment_rate": null,
            "research_to_sale_ratio": 219.32,
            "price_fair": 23.8,
            "eps_avg_yearly": 0.68,
            "eps_latest_yearly": 0.92,
            "eps_growth_yearly": 796.12
        },
        "20122": {
            "year_quarter": 20122,
            "year": 2012,
            "quarter": 2,
            "eps": -0.53,
            "eps_growth_year": null,
            "eps_4q": -1.65,
            "eps_4q_growth_year": null,
            "roe": -3.73,
            "roe_4q": -11.43,
            "gross_profit": 27059,
            "gross_margin": 20.75,
            "gross_margin_4q_avg": 18.7,
            "net_income": -341002,
            "net_income_4q": null,
            "revenue": 130399,
            "revenue_4q": null,
            "common_shares": 6277330,
            "book_valuer_per_share": 14,
            "book_valuer_per_share_4q_avg": 14.7,
            "equity": 8683288,
            "current_ratio": 837.42,
            "debt_ratio": 3.18,
            "inventory_turnover_ratio": 1.49,
            "account_receivable_turnover_ratio": 1.59,
            "reinvestment_rate": null,
            "research_to_sale_ratio": 215.77,
            "price_fair": 23.8,
            "eps_avg_yearly": 0.68,
            "eps_latest_yearly": 0.92,
            "eps_growth_yearly": 796.12
        },
        "20123": {
            "year_quarter": 20123,
            "year": 2012,
            "quarter": 3,
            "eps": -0.13,
            "eps_growth_year": -159.74,
            "eps_4q": -2.02,
            "eps_4q_growth_year": null,
            "roe": -0.91,
            "roe_4q": -13.69,
            "gross_profit": 92665,
            "gross_margin": 47.58,
            "gross_margin_4q_avg": 21.81,
            "net_income": -77120,
            "net_income_4q": null,
            "revenue": 194762,
            "revenue_4q": null,
            "common_shares": 6277330,
            "book_valuer_per_share": 13.49,
            "book_valuer_per_share_4q_avg": 14.38,
            "equity": 8275481,
            "current_ratio": 747.33,
            "debt_ratio": 3.64,
            "inventory_turnover_ratio": 1.29,
            "account_receivable_turnover_ratio": 3.24,
            "reinvestment_rate": null,
            "research_to_sale_ratio": 124.82,
            "price_fair": 23.8,
            "eps_avg_yearly": 0.68,
            "eps_latest_yearly": 0.92,
            "eps_growth_yearly": 796.12
        },
        "20124": {
            "year_quarter": 20124,
            "year": 2012,
            "quarter": 4,
            "eps": -1.2,
            "eps_growth_year": null,
            "eps_4q": -2.42,
            "eps_4q_growth_year": null,
            "roe": -9.42,
            "roe_4q": -17.85,
            "gross_profit": 26219,
            "gross_margin": 18.01,
            "gross_margin_4q_avg": 22.18,
            "net_income": -736145,
            "net_income_4q": null,
            "revenue": 145576,
            "revenue_4q": null,
            "common_shares": 6277330,
            "book_valuer_per_share": 12,
            "book_valuer_per_share_4q_avg": 13.67,
            "equity": 7360586,
            "current_ratio": 534.68,
            "debt_ratio": 5.2,
            "inventory_turnover_ratio": 1.04,
            "account_receivable_turnover_ratio": 2.12,
            "reinvestment_rate": null,
            "research_to_sale_ratio": 207.79,
            "price_fair": 23.8,
            "eps_avg_yearly": 0.68,
            "eps_latest_yearly": 0.92,
            "eps_growth_yearly": 796.12
        },
        "20131": {
            "year_quarter": 20131,
            "year": 2013,
            "quarter": 1,
            "eps": -0.24,
            "eps_growth_year": null,
            "eps_4q": -2.1,
            "eps_4q_growth_year": null,
            "roe": -2.01,
            "roe_4q": -16.07,
            "gross_profit": 25813,
            "gross_margin": 23.1,
            "gross_margin_4q_avg": 27.36,
            "net_income": -145266,
            "net_income_4q": null,
            "revenue": 111733,
            "revenue_4q": null,
            "common_shares": 6277330,
            "book_valuer_per_share": 11.54,
            "book_valuer_per_share_4q_avg": 12.76,
            "equity": 7078900,
            "current_ratio": 690.99,
            "debt_ratio": 3.32,
            "inventory_turnover_ratio": 0.55,
            "account_receivable_turnover_ratio": 1.84,
            "reinvestment_rate": null,
            "research_to_sale_ratio": 87.54,
            "price_fair": 23.8,
            "eps_avg_yearly": 0.68,
            "eps_latest_yearly": 0.92,
            "eps_growth_yearly": 796.12
        },
        "20132": {
            "year_quarter": 20132,
            "year": 2013,
            "quarter": 2,
            "eps": -0.11,
            "eps_growth_year": null,
            "eps_4q": -1.67,
            "eps_4q_growth_year": null,
            "roe": -0.9,
            "roe_4q": -13.24,
            "gross_profit": 11228,
            "gross_margin": 9.66,
            "gross_margin_4q_avg": 24.59,
            "net_income": -67965,
            "net_income_4q": null,
            "revenue": 116220,
            "revenue_4q": null,
            "common_shares": 6277330,
            "book_valuer_per_share": 13.14,
            "book_valuer_per_share_4q_avg": 12.54,
            "equity": 8061741,
            "current_ratio": 925.81,
            "debt_ratio": 2.11,
            "inventory_turnover_ratio": 0.59,
            "account_receivable_turnover_ratio": 2.14,
            "reinvestment_rate": null,
            "research_to_sale_ratio": 61.32,
            "price_fair": 24.08,
            "eps_avg_yearly": 0.69,
            "eps_latest_yearly": 0.92,
            "eps_growth_yearly": 395.35
        },
        "20133": {
            "year_quarter": 20133,
            "year": 2013,
            "quarter": 3,
            "eps": 0.06,
            "eps_growth_year": null,
            "eps_4q": -1.49,
            "eps_4q_growth_year": null,
            "roe": 0.44,
            "roe_4q": -11.89,
            "gross_profit": 29382,
            "gross_margin": 23.04,
            "gross_margin_4q_avg": 18.45,
            "net_income": 34188,
            "net_income_4q": null,
            "revenue": 127534,
            "revenue_4q": null,
            "common_shares": 6135350,
            "book_valuer_per_share": 12.25,
            "book_valuer_per_share_4q_avg": 12.23,
            "equity": 7513961,
            "current_ratio": 900.82,
            "debt_ratio": 2.42,
            "inventory_turnover_ratio": 0.67,
            "account_receivable_turnover_ratio": 1.63,
            "reinvestment_rate": null,
            "research_to_sale_ratio": 54.27,
            "price_fair": 16.8,
            "eps_avg_yearly": 0.48,
            "eps_latest_yearly": 0.92,
            "eps_growth_yearly": 356.68
        },
        "20134": {
            "year_quarter": 20134,
            "year": 2013,
            "quarter": 4,
            "eps": -0.17,
            "eps_growth_year": null,
            "eps_4q": -0.47,
            "eps_4q_growth_year": null,
            "roe": -1.44,
            "roe_4q": -3.9099999999999997,
            "gross_profit": -9157,
            "gross_margin": -9.61,
            "gross_margin_4q_avg": 11.55,
            "net_income": -107073,
            "net_income_4q": null,
            "revenue": 95259,
            "revenue_4q": null,
            "common_shares": 6135350,
            "book_valuer_per_share": 11.94,
            "book_valuer_per_share_4q_avg": 12.22,
            "equity": 7327255,
            "current_ratio": 1246.18,
            "debt_ratio": 1.68,
            "inventory_turnover_ratio": 1.16,
            "account_receivable_turnover_ratio": 1.04,
            "reinvestment_rate": null,
            "research_to_sale_ratio": 61.99,
            "price_fair": 15.87,
            "eps_avg_yearly": 0.45,
            "eps_latest_yearly": 0.92,
            "eps_growth_yearly": 559.79
        },
        "20141": {
            "year_quarter": 20141,
            "year": 2014,
            "quarter": 1,
            "eps": -0.14,
            "eps_growth_year": null,
            "eps_4q": -0.37,
            "eps_4q_growth_year": null,
            "roe": -1.15,
            "roe_4q": -3.05,
            "gross_profit": 17956,
            "gross_margin": 23.09,
            "gross_margin_4q_avg": 11.55,
            "net_income": -85273,
            "net_income_4q": null,
            "revenue": 77755,
            "revenue_4q": null,
            "common_shares": 6135350,
            "book_valuer_per_share": 12.17,
            "book_valuer_per_share_4q_avg": 12.38,
            "equity": 7465856,
            "current_ratio": 1382.44,
            "debt_ratio": 1.42,
            "inventory_turnover_ratio": 1.18,
            "account_receivable_turnover_ratio": 1.18,
            "reinvestment_rate": null,
            "research_to_sale_ratio": 76.41,
            "price_fair": 22.4,
            "eps_avg_yearly": 0.64,
            "eps_latest_yearly": 0.92,
            "eps_growth_yearly": 1011.11
        },
        "20142": {
            "year_quarter": 20142,
            "year": 2014,
            "quarter": 2,
            "eps": -0.05,
            "eps_growth_year": null,
            "eps_4q": -0.31,
            "eps_4q_growth_year": null,
            "roe": -0.43,
            "roe_4q": -2.5799999999999996,
            "gross_profit": 51858,
            "gross_margin": 30.98,
            "gross_margin_4q_avg": 16.88,
            "net_income": -33101,
            "net_income_4q": null,
            "revenue": 167407,
            "revenue_4q": null,
            "common_shares": 6135350,
            "book_valuer_per_share": 13.02,
            "book_valuer_per_share_4q_avg": 12.35,
            "equity": 7990989,
            "current_ratio": 684.11,
            "debt_ratio": 3.02,
            "inventory_turnover_ratio": 1.7,
            "account_receivable_turnover_ratio": 2.23,
            "reinvestment_rate": null,
            "research_to_sale_ratio": 38.01,
            "price_fair": 32.2,
            "eps_avg_yearly": 0.92,
            "eps_latest_yearly": 0.92,
            "eps_growth_yearly": 622.22
        },
        "20143": {
            "year_quarter": 20143,
            "year": 2014,
            "quarter": 3,
            "eps": 0.13,
            "eps_growth_year": 116.67,
            "eps_4q": -0.24,
            "eps_4q_growth_year": null,
            "roe": 1.03,
            "roe_4q": -1.9899999999999998,
            "gross_profit": 45832,
            "gross_margin": 39.43,
            "gross_margin_4q_avg": 20.97,
            "net_income": 78566,
            "net_income_4q": null,
            "revenue": 116223,
            "revenue_4q": null,
            "common_shares": 6135350,
            "book_valuer_per_share": 11.95,
            "book_valuer_per_share_4q_avg": 12.27,
            "equity": 7329022,
            "current_ratio": 881.52,
            "debt_ratio": 2.68,
            "inventory_turnover_ratio": 0.71,
            "account_receivable_turnover_ratio": 1.18,
            "reinvestment_rate": null,
            "research_to_sale_ratio": 58.64,
            "price_fair": 0,
            "eps_avg_yearly": 0,
            "eps_latest_yearly": 0,
            "eps_growth_yearly": 0
        },
        "20144": {
            "year_quarter": 20144,
            "year": 2014,
            "quarter": 4,
            "eps": -0.13,
            "eps_growth_year": null,
            "eps_4q": -0.19,
            "eps_4q_growth_year": null,
            "roe": -1.02,
            "roe_4q": -1.5699999999999998,
            "gross_profit": 31518,
            "gross_margin": 44.43,
            "gross_margin_4q_avg": 34.48,
            "net_income": -77475,
            "net_income_4q": null,
            "revenue": 70938,
            "revenue_4q": null,
            "common_shares": 6135350,
            "book_valuer_per_share": 12.93,
            "book_valuer_per_share_4q_avg": 12.52,
            "equity": 7932178,
            "current_ratio": 1209.6,
            "debt_ratio": 1.72,
            "inventory_turnover_ratio": 0.35,
            "account_receivable_turnover_ratio": 0.99,
            "reinvestment_rate": null,
            "research_to_sale_ratio": 92.7,
            "price_fair": 0,
            "eps_avg_yearly": 0,
            "eps_latest_yearly": 0,
            "eps_growth_yearly": 0
        },
        "20151": {
            "year_quarter": 20151,
            "year": 2015,
            "quarter": 1,
            "eps": -0.09,
            "eps_growth_year": null,
            "eps_4q": -0.14,
            "eps_4q_growth_year": null,
            "roe": -0.69,
            "roe_4q": -1.1099999999999999,
            "gross_profit": 20645,
            "gross_margin": 41.59,
            "gross_margin_4q_avg": 39.11,
            "net_income": -55047,
            "net_income_4q": null,
            "revenue": 49643,
            "revenue_4q": null,
            "common_shares": 6135350,
            "book_valuer_per_share": 13.22,
            "book_valuer_per_share_4q_avg": 12.78,
            "equity": 8113728,
            "current_ratio": 1676.39,
            "debt_ratio": 1.15,
            "inventory_turnover_ratio": 0.29,
            "account_receivable_turnover_ratio": 1.24,
            "reinvestment_rate": null,
            "research_to_sale_ratio": 128.96,
            "price_fair": 0,
            "eps_avg_yearly": 0,
            "eps_latest_yearly": 0,
            "eps_growth_yearly": 0
        },
        "20152": {
            "year_quarter": 20152,
            "year": 2015,
            "quarter": 2,
            "eps": -0.12,
            "eps_growth_year": null,
            "eps_4q": -0.21,
            "eps_4q_growth_year": null,
            "roe": -0.94,
            "roe_4q": -1.6199999999999999,
            "gross_profit": 36477,
            "gross_margin": 58.41,
            "gross_margin_4q_avg": 45.97,
            "net_income": -72667,
            "net_income_4q": null,
            "revenue": 62445,
            "revenue_4q": null,
            "common_shares": 6135350,
            "book_valuer_per_share": 11.85,
            "book_valuer_per_share_4q_avg": 12.49,
            "equity": 7268493,
            "current_ratio": 2037.02,
            "debt_ratio": 1.01,
            "inventory_turnover_ratio": 0.3,
            "account_receivable_turnover_ratio": 1.95,
            "reinvestment_rate": null,
            "research_to_sale_ratio": 107.68,
            "price_fair": 0,
            "eps_avg_yearly": 0,
            "eps_latest_yearly": 0,
            "eps_growth_yearly": 0
        },
        "20153": {
            "year_quarter": 20153,
            "year": 2015,
            "quarter": 3,
            "eps": 0.17,
            "eps_growth_year": 30.77,
            "eps_4q": -0.17,
            "eps_4q_growth_year": null,
            "roe": 1.47,
            "roe_4q": -1.18,
            "gross_profit": 18642,
            "gross_margin": 34.79,
            "gross_margin_4q_avg": 44.81,
            "net_income": 102462,
            "net_income_4q": null,
            "revenue": 53590,
            "revenue_4q": null,
            "common_shares": 6135350,
            "book_valuer_per_share": 10.86,
            "book_valuer_per_share_4q_avg": 12.22,
            "equity": 6665507,
            "current_ratio": 2353.54,
            "debt_ratio": 1.02,
            "inventory_turnover_ratio": 0.47,
            "account_receivable_turnover_ratio": 1.59,
            "reinvestment_rate": null,
            "research_to_sale_ratio": 139.23,
            "price_fair": 0,
            "eps_avg_yearly": 0,
            "eps_latest_yearly": 0,
            "eps_growth_yearly": 0
        },
        "20154": {
            "year_quarter": 20154,
            "year": 2015,
            "quarter": 4,
            "eps": 0.06,
            "eps_growth_year": null,
            "eps_4q": 0.02,
            "eps_4q_growth_year": null,
            "roe": 0.52,
            "roe_4q": 0.3600000000000001,
            "gross_profit": 12510,
            "gross_margin": 20.35,
            "gross_margin_4q_avg": 38.79,
            "net_income": 35515,
            "net_income_4q": null,
            "revenue": 61460,
            "revenue_4q": null,
            "common_shares": 6135350,
            "book_valuer_per_share": 11.58,
            "book_valuer_per_share_4q_avg": 11.88,
            "equity": 7107487,
            "current_ratio": 1869.97,
            "debt_ratio": 1.14,
            "inventory_turnover_ratio": 0.94,
            "account_receivable_turnover_ratio": 1.4,
            "reinvestment_rate": null,
            "research_to_sale_ratio": 129.7,
            "price_fair": 0.72,
            "eps_avg_yearly": 0.24,
            "eps_latest_yearly": 0.24,
            "eps_growth_yearly": -258.82
        },
        "20161": {
            "year_quarter": 20161,
            "year": 2016,
            "quarter": 1,
            "eps": -0.09,
            "eps_growth_year": null,
            "eps_4q": 0.02,
            "eps_4q_growth_year": null,
            "roe": -0.72,
            "roe_4q": 0.33000000000000007,
            "gross_profit": 24813,
            "gross_margin": 54.36,
            "gross_margin_4q_avg": 41.98,
            "net_income": -52575,
            "net_income_4q": null,
            "revenue": 45643,
            "revenue_4q": null,
            "common_shares": 6135350,
            "book_valuer_per_share": 12.1,
            "book_valuer_per_share_4q_avg": 11.6,
            "equity": 7425130,
            "current_ratio": 3205.77,
            "debt_ratio": 0.59,
            "inventory_turnover_ratio": 0.6,
            "account_receivable_turnover_ratio": 0.85,
            "reinvestment_rate": null,
            "research_to_sale_ratio": 143.05,
            "price_fair": 0.72,
            "eps_avg_yearly": 0.24,
            "eps_latest_yearly": 0.24,
            "eps_growth_yearly": -258.82
        },
        "20162": {
            "year_quarter": 20162,
            "year": 2016,
            "quarter": 2,
            "eps": -0.12,
            "eps_growth_year": null,
            "eps_4q": 0.02,
            "eps_4q_growth_year": null,
            "roe": -1.02,
            "roe_4q": 0.25,
            "gross_profit": 26058,
            "gross_margin": 54.51,
            "gross_margin_4q_avg": 41,
            "net_income": -74065,
            "net_income_4q": null,
            "revenue": 47807,
            "revenue_4q": null,
            "common_shares": 6135350,
            "book_valuer_per_share": 11.58,
            "book_valuer_per_share_4q_avg": 11.53,
            "equity": 7103910,
            "current_ratio": 3120.46,
            "debt_ratio": 0.76,
            "inventory_turnover_ratio": 0.66,
            "account_receivable_turnover_ratio": 1.12,
            "reinvestment_rate": null,
            "research_to_sale_ratio": 135.96,
            "price_fair": 0.72,
            "eps_avg_yearly": 0.24,
            "eps_latest_yearly": 0.24,
            "eps_growth_yearly": -258.82
        },
        "20163": {
            "year_quarter": 20163,
            "year": 2016,
            "quarter": 3,
            "eps": 0.17,
            "eps_growth_year": 0,
            "eps_4q": 0.01,
            "eps_4q_growth_year": null,
            "roe": 1.36,
            "roe_4q": 0.14000000000000012,
            "gross_profit": 16006,
            "gross_margin": 47.09,
            "gross_margin_4q_avg": 44.08,
            "net_income": 94714,
            "net_income_4q": null,
            "revenue": 33990,
            "revenue_4q": null,
            "common_shares": 5600625,
            "book_valuer_per_share": 12.26,
            "book_valuer_per_share_4q_avg": 11.88,
            "equity": 6867089,
            "current_ratio": 3697.46,
            "debt_ratio": 0.67,
            "inventory_turnover_ratio": 0.62,
            "account_receivable_turnover_ratio": 1.16,
            "reinvestment_rate": null,
            "research_to_sale_ratio": 214.34,
            "price_fair": 0.72,
            "eps_avg_yearly": 0.24,
            "eps_latest_yearly": 0.24,
            "eps_growth_yearly": -258.82
        },
        "20164": {
            "year_quarter": 20164,
            "year": 2016,
            "quarter": 4,
            "eps": -0.28,
            "eps_growth_year": -584.14,
            "eps_4q": -0.34,
            "eps_4q_growth_year": -2116.09,
            "roe": -2.32,
            "roe_4q": -2.6999999999999997,
            "gross_profit": 40760,
            "gross_margin": 73.53,
            "gross_margin_4q_avg": 57.37,
            "net_income": -156956,
            "net_income_4q": null,
            "revenue": 55433,
            "revenue_4q": null,
            "common_shares": 5600625,
            "book_valuer_per_share": 11.88,
            "book_valuer_per_share_4q_avg": 11.96,
            "equity": 6654236,
            "current_ratio": 2686.33,
            "debt_ratio": 0.9,
            "inventory_turnover_ratio": 0.48,
            "account_receivable_turnover_ratio": 1.91,
            "reinvestment_rate": null,
            "research_to_sale_ratio": 123.93,
            "price_fair": 0.72,
            "eps_avg_yearly": 0.24,
            "eps_latest_yearly": 0.24,
            "eps_growth_yearly": -258.82
        },
        "20171": {
            "year_quarter": 20171,
            "year": 2017,
            "quarter": 1,
            "eps": -0.2,
            "eps_growth_year": null,
            "eps_4q": -0.44,
            "eps_4q_growth_year": -2221.98,
            "roe": -1.64,
            "roe_4q": -3.6199999999999997,
            "gross_profit": 21367,
            "gross_margin": 47.25,
            "gross_margin_4q_avg": 55.6,
            "net_income": -110378,
            "net_income_4q": null,
            "revenue": 45220,
            "revenue_4q": null,
            "common_shares": 5600625,
            "book_valuer_per_share": 12.13,
            "book_valuer_per_share_4q_avg": 11.96,
            "equity": 6795912,
            "current_ratio": 2628.67,
            "debt_ratio": 0.74,
            "inventory_turnover_ratio": 0.58,
            "account_receivable_turnover_ratio": 1.65,
            "reinvestment_rate": null,
            "research_to_sale_ratio": 151.6,
            "price_fair": 0.72,
            "eps_avg_yearly": 0.24,
            "eps_latest_yearly": 0.24,
            "eps_growth_yearly": -258.82
        },
        "20172": {
            "year_quarter": 20172,
            "year": 2017,
            "quarter": 2,
            "eps": -0.16,
            "eps_growth_year": null,
            "eps_4q": -0.47,
            "eps_4q_growth_year": -2620.08,
            "roe": -1.23,
            "roe_4q": -3.829999999999999,
            "gross_profit": 22449,
            "gross_margin": 41.37,
            "gross_margin_4q_avg": 52.31,
            "net_income": -88179,
            "net_income_4q": null,
            "revenue": 54269,
            "revenue_4q": null,
            "common_shares": 5600625,
            "book_valuer_per_share": 13.39,
            "book_valuer_per_share_4q_avg": 12.42,
            "equity": 7500102,
            "current_ratio": 2086.11,
            "debt_ratio": 0.78,
            "inventory_turnover_ratio": 0.67,
            "account_receivable_turnover_ratio": 2.1,
            "reinvestment_rate": null,
            "research_to_sale_ratio": 132.03,
            "price_fair": 0.72,
            "eps_avg_yearly": 0.24,
            "eps_latest_yearly": 0.24,
            "eps_growth_yearly": -258.82
        },
        "20173": {
            "year_quarter": 20173,
            "year": 2017,
            "quarter": 3,
            "eps": 0.14,
            "eps_growth_year": -17.65,
            "eps_4q": -0.5,
            "eps_4q_growth_year": -7853.12,
            "roe": 1.02,
            "roe_4q": -4.17,
            "gross_profit": 27921,
            "gross_margin": 49.15,
            "gross_margin_4q_avg": 52.83,
            "net_income": 77263,
            "net_income_4q": null,
            "revenue": 56808,
            "revenue_4q": null,
            "common_shares": 5600625,
            "book_valuer_per_share": 13.69,
            "book_valuer_per_share_4q_avg": 12.77,
            "equity": 7669401,
            "current_ratio": 2079.72,
            "debt_ratio": 0.82,
            "inventory_turnover_ratio": 0.63,
            "account_receivable_turnover_ratio": 1.81,
            "reinvestment_rate": null,
            "research_to_sale_ratio": 126.62,
            "price_fair": 0.72,
            "eps_avg_yearly": 0.24,
            "eps_latest_yearly": 0.24,
            "eps_growth_yearly": -258.82
        },
        "20174": {
            "year_quarter": 20174,
            "year": 2017,
            "quarter": 4,
            "eps": -0.28,
            "eps_growth_year": null,
            "eps_4q": -0.5,
            "eps_4q_growth_year": null,
            "roe": -2.09,
            "roe_4q": -3.9399999999999995,
            "gross_profit": 31662,
            "gross_margin": 56.85,
            "gross_margin_4q_avg": 48.66,
            "net_income": -156258,
            "net_income_4q": null,
            "revenue": 55691,
            "revenue_4q": null,
            "common_shares": 5600625,
            "book_valuer_per_share": 12.95,
            "book_valuer_per_share_4q_avg": 13.04,
            "equity": 7252566,
            "current_ratio": 1710.42,
            "debt_ratio": 0.97,
            "inventory_turnover_ratio": 0.5,
            "account_receivable_turnover_ratio": 1.55,
            "reinvestment_rate": null,
            "research_to_sale_ratio": 126.99,
            "price_fair": 0.72,
            "eps_avg_yearly": 0.24,
            "eps_latest_yearly": 0.24,
            "eps_growth_yearly": -258.82
        },
        "20181": {
            "year_quarter": 20181,
            "year": 2018,
            "quarter": 1,
            "eps": -0.18,
            "eps_growth_year": null,
            "eps_4q": -0.48,
            "eps_4q_growth_year": null,
            "roe": -1.32,
            "roe_4q": -3.62,
            "gross_profit": 14524,
            "gross_margin": 35.29,
            "gross_margin_4q_avg": 45.67,
            "net_income": -100963,
            "net_income_4q": null,
            "revenue": 41161,
            "revenue_4q": null,
            "common_shares": 5600625,
            "book_valuer_per_share": 14.26,
            "book_valuer_per_share_4q_avg": 13.57,
            "equity": 7987108,
            "current_ratio": 1918.78,
            "debt_ratio": 0.72,
            "inventory_turnover_ratio": 0.51,
            "account_receivable_turnover_ratio": 1.15,
            "reinvestment_rate": null,
            "research_to_sale_ratio": 192.87,
            "price_fair": 0.72,
            "eps_avg_yearly": 0.24,
            "eps_latest_yearly": 0.24,
            "eps_growth_yearly": -258.82
        },
        "20182": {
            "year_quarter": 20182,
            "year": 2018,
            "quarter": 2,
            "eps": -0.14,
            "eps_growth_year": null,
            "eps_4q": -0.47,
            "eps_4q_growth_year": null,
            "roe": -0.96,
            "roe_4q": -3.35,
            "gross_profit": 22576,
            "gross_margin": 30.17,
            "gross_margin_4q_avg": 42.87,
            "net_income": -78172,
            "net_income_4q": null,
            "revenue": 74824,
            "revenue_4q": null,
            "common_shares": 5600625,
            "book_valuer_per_share": 15.07,
            "book_valuer_per_share_4q_avg": 13.99,
            "equity": 8347804,
            "current_ratio": 1415.25,
            "debt_ratio": 0.82,
            "inventory_turnover_ratio": 0.77,
            "account_receivable_turnover_ratio": 2.24,
            "reinvestment_rate": null,
            "research_to_sale_ratio": 103.84,
            "price_fair": 0.72,
            "eps_avg_yearly": 0.24,
            "eps_latest_yearly": 0.24,
            "eps_growth_yearly": -258.82
        },
        "20183": {
            "year_quarter": 20183,
            "year": 2018,
            "quarter": 3,
            "eps": 0.24,
            "eps_growth_year": 71.43,
            "eps_4q": -0.36,
            "eps_4q_growth_year": null,
            "roe": 1.62,
            "roe_4q": -2.75,
            "gross_profit": 11548,
            "gross_margin": 18.18,
            "gross_margin_4q_avg": 35.12,
            "net_income": 134362,
            "net_income_4q": null,
            "revenue": 63525,
            "revenue_4q": null,
            "common_shares": 5600625,
            "book_valuer_per_share": 14.8,
            "book_valuer_per_share_4q_avg": 14.27,
            "equity": 8198728,
            "current_ratio": 2262.06,
            "debt_ratio": 0.85,
            "inventory_turnover_ratio": 0.61,
            "account_receivable_turnover_ratio": 1.84,
            "reinvestment_rate": null,
            "research_to_sale_ratio": 127.88,
            "price_fair": 0.72,
            "eps_avg_yearly": 0.24,
            "eps_latest_yearly": 0.24,
            "eps_growth_yearly": -258.82
        },
        "20184": {
            "year_quarter": 20184,
            "year": 2018,
            "quarter": 4,
            "eps": -0.24,
            "eps_growth_year": null,
            "eps_4q": -0.33,
            "eps_4q_growth_year": null,
            "roe": -1.8,
            "roe_4q": -2.46,
            "gross_profit": -4307,
            "gross_margin": -9.88,
            "gross_margin_4q_avg": 18.44,
            "net_income": -130445,
            "net_income_4q": null,
            "revenue": 43575,
            "revenue_4q": null,
            "common_shares": 5600625,
            "book_valuer_per_share": 11.71,
            "book_valuer_per_share_4q_avg": 13.96,
            "equity": 6290089,
            "current_ratio": 1456.55,
            "debt_ratio": 1.48,
            "inventory_turnover_ratio": 0.56,
            "account_receivable_turnover_ratio": 1.25,
            "reinvestment_rate": null,
            "research_to_sale_ratio": 173.22,
            "price_fair": 0.72,
            "eps_avg_yearly": 0.24,
            "eps_latest_yearly": 0.24,
            "eps_growth_yearly": -258.82
        },
        "20191": {
            "year_quarter": 20191,
            "year": 2019,
            "quarter": 1,
            "eps": -0.17,
            "eps_growth_year": null,
            "eps_4q": -0.31,
            "eps_4q_growth_year": null,
            "roe": -1.42,
            "roe_4q": -2.5599999999999996,
            "gross_profit": 24357,
            "gross_margin": 39.53,
            "gross_margin_4q_avg": 19.5,
            "net_income": -89250,
            "net_income_4q": null,
            "revenue": 61619,
            "revenue_4q": null,
            "common_shares": 5600625,
            "book_valuer_per_share": 11.84,
            "book_valuer_per_share_4q_avg": 13.36,
            "equity": 6321495,
            "current_ratio": 2114.71,
            "debt_ratio": 1,
            "inventory_turnover_ratio": 0.49,
            "account_receivable_turnover_ratio": 1.78,
            "reinvestment_rate": null,
            "research_to_sale_ratio": 126.8,
            "price_fair": 0.72,
            "eps_avg_yearly": 0.24,
            "eps_latest_yearly": 0.24,
            "eps_growth_yearly": -258.82
        },
        "20192": {
            "year_quarter": 20192,
            "year": 2019,
            "quarter": 2,
            "eps": -0.17,
            "eps_growth_year": null,
            "eps_4q": -0.33,
            "eps_4q_growth_year": null,
            "roe": -1.39,
            "roe_4q": -2.9899999999999993,
            "gross_profit": 25611,
            "gross_margin": 41.88,
            "gross_margin_4q_avg": 22.43,
            "net_income": -92278,
            "net_income_4q": null,
            "revenue": 61154,
            "revenue_4q": null,
            "common_shares": 5600625,
            "book_valuer_per_share": 12.94,
            "book_valuer_per_share_4q_avg": 12.82,
            "equity": 6909720,
            "current_ratio": 1614.45,
            "debt_ratio": 1.03,
            "inventory_turnover_ratio": 0.54,
            "account_receivable_turnover_ratio": 1.4,
            "reinvestment_rate": null,
            "research_to_sale_ratio": 136.62,
            "price_fair": 0.72,
            "eps_avg_yearly": 0.24,
            "eps_latest_yearly": 0.24,
            "eps_growth_yearly": -258.82
        },
        "20193": {
            "year_quarter": 20193,
            "year": 2019,
            "quarter": 3,
            "eps": 0.13,
            "eps_growth_year": -45.83,
            "eps_4q": -0.45,
            "eps_4q_growth_year": null,
            "roe": 1.04,
            "roe_4q": -3.57,
            "gross_profit": 21207,
            "gross_margin": 36.72,
            "gross_margin_4q_avg": 27.06,
            "net_income": 71477,
            "net_income_4q": null,
            "revenue": 57755,
            "revenue_4q": null,
            "common_shares": 5540625,
            "book_valuer_per_share": 12.8,
            "book_valuer_per_share_4q_avg": 12.32,
            "equity": 6834790,
            "current_ratio": 1672.69,
            "debt_ratio": 1.13,
            "inventory_turnover_ratio": 0.56,
            "account_receivable_turnover_ratio": 1.18,
            "reinvestment_rate": null,
            "research_to_sale_ratio": 133.71,
            "price_fair": 0.72,
            "eps_avg_yearly": 0.24,
            "eps_latest_yearly": 0.24,
            "eps_growth_yearly": -258.82
        },
        "20194": {
            "year_quarter": 20194,
            "year": 2019,
            "quarter": 4,
            "eps": -0.21,
            "eps_growth_year": null,
            "eps_4q": -0.42,
            "eps_4q_growth_year": null,
            "roe": -1.58,
            "roe_4q": -3.3499999999999996,
            "gross_profit": 15714,
            "gross_margin": 37.04,
            "gross_margin_4q_avg": 38.79,
            "net_income": -114640,
            "net_income_4q": null,
            "revenue": 42424,
            "revenue_4q": null,
            "common_shares": 5540625,
            "book_valuer_per_share": 14.41,
            "book_valuer_per_share_4q_avg": 13,
            "equity": 7695508,
            "current_ratio": 1436.16,
            "debt_ratio": 1.07,
            "inventory_turnover_ratio": 0.39,
            "account_receivable_turnover_ratio": 1.12,
            "reinvestment_rate": null,
            "research_to_sale_ratio": 183.2,
            "price_fair": 0,
            "eps_avg_yearly": 0,
            "eps_latest_yearly": 0,
            "eps_growth_yearly": 0
        },
        "20201": {
            "year_quarter": 20201,
            "year": 2020,
            "quarter": 1,
            "eps": -0.24,
            "eps_growth_year": null,
            "eps_4q": -0.48,
            "eps_4q_growth_year": null,
            "roe": -1.71,
            "roe_4q": -3.6399999999999997,
            "gross_profit": 10047,
            "gross_margin": 34.92,
            "gross_margin_4q_avg": 37.64,
            "net_income": -122337,
            "net_income_4q": null,
            "revenue": 28773,
            "revenue_4q": null,
            "common_shares": 5540625,
            "book_valuer_per_share": 12.41,
            "book_valuer_per_share_4q_avg": 13.14,
            "equity": 6627328,
            "current_ratio": 1272.92,
            "debt_ratio": 1.25,
            "inventory_turnover_ratio": 0.26,
            "account_receivable_turnover_ratio": 0.95,
            "reinvestment_rate": null,
            "research_to_sale_ratio": 255.7,
            "price_fair": 0,
            "eps_avg_yearly": 0,
            "eps_latest_yearly": 0,
            "eps_growth_yearly": 0
        },
        "20202": {
            "year_quarter": 20202,
            "year": 2020,
            "quarter": 2,
            "eps": -0.16,
            "eps_growth_year": null,
            "eps_4q": -0.41,
            "eps_4q_growth_year": null,
            "roe": -1.24,
            "roe_4q": -3.49,
            "gross_profit": 22002,
            "gross_margin": 45.88,
            "gross_margin_4q_avg": 38.64,
            "net_income": -85660,
            "net_income_4q": null,
            "revenue": 47958,
            "revenue_4q": null,
            "common_shares": 5540625,
            "book_valuer_per_share": 13.38,
            "book_valuer_per_share_4q_avg": 13.25,
            "equity": 7145849,
            "current_ratio": 354.24,
            "debt_ratio": 3.39,
            "inventory_turnover_ratio": 0.38,
            "account_receivable_turnover_ratio": 1.2,
            "reinvestment_rate": null,
            "research_to_sale_ratio": 150.58,
            "price_fair": 0,
            "eps_avg_yearly": 0,
            "eps_latest_yearly": 0,
            "eps_growth_yearly": 0
        },
        "20203": {
            "year_quarter": 20203,
            "year": 2020,
            "quarter": 3,
            "eps": 0.09,
            "eps_growth_year": -30.77,
            "eps_4q": -0.42,
            "eps_4q_growth_year": null,
            "roe": 0.62,
            "roe_4q": -3.91,
            "gross_profit": 3638,
            "gross_margin": 9.53,
            "gross_margin_4q_avg": 31.84,
            "net_income": 58475,
            "net_income_4q": null,
            "revenue": 38160,
            "revenue_4q": null,
            "common_shares": 6309675,
            "book_valuer_per_share": 18.38,
            "book_valuer_per_share_4q_avg": 14.65,
            "equity": 11604011,
            "current_ratio": 472.97,
            "debt_ratio": 2.17,
            "inventory_turnover_ratio": 0.48,
            "account_receivable_turnover_ratio": 0.97,
            "reinvestment_rate": null,
            "research_to_sale_ratio": 286.02,
            "price_fair": 0,
            "eps_avg_yearly": 0,
            "eps_latest_yearly": 0,
            "eps_growth_yearly": 0
        },
        "20204": {
            "year_quarter": 20204,
            "year": 2020,
            "quarter": 4,
            "eps": -0.24,
            "eps_growth_year": null,
            "eps_4q": -0.47,
            "eps_4q_growth_year": null,
            "roe": -1.03,
            "roe_4q": -3.36,
            "gross_profit": 9448,
            "gross_margin": 20.87,
            "gross_margin_4q_avg": 27.8,
            "net_income": -150568,
            "net_income_4q": null,
            "revenue": 45280,
            "revenue_4q": null,
            "common_shares": 6309675,
            "book_valuer_per_share": 27.73,
            "book_valuer_per_share_4q_avg": 17.98,
            "equity": 17507575,
            "current_ratio": 1296.31,
            "debt_ratio": 0.49,
            "inventory_turnover_ratio": 0.48,
            "account_receivable_turnover_ratio": 1.67,
            "reinvestment_rate": null,
            "research_to_sale_ratio": 154.78,
            "price_fair": 0,
            "eps_avg_yearly": 0,
            "eps_latest_yearly": 0,
            "eps_growth_yearly": 0
        },
        "20211": {
            "year_quarter": 20211,
            "year": 2021,
            "quarter": 1,
            "eps": 0,
            "eps_growth_year": null,
            "eps_4q": -0.28,
            "eps_4q_growth_year": null,
            "roe": -0.01,
            "roe_4q": -1.6600000000000001,
            "gross_profit": 18468,
            "gross_margin": 36.1,
            "gross_margin_4q_avg": 28.1,
            "net_income": -1149,
            "net_income_4q": null,
            "revenue": 51152,
            "revenue_4q": null,
            "common_shares": 6309675,
            "book_valuer_per_share": 29.39,
            "book_valuer_per_share_4q_avg": 22.22,
            "equity": 18553454,
            "current_ratio": 1592.19,
            "debt_ratio": 0.42,
            "inventory_turnover_ratio": 0.45,
            "account_receivable_turnover_ratio": 1.78,
            "reinvestment_rate": null,
            "research_to_sale_ratio": 105.82,
            "price_fair": 0,
            "eps_avg_yearly": 0,
            "eps_latest_yearly": 0,
            "eps_growth_yearly": 0
        },
        "20212": {
            "year_quarter": 20212,
            "year": 2021,
            "quarter": 2,
            "eps": -0.24,
            "eps_growth_year": null,
            "eps_4q": -0.38,
            "eps_4q_growth_year": null,
            "roe": -0.8,
            "roe_4q": -1.2200000000000002,
            "gross_profit": 14448,
            "gross_margin": 24.12,
            "gross_margin_4q_avg": 22.66,
            "net_income": -151524,
            "net_income_4q": null,
            "revenue": 59907,
            "revenue_4q": null,
            "common_shares": 6309675,
            "book_valuer_per_share": 30.79,
            "book_valuer_per_share_4q_avg": 26.57,
            "equity": 19433312,
            "current_ratio": 1355.75,
            "debt_ratio": 0.45,
            "inventory_turnover_ratio": 0.61,
            "account_receivable_turnover_ratio": 1.86,
            "reinvestment_rate": null,
            "research_to_sale_ratio": 97.17,
            "price_fair": 0,
            "eps_avg_yearly": 0,
            "eps_latest_yearly": 0,
            "eps_growth_yearly": 0
        },
        "20213": {
            "year_quarter": 20213,
            "year": 2021,
            "quarter": 3,
            "eps": 0.62,
            "eps_growth_year": 588.89,
            "eps_4q": 0.18,
            "eps_4q_growth_year": null,
            "roe": 1.97,
            "roe_4q": 0.1299999999999999,
            "gross_profit": 27974,
            "gross_margin": 38.41,
            "gross_margin_4q_avg": 29.88,
            "net_income": 417858,
            "net_income_4q": null,
            "revenue": 72830,
            "revenue_4q": null,
            "common_shares": 6814449,
            "book_valuer_per_share": 33.55,
            "book_valuer_per_share_4q_avg": 30.37,
            "equity": 22893870,
            "current_ratio": 240.54,
            "debt_ratio": 2.61,
            "inventory_turnover_ratio": 0.52,
            "account_receivable_turnover_ratio": 3.03,
            "reinvestment_rate": null,
            "research_to_sale_ratio": 91.08,
            "price_fair": 0,
            "eps_avg_yearly": 0,
            "eps_latest_yearly": 0,
            "eps_growth_yearly": 0
        },
        "20214": {
            "year_quarter": 20214,
            "year": 2021,
            "quarter": 4,
            "eps": -0.11,
            "eps_growth_year": null,
            "eps_4q": 0.29,
            "eps_4q_growth_year": null,
            "roe": -0.35,
            "roe_4q": 0.81,
            "gross_profit": 23597,
            "gross_margin": 34.57,
            "gross_margin_4q_avg": 33.3,
            "net_income": -80507,
            "net_income_4q": null,
            "revenue": 68264,
            "revenue_4q": null,
            "common_shares": 6814449,
            "book_valuer_per_share": 34.1,
            "book_valuer_per_share_4q_avg": 31.96,
            "equity": 23262838,
            "current_ratio": 831.39,
            "debt_ratio": 0.49,
            "inventory_turnover_ratio": 0.42,
            "account_receivable_turnover_ratio": 3.87,
            "reinvestment_rate": null,
            "research_to_sale_ratio": 104.09,
            "price_fair": 0,
            "eps_avg_yearly": 0,
            "eps_latest_yearly": 0,
            "eps_growth_yearly": 0
        },
        "20221": {
            "year_quarter": 20221,
            "year": 2022,
            "quarter": 1,
            "eps": 0.03,
            "eps_growth_year": null,
            "eps_4q": 0.32,
            "eps_4q_growth_year": null,
            "roe": 0.06,
            "roe_4q": 0.8799999999999999,
            "gross_profit": 10744,
            "gross_margin": 25.11,
            "gross_margin_4q_avg": 30.55,
            "net_income": 12178,
            "net_income_4q": null,
            "revenue": 42795,
            "revenue_4q": null,
            "common_shares": 6814449,
            "book_valuer_per_share": 28.81,
            "book_valuer_per_share_4q_avg": 31.81,
            "equity": 19652534,
            "current_ratio": 1004.4,
            "debt_ratio": 0.49,
            "inventory_turnover_ratio": 0.26,
            "account_receivable_turnover_ratio": 1.85,
            "reinvestment_rate": null,
            "research_to_sale_ratio": 137.13,
            "price_fair": 0,
            "eps_avg_yearly": 0,
            "eps_latest_yearly": 0,
            "eps_growth_yearly": 0
        },
        "20222": {
            "year_quarter": 20222,
            "year": 2022,
            "quarter": 2,
            "eps": 0.97,
            "eps_growth_year": null,
            "eps_4q": 1.37,
            "eps_4q_growth_year": null,
            "roe": 3.8,
            "roe_4q": 5.4799999999999995,
            "gross_profit": 2475,
            "gross_margin": 4.12,
            "gross_margin_4q_avg": 25.55,
            "net_income": 657924,
            "net_income_4q": null,
            "revenue": 60089,
            "revenue_4q": null,
            "common_shares": 6814449,
            "book_valuer_per_share": 21.96,
            "book_valuer_per_share_4q_avg": 29.61,
            "equity": 14984748,
            "current_ratio": 235.89,
            "debt_ratio": 4.37,
            "inventory_turnover_ratio": 0.44,
            "account_receivable_turnover_ratio": 1.69,
            "reinvestment_rate": -38.14,
            "research_to_sale_ratio": 133.35,
            "price_fair": 135.8,
            "eps_avg_yearly": 3.88,
            "eps_latest_yearly": 3.88,
            "eps_growth_yearly": 12533.33
        },
        "20223": {
            "year_quarter": 20223,
            "year": 2022,
            "quarter": 3,
            "eps": -0.12,
            "eps_growth_year": -119.35,
            "eps_4q": 0.69,
            "eps_4q_growth_year": 288.22,
            "roe": -0.7,
            "roe_4q": 2.8099999999999996,
            "gross_profit": -3690,
            "gross_margin": -10.57,
            "gross_margin_4q_avg": 13.31,
            "net_income": -100321,
            "net_income_4q": null,
            "revenue": 34900,
            "revenue_4q": null,
            "common_shares": 7495894,
            "book_valuer_per_share": 18.39,
            "book_valuer_per_share_4q_avg": 25.82,
            "equity": 13793210,
            "current_ratio": 911.13,
            "debt_ratio": 0.8,
            "inventory_turnover_ratio": 0.3,
            "account_receivable_turnover_ratio": 0.95,
            "reinvestment_rate": -101.11,
            "research_to_sale_ratio": 178.34,
            "price_fair": 135.8,
            "eps_avg_yearly": 3.88,
            "eps_latest_yearly": 3.88,
            "eps_growth_yearly": 12533.33
        },
        "20224": {
            "year_quarter": 20224,
            "year": 2022,
            "quarter": 4,
            "eps": -0.14,
            "eps_growth_year": null,
            "eps_4q": 0.65,
            "eps_4q_growth_year": 121.72,
            "roe": -0.73,
            "roe_4q": 2.43,
            "gross_profit": -4889,
            "gross_margin": -11.01,
            "gross_margin_4q_avg": 1.91,
            "net_income": -105878,
            "net_income_4q": null,
            "revenue": 44418,
            "revenue_4q": null,
            "common_shares": 7495894,
            "book_valuer_per_share": 20.49,
            "book_valuer_per_share_4q_avg": 22.41,
            "equity": 15394584,
            "current_ratio": 1683.2,
            "debt_ratio": 0.71,
            "inventory_turnover_ratio": 0.43,
            "account_receivable_turnover_ratio": 1.91,
            "reinvestment_rate": -86.52,
            "research_to_sale_ratio": 146.62,
            "price_fair": 135.8,
            "eps_avg_yearly": 3.88,
            "eps_latest_yearly": 3.88,
            "eps_growth_yearly": 12533.33
        },
        "20231": {
            "year_quarter": 20231,
            "year": 2023,
            "quarter": 1,
            "eps": -0.12,
            "eps_growth_year": -500,
            "eps_4q": 0.5,
            "eps_4q_growth_year": 59.3,
            "roe": -0.54,
            "roe_4q": 1.8299999999999998,
            "gross_profit": -1536,
            "gross_margin": -4.62,
            "gross_margin_4q_avg": -5.52,
            "net_income": -93258,
            "net_income_4q": null,
            "revenue": 33227,
            "revenue_4q": null,
            "common_shares": 7495894,
            "book_valuer_per_share": 25.32,
            "book_valuer_per_share_4q_avg": 21.54,
            "equity": 19006956,
            "current_ratio": 1888.66,
            "debt_ratio": 0.48,
            "inventory_turnover_ratio": 0.38,
            "account_receivable_turnover_ratio": 2.02,
            "reinvestment_rate": -81.81,
            "research_to_sale_ratio": 176.62,
            "price_fair": 135.8,
            "eps_avg_yearly": 3.88,
            "eps_latest_yearly": 3.88,
            "eps_growth_yearly": 12533.33
        },
        "20232": {
            "year_quarter": 20232,
            "year": 2023,
            "quarter": 2,
            "eps": 1.15,
            "eps_growth_year": 18.56,
            "eps_4q": 0.77,
            "eps_4q_growth_year": -43.8,
            "roe": 4.66,
            "roe_4q": 2.6900000000000004,
            "gross_profit": 11352,
            "gross_margin": 30.2,
            "gross_margin_4q_avg": 1,
            "net_income": 858354,
            "net_income_4q": null,
            "revenue": 37584,
            "revenue_4q": null,
            "common_shares": 7495894,
            "book_valuer_per_share": 23.75,
            "book_valuer_per_share_4q_avg": 21.99,
            "equity": 17848196,
            "current_ratio": 287.92,
            "debt_ratio": 4.66,
            "inventory_turnover_ratio": 0.32,
            "account_receivable_turnover_ratio": 2.49,
            "reinvestment_rate": -12.46,
            "research_to_sale_ratio": 243.84,
            "price_fair": 135.8,
            "eps_avg_yearly": 3.88,
            "eps_latest_yearly": 3.88,
            "eps_growth_yearly": 12533.33
        }
    },
    "months": {
        "2001-06": {
            "month": "2001-06",
            "price": "47.46",
            "revenue": 605652
        },
        "2001-07": {
            "month": "2001-07",
            "price": "34.57",
            "revenue": 635417
        },
        "2001-08": {
            "month": "2001-08",
            "price": "32.10",
            "revenue": 808568
        },
        "2001-09": {
            "month": "2001-09",
            "price": "25.72",
            "revenue": 907578
        },
        "2001-10": {
            "month": "2001-10",
            "price": "31.20",
            "revenue": 1005306
        },
        "2001-11": {
            "month": "2001-11",
            "price": "41.38",
            "revenue": 861568
        },
        "2001-12": {
            "month": "2001-12",
            "price": "53.48",
            "revenue": 871254
        },
        "2002-01": {
            "month": "2002-01",
            "price": "53.78",
            "revenue": 1221816
        },
        "2002-02": {
            "month": "2002-02",
            "price": "50.60",
            "revenue": 1102009
        },
        "2002-03": {
            "month": "2002-03",
            "price": "52.37",
            "revenue": 1286183
        },
        "2002-04": {
            "month": "2002-04",
            "price": "51.42",
            "revenue": 1219278
        },
        "2002-05": {
            "month": "2002-05",
            "price": "41.13",
            "revenue": 1041009
        },
        "2002-06": {
            "month": "2002-06",
            "price": "33.51",
            "revenue": 1001832
        },
        "2002-07": {
            "month": "2002-07",
            "price": "31.40",
            "revenue": 1105958
        },
        "2002-08": {
            "month": "2002-08",
            "price": "34.03",
            "revenue": 1301327
        },
        "2002-09": {
            "month": "2002-09",
            "price": "30.13",
            "revenue": 1666804
        },
        "2002-10": {
            "month": "2002-10",
            "price": "25.81",
            "revenue": 1803113
        },
        "2002-11": {
            "month": "2002-11",
            "price": "24.40",
            "revenue": 1805227
        },
        "2002-12": {
            "month": "2002-12",
            "price": "24.72",
            "revenue": 1281822
        },
        "2003-01": {
            "month": "2003-01",
            "price": "29.95",
            "revenue": 1816401
        },
        "2003-02": {
            "month": "2003-02",
            "price": "28.12",
            "revenue": 1401931
        },
        "2003-03": {
            "month": "2003-03",
            "price": "25.59",
            "revenue": 1661826
        },
        "2003-04": {
            "month": "2003-04",
            "price": "23.33",
            "revenue": 1534934
        },
        "2003-05": {
            "month": "2003-05",
            "price": "19.87",
            "revenue": 1145518
        },
        "2003-06": {
            "month": "2003-06",
            "price": "23.66",
            "revenue": 1101184
        },
        "2003-07": {
            "month": "2003-07",
            "price": "25.83",
            "revenue": 1210650
        },
        "2003-08": {
            "month": "2003-08",
            "price": "25.60",
            "revenue": 1362261
        },
        "2003-09": {
            "month": "2003-09",
            "price": "28.43",
            "revenue": 1548679
        },
        "2003-10": {
            "month": "2003-10",
            "price": "27.68",
            "revenue": 1565332
        },
        "2003-11": {
            "month": "2003-11",
            "price": "25.80",
            "revenue": 1415786
        },
        "2003-12": {
            "month": "2003-12",
            "price": "23.07",
            "revenue": 960673
        },
        "2004-01": {
            "month": "2004-01",
            "price": "24.34",
            "revenue": 950106
        },
        "2004-02": {
            "month": "2004-02",
            "price": "25.98",
            "revenue": 906764
        },
        "2004-03": {
            "month": "2004-03",
            "price": "23.90",
            "revenue": 767256
        },
        "2004-04": {
            "month": "2004-04",
            "price": "22.50",
            "revenue": 751514
        },
        "2004-05": {
            "month": "2004-05",
            "price": "17.27",
            "revenue": 700884
        },
        "2004-06": {
            "month": "2004-06",
            "price": "15.20",
            "revenue": 737156
        },
        "2004-07": {
            "month": "2004-07",
            "price": "14.91",
            "revenue": 800881
        },
        "2004-08": {
            "month": "2004-08",
            "price": "15.32",
            "revenue": 947263
        },
        "2004-09": {
            "month": "2004-09",
            "price": "15.00",
            "revenue": 1048325
        },
        "2004-10": {
            "month": "2004-10",
            "price": "12.46",
            "revenue": 1078960
        },
        "2004-11": {
            "month": "2004-11",
            "price": "11.97",
            "revenue": 1080987
        },
        "2004-12": {
            "month": "2004-12",
            "price": "12.03",
            "revenue": 877505
        },
        "2005-01": {
            "month": "2005-01",
            "price": "11.54",
            "revenue": 946116
        },
        "2005-02": {
            "month": "2005-02",
            "price": "12.88",
            "revenue": 669381
        },
        "2005-03": {
            "month": "2005-03",
            "price": "13.54",
            "revenue": 779472
        },
        "2005-04": {
            "month": "2005-04",
            "price": "13.06",
            "revenue": 893023
        },
        "2005-05": {
            "month": "2005-05",
            "price": "15.50",
            "revenue": 880591
        },
        "2005-06": {
            "month": "2005-06",
            "price": "16.96",
            "revenue": 731578
        },
        "2005-07": {
            "month": "2005-07",
            "price": "18.62",
            "revenue": 823431
        },
        "2005-08": {
            "month": "2005-08",
            "price": "24.47",
            "revenue": 830680
        },
        "2005-09": {
            "month": "2005-09",
            "price": "22.51",
            "revenue": 906066
        },
        "2005-10": {
            "month": "2005-10",
            "price": "22.05",
            "revenue": 1060214
        },
        "2005-11": {
            "month": "2005-11",
            "price": "21.21",
            "revenue": 1462660
        },
        "2005-12": {
            "month": "2005-12",
            "price": "23.63",
            "revenue": 1550708
        },
        "2006-01": {
            "month": "2006-01",
            "price": "20.39",
            "revenue": 1125568
        },
        "2006-02": {
            "month": "2006-02",
            "price": "17.95",
            "revenue": 707367
        },
        "2006-03": {
            "month": "2006-03",
            "price": "17.87",
            "revenue": 828586
        },
        "2006-04": {
            "month": "2006-04",
            "price": "19.03",
            "revenue": 826167
        },
        "2006-05": {
            "month": "2006-05",
            "price": "18.83",
            "revenue": 711521
        },
        "2006-06": {
            "month": "2006-06",
            "price": "16.25",
            "revenue": 548134
        },
        "2006-07": {
            "month": "2006-07",
            "price": "15.30",
            "revenue": 462023
        },
        "2006-08": {
            "month": "2006-08",
            "price": "15.51",
            "revenue": 533505
        },
        "2006-09": {
            "month": "2006-09",
            "price": "14.89",
            "revenue": 585359
        },
        "2006-10": {
            "month": "2006-10",
            "price": "15.04",
            "revenue": 526030
        },
        "2006-11": {
            "month": "2006-11",
            "price": "16.49",
            "revenue": 632549
        },
        "2006-12": {
            "month": "2006-12",
            "price": "17.95",
            "revenue": 420956
        },
        "2007-01": {
            "month": "2007-01",
            "price": "19.50",
            "revenue": 469315
        },
        "2007-02": {
            "month": "2007-02",
            "price": "18.78",
            "revenue": 230234
        },
        "2007-03": {
            "month": "2007-03",
            "price": "17.81",
            "revenue": 404745
        },
        "2007-04": {
            "month": "2007-04",
            "price": "18.09",
            "revenue": 437291
        },
        "2007-05": {
            "month": "2007-05",
            "price": "18.59",
            "revenue": 389762
        },
        "2007-06": {
            "month": "2007-06",
            "price": "19.18",
            "revenue": 410400
        },
        "2007-07": {
            "month": "2007-07",
            "price": "19.50",
            "revenue": 538662
        },
        "2007-08": {
            "month": "2007-08",
            "price": "17.31",
            "revenue": 629663
        },
        "2007-09": {
            "month": "2007-09",
            "price": "15.23",
            "revenue": 892883
        },
        "2007-10": {
            "month": "2007-10",
            "price": "16.06",
            "revenue": 809965
        },
        "2007-11": {
            "month": "2007-11",
            "price": "13.61",
            "revenue": 767277
        },
        "2007-12": {
            "month": "2007-12",
            "price": "11.82",
            "revenue": 532129
        },
        "2008-01": {
            "month": "2008-01",
            "price": "10.35",
            "revenue": 710497
        },
        "2008-02": {
            "month": "2008-02",
            "price": "9.94",
            "revenue": 395354
        },
        "2008-03": {
            "month": "2008-03",
            "price": "9.98",
            "revenue": 529907
        },
        "2008-04": {
            "month": "2008-04",
            "price": "10.34",
            "revenue": 473346
        },
        "2008-05": {
            "month": "2008-05",
            "price": "10.88",
            "revenue": 518874
        },
        "2008-06": {
            "month": "2008-06",
            "price": "10.14",
            "revenue": 528022
        },
        "2008-07": {
            "month": "2008-07",
            "price": "8.10",
            "revenue": 606925
        },
        "2008-08": {
            "month": "2008-08",
            "price": "8.03",
            "revenue": 594287
        },
        "2008-09": {
            "month": "2008-09",
            "price": "5.53",
            "revenue": 440781
        },
        "2008-10": {
            "month": "2008-10",
            "price": "4.65",
            "revenue": 269180
        },
        "2008-11": {
            "month": "2008-11",
            "price": "3.83",
            "revenue": 190821
        },
        "2008-12": {
            "month": "2008-12",
            "price": "4.05",
            "revenue": 127765
        },
        "2009-01": {
            "month": "2009-01",
            "price": "4.89",
            "revenue": 130730
        },
        "2009-02": {
            "month": "2009-02",
            "price": "5.43",
            "revenue": 177484
        },
        "2009-03": {
            "month": "2009-03",
            "price": "7.11",
            "revenue": 180239
        },
        "2009-04": {
            "month": "2009-04",
            "price": "8.81",
            "revenue": 324958
        },
        "2009-05": {
            "month": "2009-05",
            "price": "11.85",
            "revenue": 367355
        },
        "2009-06": {
            "month": "2009-06",
            "price": "11.82",
            "revenue": 390678
        },
        "2009-07": {
            "month": "2009-07",
            "price": "11.95",
            "revenue": 435913
        },
        "2009-08": {
            "month": "2009-08",
            "price": "11.78",
            "revenue": 441203
        },
        "2009-09": {
            "month": "2009-09",
            "price": "12.69",
            "revenue": 462096
        },
        "2009-10": {
            "month": "2009-10",
            "price": "13.69",
            "revenue": 465192
        },
        "2009-11": {
            "month": "2009-11",
            "price": "25.50",
            "revenue": 247494
        },
        "2009-12": {
            "month": "2009-12",
            "price": "23.69",
            "revenue": 141347
        },
        "2010-01": {
            "month": "2010-01",
            "price": "23.93",
            "revenue": 194375
        },
        "2010-02": {
            "month": "2010-02",
            "price": "20.65",
            "revenue": 169520
        },
        "2010-03": {
            "month": "2010-03",
            "price": "21.22",
            "revenue": 240859
        },
        "2010-04": {
            "month": "2010-04",
            "price": "21.55",
            "revenue": 237497
        },
        "2010-05": {
            "month": "2010-05",
            "price": "19.00",
            "revenue": 307466
        },
        "2010-06": {
            "month": "2010-06",
            "price": "20.97",
            "revenue": 275698
        },
        "2010-07": {
            "month": "2010-07",
            "price": "20.47",
            "revenue": 269416
        },
        "2010-08": {
            "month": "2010-08",
            "price": "20.46",
            "revenue": 242963
        },
        "2010-09": {
            "month": "2010-09",
            "price": "19.65",
            "revenue": 238040
        },
        "2010-10": {
            "month": "2010-10",
            "price": "19.22",
            "revenue": 191253
        },
        "2010-11": {
            "month": "2010-11",
            "price": "17.63",
            "revenue": 138056
        },
        "2010-12": {
            "month": "2010-12",
            "price": "19.31",
            "revenue": 136155
        },
        "2011-01": {
            "month": "2011-01",
            "price": "20.27",
            "revenue": 164288
        },
        "2011-02": {
            "month": "2011-02",
            "price": "19.36",
            "revenue": 159430
        },
        "2011-03": {
            "month": "2011-03",
            "price": "17.23",
            "revenue": 176662
        },
        "2011-04": {
            "month": "2011-04",
            "price": "16.55",
            "revenue": 157695
        },
        "2011-05": {
            "month": "2011-05",
            "price": "15.20",
            "revenue": 176279
        },
        "2011-06": {
            "month": "2011-06",
            "price": "15.93",
            "revenue": 160499
        },
        "2011-07": {
            "month": "2011-07",
            "price": "14.93",
            "revenue": 134212
        },
        "2011-08": {
            "month": "2011-08",
            "price": "12.40",
            "revenue": 138051
        },
        "2011-09": {
            "month": "2011-09",
            "price": "12.65",
            "revenue": 74990
        },
        "2011-10": {
            "month": "2011-10",
            "price": "12.20",
            "revenue": 33205
        },
        "2011-11": {
            "month": "2011-11",
            "price": "11.10",
            "revenue": 11609
        },
        "2011-12": {
            "month": "2011-12",
            "price": "10.75",
            "revenue": 15378
        },
        "2012-01": {
            "month": "2012-01",
            "price": "12.13",
            "revenue": 8343
        },
        "2012-02": {
            "month": "2012-02",
            "price": "12.92",
            "revenue": 15052
        },
        "2012-03": {
            "month": "2012-03",
            "price": "12.93",
            "revenue": 24768
        },
        "2012-04": {
            "month": "2012-04",
            "price": "10.92",
            "revenue": 34057
        },
        "2012-05": {
            "month": "2012-05",
            "price": "10.04",
            "revenue": 27969
        },
        "2012-06": {
            "month": "2012-06",
            "price": "9.65",
            "revenue": 29943
        },
        "2012-07": {
            "month": "2012-07",
            "price": "10.08",
            "revenue": 45939
        },
        "2012-08": {
            "month": "2012-08",
            "price": "10.01",
            "revenue": 52483
        },
        "2012-09": {
            "month": "2012-09",
            "price": "10.32",
            "revenue": 96355
        },
        "2012-10": {
            "month": "2012-10",
            "price": "11.33",
            "revenue": 61438
        },
        "2012-11": {
            "month": "2012-11",
            "price": "10.49",
            "revenue": 45341
        },
        "2012-12": {
            "month": "2012-12",
            "price": "11.39",
            "revenue": 38737
        },
        "2013-01": {
            "month": "2013-01",
            "price": "10.78",
            "revenue": 37137
        },
        "2013-02": {
            "month": "2013-02",
            "price": "10.27",
            "revenue": 25303
        },
        "2013-03": {
            "month": "2013-03",
            "price": "10.29",
            "revenue": 49293
        },
        "2013-04": {
            "month": "2013-04",
            "price": "9.69",
            "revenue": 52782
        },
        "2013-05": {
            "month": "2013-05",
            "price": "10.32",
            "revenue": 51684
        },
        "2013-06": {
            "month": "2013-06",
            "price": "10.42",
            "revenue": 11754
        },
        "2013-07": {
            "month": "2013-07",
            "price": "10.16",
            "revenue": 37872
        },
        "2013-08": {
            "month": "2013-08",
            "price": "9.44",
            "revenue": 44351
        },
        "2013-09": {
            "month": "2013-09",
            "price": "9.43",
            "revenue": 45311
        },
        "2013-10": {
            "month": "2013-10",
            "price": "9.26",
            "revenue": 40802
        },
        "2013-11": {
            "month": "2013-11",
            "price": "8.23",
            "revenue": 30425
        },
        "2013-12": {
            "month": "2013-12",
            "price": "8.41",
            "revenue": 24032
        },
        "2014-01": {
            "month": "2014-01",
            "price": "9.10",
            "revenue": 23298
        },
        "2014-02": {
            "month": "2014-02",
            "price": "9.05",
            "revenue": 23407
        },
        "2014-03": {
            "month": "2014-03",
            "price": "9.18",
            "revenue": 31050
        },
        "2014-04": {
            "month": "2014-04",
            "price": "9.23",
            "revenue": 56754
        },
        "2014-05": {
            "month": "2014-05",
            "price": "8.84",
            "revenue": 58851
        },
        "2014-06": {
            "month": "2014-06",
            "price": "9.58",
            "revenue": 51803
        },
        "2014-07": {
            "month": "2014-07",
            "price": "10.93",
            "revenue": 40037
        },
        "2014-08": {
            "month": "2014-08",
            "price": "9.88",
            "revenue": 36044
        },
        "2014-09": {
            "month": "2014-09",
            "price": "9.63",
            "revenue": 40142
        },
        "2014-10": {
            "month": "2014-10",
            "price": "8.46",
            "revenue": 24217
        },
        "2014-11": {
            "month": "2014-11",
            "price": "8.25",
            "revenue": 25084
        },
        "2014-12": {
            "month": "2014-12",
            "price": "8.52",
            "revenue": 21637
        },
        "2015-01": {
            "month": "2015-01",
            "price": "9.02",
            "revenue": 21092
        },
        "2015-02": {
            "month": "2015-02",
            "price": "8.78",
            "revenue": 11818
        },
        "2015-03": {
            "month": "2015-03",
            "price": "8.61",
            "revenue": 16733
        },
        "2015-04": {
            "month": "2015-04",
            "price": "8.46",
            "revenue": 25043
        },
        "2015-05": {
            "month": "2015-05",
            "price": "7.82",
            "revenue": 22456
        },
        "2015-06": {
            "month": "2015-06",
            "price": "6.64",
            "revenue": 14946
        },
        "2015-07": {
            "month": "2015-07",
            "price": "6.04",
            "revenue": 12662
        },
        "2015-08": {
            "month": "2015-08",
            "price": "5.52",
            "revenue": 17585
        },
        "2015-09": {
            "month": "2015-09",
            "price": "5.46",
            "revenue": 23343
        },
        "2015-10": {
            "month": "2015-10",
            "price": "6.25",
            "revenue": 28265
        },
        "2015-11": {
            "month": "2015-11",
            "price": "6.98",
            "revenue": 16691
        },
        "2015-12": {
            "month": "2015-12",
            "price": "6.75",
            "revenue": 16504
        },
        "2016-01": {
            "month": "2016-01",
            "price": "6.48",
            "revenue": 19454
        },
        "2016-02": {
            "month": "2016-02",
            "price": "6.94",
            "revenue": 11487
        },
        "2016-03": {
            "month": "2016-03",
            "price": "7.16",
            "revenue": 14702
        },
        "2016-04": {
            "month": "2016-04",
            "price": "7.04",
            "revenue": 18319
        },
        "2016-05": {
            "month": "2016-05",
            "price": "6.39",
            "revenue": 14405
        },
        "2016-06": {
            "month": "2016-06",
            "price": "6.29",
            "revenue": 15083
        },
        "2016-07": {
            "month": "2016-07",
            "price": "6.60",
            "revenue": 7238
        },
        "2016-08": {
            "month": "2016-08",
            "price": "6.47",
            "revenue": 15021
        },
        "2016-09": {
            "month": "2016-09",
            "price": "6.43",
            "revenue": 11731
        },
        "2016-10": {
            "month": "2016-10",
            "price": "6.33",
            "revenue": 11789
        },
        "2016-11": {
            "month": "2016-11",
            "price": "6.58",
            "revenue": 17498
        },
        "2016-12": {
            "month": "2016-12",
            "price": "6.50",
            "revenue": 26146
        },
        "2017-01": {
            "month": "2017-01",
            "price": "6.80",
            "revenue": 12982
        },
        "2017-02": {
            "month": "2017-02",
            "price": "7.06",
            "revenue": 13477
        },
        "2017-03": {
            "month": "2017-03",
            "price": "7.48",
            "revenue": 18761
        },
        "2017-04": {
            "month": "2017-04",
            "price": "6.95",
            "revenue": 18806
        },
        "2017-05": {
            "month": "2017-05",
            "price": "6.60",
            "revenue": 16469
        },
        "2017-06": {
            "month": "2017-06",
            "price": "6.99",
            "revenue": 18994
        },
        "2017-07": {
            "month": "2017-07",
            "price": "7.28",
            "revenue": 16142
        },
        "2017-08": {
            "month": "2017-08",
            "price": "7.25",
            "revenue": 18660
        },
        "2017-09": {
            "month": "2017-09",
            "price": "7.76",
            "revenue": 22005
        },
        "2017-10": {
            "month": "2017-10",
            "price": "8.84",
            "revenue": 13396
        },
        "2017-11": {
            "month": "2017-11",
            "price": "8.85",
            "revenue": 17665
        },
        "2017-12": {
            "month": "2017-12",
            "price": "9.02",
            "revenue": 24631
        },
        "2018-01": {
            "month": "2018-01",
            "price": "9.42",
            "revenue": 11637
        },
        "2018-02": {
            "month": "2018-02",
            "price": "8.91",
            "revenue": 13596
        },
        "2018-03": {
            "month": "2018-03",
            "price": "9.85",
            "revenue": 15928
        },
        "2018-04": {
            "month": "2018-04",
            "price": "8.91",
            "revenue": 17296
        },
        "2018-05": {
            "month": "2018-05",
            "price": "9.14",
            "revenue": 32732
        },
        "2018-06": {
            "month": "2018-06",
            "price": "12.70",
            "revenue": 24796
        },
        "2018-07": {
            "month": "2018-07",
            "price": "12.00",
            "revenue": 22386
        },
        "2018-08": {
            "month": "2018-08",
            "price": "10.77",
            "revenue": 20519
        },
        "2018-09": {
            "month": "2018-09",
            "price": "9.72",
            "revenue": 20620
        },
        "2018-10": {
            "month": "2018-10",
            "price": "8.36",
            "revenue": 15113
        },
        "2018-11": {
            "month": "2018-11",
            "price": "8.39",
            "revenue": 17650
        },
        "2018-12": {
            "month": "2018-12",
            "price": "9.14",
            "revenue": 10812
        },
        "2019-01": {
            "month": "2019-01",
            "price": "9.07",
            "revenue": 16306
        },
        "2019-02": {
            "month": "2019-02",
            "price": "8.92",
            "revenue": 10439
        },
        "2019-03": {
            "month": "2019-03",
            "price": "8.49",
            "revenue": 34874
        },
        "2019-04": {
            "month": "2019-04",
            "price": "8.84",
            "revenue": 18871
        },
        "2019-05": {
            "month": "2019-05",
            "price": "8.16",
            "revenue": 20469
        },
        "2019-06": {
            "month": "2019-06",
            "price": "8.01",
            "revenue": 21814
        },
        "2019-07": {
            "month": "2019-07",
            "price": "8.29",
            "revenue": 24009
        },
        "2019-08": {
            "month": "2019-08",
            "price": "7.96",
            "revenue": 16362
        },
        "2019-09": {
            "month": "2019-09",
            "price": "8.21",
            "revenue": 17384
        },
        "2019-10": {
            "month": "2019-10",
            "price": "8.20",
            "revenue": 12887
        },
        "2019-11": {
            "month": "2019-11",
            "price": "8.07",
            "revenue": 11061
        },
        "2019-12": {
            "month": "2019-12",
            "price": "8.42",
            "revenue": 18476
        },
        "2020-01": {
            "month": "2020-01",
            "price": "8.19",
            "revenue": 8165
        },
        "2020-02": {
            "month": "2020-02",
            "price": "7.67",
            "revenue": 8506
        },
        "2020-03": {
            "month": "2020-03",
            "price": "7.32",
            "revenue": 12102
        },
        "2020-04": {
            "month": "2020-04",
            "price": "9.95",
            "revenue": 26407
        },
        "2020-05": {
            "month": "2020-05",
            "price": "12.17",
            "revenue": 12878
        },
        "2020-06": {
            "month": "2020-06",
            "price": "12.27",
            "revenue": 8673
        },
        "2020-07": {
            "month": "2020-07",
            "price": "12.31",
            "revenue": 12447
        },
        "2020-08": {
            "month": "2020-08",
            "price": "12.66",
            "revenue": 13869
        },
        "2020-09": {
            "month": "2020-09",
            "price": "12.42",
            "revenue": 11927
        },
        "2020-10": {
            "month": "2020-10",
            "price": "12.19",
            "revenue": 13279
        },
        "2020-11": {
            "month": "2020-11",
            "price": "11.93",
            "revenue": 13668
        },
        "2020-12": {
            "month": "2020-12",
            "price": "17.80",
            "revenue": 18150
        },
        "2021-01": {
            "month": "2021-01",
            "price": "16.70",
            "revenue": 16338
        },
        "2021-02": {
            "month": "2021-02",
            "price": "16.52",
            "revenue": 12945
        },
        "2021-03": {
            "month": "2021-03",
            "price": "17.37",
            "revenue": 21869
        },
        "2021-04": {
            "month": "2021-04",
            "price": "21.43",
            "revenue": 16253
        },
        "2021-05": {
            "month": "2021-05",
            "price": "20.54",
            "revenue": 18289
        },
        "2021-06": {
            "month": "2021-06",
            "price": "21.47",
            "revenue": 25365
        },
        "2021-07": {
            "month": "2021-07",
            "price": "23.52",
            "revenue": 17010
        },
        "2021-08": {
            "month": "2021-08",
            "price": "26.88",
            "revenue": 19331
        },
        "2021-09": {
            "month": "2021-09",
            "price": "27.02",
            "revenue": 36489
        },
        "2021-10": {
            "month": "2021-10",
            "price": "23.95",
            "revenue": 36061
        },
        "2021-11": {
            "month": "2021-11",
            "price": "25.36",
            "revenue": 20424
        },
        "2021-12": {
            "month": "2021-12",
            "price": "25.82",
            "revenue": 11780
        },
        "2022-01": {
            "month": "2022-01",
            "price": "24.21",
            "revenue": 13672
        },
        "2022-02": {
            "month": "2022-02",
            "price": "23.09",
            "revenue": 7530
        },
        "2022-03": {
            "month": "2022-03",
            "price": "23.53",
            "revenue": 21594
        },
        "2022-04": {
            "month": "2022-04",
            "price": "23.08",
            "revenue": 18289
        },
        "2022-05": {
            "month": "2022-05",
            "price": "22.82",
            "revenue": 19575
        },
        "2022-06": {
            "month": "2022-06",
            "price": "22.01",
            "revenue": 22224
        },
        "2022-07": {
            "month": "2022-07",
            "price": "19.17",
            "revenue": 14579
        },
        "2022-08": {
            "month": "2022-08",
            "price": "21.22",
            "revenue": 11419
        },
        "2022-09": {
            "month": "2022-09",
            "price": "18.49",
            "revenue": 8902
        },
        "2022-10": {
            "month": "2022-10",
            "price": "15.77",
            "revenue": 12269
        },
        "2022-11": {
            "month": "2022-11",
            "price": "16.58",
            "revenue": 11542
        },
        "2022-12": {
            "month": "2022-12",
            "price": "16.58",
            "revenue": 20607
        },
        "2023-01": {
            "month": "2023-01",
            "price": "16.72",
            "revenue": 7795
        },
        "2023-02": {
            "month": "2023-02",
            "price": "17.98",
            "revenue": 9496
        },
        "2023-03": {
            "month": "2023-03",
            "price": "18.66",
            "revenue": 15936
        },
        "2023-04": {
            "month": "2023-04",
            "price": "18.17",
            "revenue": 11664
        },
        "2023-05": {
            "month": "2023-05",
            "price": "17.45",
            "revenue": 13966
        },
        "2023-06": {
            "month": "2023-06",
            "price": "18.05",
            "revenue": 11954
        },
        "2023-07": {
            "month": "2023-07",
            "price": "17.74",
            "revenue": 8003
        },
        "2023-08": {
            "month": "2023-08",
            "price": "27.05",
            "revenue": 19470
        },
        "2023-09": {
            "month": "2023-09",
            "price": "37.02",
            "revenue": 53734
        }
    }
}
