{
    "summary": {
        "stock_name": "倫飛",
        "stock_id": "2364",
        "category": "電腦及週邊設備",
        "main_business": "製造買賣筆記型電腦",
        "website_url": "http://www.twinhead.com.tw",
        "ceo": "高思復",
        "pe_ratio": 28,
        "report_year_from": 2001,
        "report_year_to": 2023,
        "age": 23,
        "eps_negative_percentage": 74,
        "eps_growth_avg": {
            "last_all": 1.63,
            "last_2y": 69.38,
            "last_4y": 69.38,
            "last_8y": 69.38,
            "last_12y": 27.03,
            "last_16y": 1.63,
            "last_20y": 1.63,
            "at_2006_last_3y": null,
            "at_2007_last_3y": null,
            "at_2008_last_3y": -100,
            "at_2009_last_3y": -100,
            "at_2010_last_3y": -100,
            "at_2011_last_3y": -100,
            "at_2012_last_3y": -100,
            "at_2013_last_3y": -100,
            "at_2014_last_3y": -100,
            "at_2015_last_3y": -100,
            "at_2016_last_3y": null,
            "at_2017_last_3y": null,
            "at_2018_last_3y": null,
            "at_2019_last_3y": null,
            "at_2020_last_3y": null,
            "at_2021_last_3y": 100,
            "at_2022_last_3y": 100,
            "at_2023_last_3y": 69.38,
            "at_2024_last_3y": 69.38,
            "at_2006_last_all": null,
            "at_2007_last_all": null,
            "at_2008_last_all": -100,
            "at_2009_last_all": -100,
            "at_2010_last_all": -100,
            "at_2011_last_all": -100,
            "at_2012_last_all": -100,
            "at_2013_last_all": -100,
            "at_2014_last_all": -100,
            "at_2015_last_all": -100,
            "at_2016_last_all": -100,
            "at_2017_last_all": -100,
            "at_2018_last_all": -100,
            "at_2019_last_all": -100,
            "at_2020_last_all": -100,
            "at_2021_last_all": -33.33,
            "at_2022_last_all": 0,
            "at_2023_last_all": 1.63,
            "at_2024_last_all": 1.63
        },
        "latest_eps": 3.27,
        "latest_price": 90.5,
        "latest_roe": 26.57,
        "latest_gross_margin": 36.71,
        "latest_equity": 414825,
        "latest_revenue": 255052,
        "latest_gross_profit": 93620,
        "latest_net_income": 27986,
        "latest_debt_ratio": 66.13,
        "latest_current_ratio": 84.92,
        "latest_account_receivable_turnover_ratio": 3.47,
        "latest_inventory_turnover_ratio": 0.54,
        "latest_reinvestment_rate": -14.08,
        "latest_research_to_sale_ratio": 9.87
    },
    "eps_dividends": {
        "1997": {
            "cash": 0,
            "stock": 2.5,
            "eps": 0
        },
        "1998": {
            "cash": 0,
            "stock": 3.5,
            "eps": 0
        },
        "1999": {
            "cash": 0,
            "stock": 3,
            "eps": 0
        },
        "2000": {
            "cash": 0,
            "stock": 1,
            "eps": 0
        },
        "2001": {
            "cash": 0,
            "stock": 0,
            "eps": -1.7
        },
        "2002": {
            "cash": 0,
            "stock": 0,
            "eps": -1.29
        },
        "2003": {
            "cash": 0,
            "stock": 0,
            "eps": -0.77
        },
        "2004": {
            "cash": 0,
            "stock": 0,
            "eps": -0.66
        },
        "2005": {
            "cash": 0,
            "stock": 0,
            "eps": -1.72
        },
        "2006": {
            "cash": 0,
            "stock": 0,
            "eps": -2.4
        },
        "2007": {
            "cash": 0,
            "stock": 0,
            "eps": 0.07
        },
        "2008": {
            "cash": 0,
            "stock": 0,
            "eps": -0.36
        },
        "2009": {
            "cash": 0,
            "stock": 0,
            "eps": -0.74
        },
        "2010": {
            "cash": 0,
            "stock": 0,
            "eps": -0.44
        },
        "2011": {
            "cash": 0,
            "stock": 0,
            "eps": 0.2
        },
        "2012": {
            "cash": 0,
            "stock": 0,
            "eps": -1.25
        },
        "2013": {
            "cash": 0,
            "stock": 0,
            "eps": -1.05
        },
        "2014": {
            "cash": 0,
            "stock": 0,
            "eps": -1.08
        },
        "2015": {
            "cash": 0,
            "stock": 0,
            "eps": -0.98
        },
        "2016": {
            "cash": 0,
            "stock": 0,
            "eps": -1.54
        },
        "2017": {
            "cash": 0,
            "stock": 0,
            "eps": -1.21
        },
        "2018": {
            "cash": 0,
            "stock": 0,
            "eps": -0.35
        },
        "2019": {
            "cash": 0,
            "stock": 0,
            "eps": -0.3
        },
        "2020": {
            "cash": 0,
            "stock": 0,
            "eps": 0.11
        },
        "2021": {
            "cash": 0,
            "stock": 0,
            "eps": 0.78
        },
        "2022": {
            "cash": 1,
            "stock": 0,
            "eps": 3.2
        },
        "2023": {
            "cash": 0,
            "stock": 2.5,
            "eps": 3.46
        },
        "2024": {
            "cash": 0,
            "stock": 3,
            "eps": 0
        }
    },
    "dividends": {
        "1997-04-28": {
            "cash": 0,
            "stock": 2.5
        },
        "1998-04-15": {
            "cash": 0,
            "stock": 3.5
        },
        "1999-05-19": {
            "cash": 0,
            "stock": 3
        },
        "2000-04-27": {
            "cash": 0,
            "stock": 1
        },
        "2022-10-03": {
            "cash": 1,
            "stock": 0
        },
        "2023-03-16": {
            "cash": 0,
            "stock": 2.5
        },
        "2024-03-13": {
            "cash": 0,
            "stock": 3
        }
    },
    "prices": {
        "200101": "5.22",
        "200102": "7.71",
        "200103": "8.99",
        "200104": "10.75",
        "200105": "7.62",
        "200106": "7.17",
        "200107": "5.11",
        "200108": "5.24",
        "200109": "4.27",
        "200110": "3.38",
        "200111": "4.10",
        "200112": "6.34",
        "200201": "7.10",
        "200202": "6.42",
        "200203": "7.56",
        "200204": "12.32",
        "200205": "9.75",
        "200206": "9.13",
        "200207": "7.63",
        "200208": "8.63",
        "200209": "8.76",
        "200210": "8.04",
        "200211": "8.24",
        "200212": "6.93",
        "200301": "6.70",
        "200302": "6.55",
        "200303": "6.07",
        "200304": "6.59",
        "200305": "4.87",
        "200306": "6.90",
        "200307": "7.58",
        "200308": "6.91",
        "200309": "6.48",
        "200310": "6.65",
        "200311": "6.76",
        "200312": "6.31",
        "200401": "6.35",
        "200402": "7.19",
        "200403": "7.33",
        "200404": "7.90",
        "200405": "6.65",
        "200406": "4.92",
        "200407": "4.23",
        "200408": "3.77",
        "200409": "3.31",
        "200410": "3.73",
        "200411": "4.23",
        "200412": "7.30",
        "200501": "6.12",
        "200502": "6.20",
        "200503": "6.53",
        "200504": "5.95",
        "200505": "5.00",
        "200506": "5.93",
        "200507": "5.85",
        "200508": "4.87",
        "200509": "4.45",
        "200510": "3.54",
        "200511": "3.40",
        "200512": "4.47",
        "200601": "4.39",
        "200602": "3.93",
        "200603": "3.55",
        "200604": "3.75",
        "200605": "3.88",
        "200606": "3.40",
        "200607": "3.06",
        "200608": "2.88",
        "200609": "2.66",
        "200610": "2.82",
        "200611": "3.44",
        "200612": "4.79",
        "200701": "4.99",
        "200702": "5.16",
        "200703": "5.79",
        "200704": "7.54",
        "200705": "7.26",
        "200706": "7.62",
        "200707": "8.01",
        "200708": "6.70",
        "200709": "6.05",
        "200710": "5.53",
        "200711": "4.45",
        "200712": "4.25",
        "200801": "4.09",
        "200802": "4.03",
        "200803": "4.92",
        "200804": "5.02",
        "200805": "4.96",
        "200806": "4.68",
        "200807": "4.04",
        "200808": "3.81",
        "200809": "2.87",
        "200810": "2.40",
        "200811": "1.88",
        "200812": "1.86",
        "200901": "1.86",
        "200902": "1.81",
        "200903": "2.72",
        "200904": "3.40",
        "200905": "3.32",
        "200906": "3.11",
        "200907": "3.12",
        "200908": "3.06",
        "200909": "4.45",
        "200910": "5.98",
        "200911": "5.46",
        "200912": "5.20",
        "201001": "5.34",
        "201002": "4.74",
        "201003": "5.06",
        "201004": "5.22",
        "201005": "5.17",
        "201006": "4.81",
        "201007": "4.68",
        "201008": "4.69",
        "201009": "4.73",
        "201010": "5.64",
        "201011": "6.00",
        "201012": "5.51",
        "201101": "5.13",
        "201102": "4.73",
        "201103": "4.40",
        "201104": "4.44",
        "201105": "4.62",
        "201106": "4.40",
        "201107": "4.04",
        "201108": "3.48",
        "201109": "3.33",
        "201110": "3.71",
        "201111": "3.86",
        "201112": "3.49",
        "201201": "3.42",
        "201202": "3.83",
        "201203": "3.63",
        "201204": "3.23",
        "201205": "2.94",
        "201206": "2.49",
        "201207": "2.21",
        "201208": "2.16",
        "201209": "2.40",
        "201210": "2.34",
        "201211": "2.65",
        "201212": "3.03",
        "201301": "3.18",
        "201302": "3.06",
        "201303": "3.06",
        "201304": "2.96",
        "201305": "3.25",
        "201306": "3.17",
        "201307": "3.07",
        "201308": "3.01",
        "201309": "3.06",
        "201310": "3.10",
        "201311": "3.00",
        "201312": "3.14",
        "201401": "4.38",
        "201402": "5.40",
        "201403": "6.44",
        "201404": "6.27",
        "201405": "5.17",
        "201406": "4.70",
        "201407": "4.21",
        "201408": "3.90",
        "201409": "4.24",
        "201410": "3.82",
        "201411": "4.06",
        "201412": "3.52",
        "201501": "3.40",
        "201502": "3.18",
        "201503": "3.31",
        "201504": "3.17",
        "201505": "2.92",
        "201506": "2.30",
        "201507": "2.20",
        "201508": "1.72",
        "201509": "1.74",
        "201510": "3.54",
        "201511": "3.42",
        "201512": "2.61",
        "201601": "1.90",
        "201602": "1.75",
        "201603": "1.82",
        "201604": "1.75",
        "201605": "1.57",
        "201606": "1.47",
        "201607": "1.68",
        "201608": "1.73",
        "201609": "1.61",
        "201610": "2.83",
        "201611": "2.82",
        "201612": "2.54",
        "201701": "2.50",
        "201702": "2.72",
        "201703": "2.69",
        "201704": "2.76",
        "201705": "2.58",
        "201706": "2.59",
        "201707": "2.51",
        "201708": "2.50",
        "201709": "2.53",
        "201710": "2.68",
        "201711": "2.56",
        "201712": "2.44",
        "201801": "2.40",
        "201802": "2.39",
        "201803": "2.65",
        "201804": "3.44",
        "201805": "4.00",
        "201806": "3.98",
        "201807": "3.48",
        "201808": "3.95",
        "201809": "3.63",
        "201810": "3.43",
        "201811": "3.33",
        "201812": "3.85",
        "201901": "4.47",
        "201902": "3.85",
        "201903": "3.65",
        "201904": "2.97",
        "201905": "2.86",
        "201906": "2.54",
        "201907": "2.34",
        "201908": "2.33",
        "201909": "2.97",
        "201910": "2.71",
        "201911": "2.54",
        "201912": "2.26",
        "202001": "2.16",
        "202002": "2.05",
        "202003": "1.78",
        "202004": "2.21",
        "202005": "2.11",
        "202006": "2.01",
        "202007": "2.07",
        "202008": "2.23",
        "202009": "3.75",
        "202010": "4.41",
        "202011": "3.76",
        "202012": "3.50",
        "202101": "3.17",
        "202102": "3.02",
        "202103": "3.34",
        "202104": "3.59",
        "202105": "3.37",
        "202106": "3.16",
        "202107": "3.30",
        "202108": "3.24",
        "202109": "3.18",
        "202110": "20.44",
        "202111": "20.26",
        "202112": "19.38",
        "202201": "18.10",
        "202202": "17.13",
        "202203": "20.96",
        "202204": "21.62",
        "202205": "22.80",
        "202206": "32.72",
        "202207": "49.40",
        "202208": "97.81",
        "202209": "92.20",
        "202210": "90.28",
        "202211": "117.39",
        "202212": "110.42",
        "202301": "94.95",
        "202302": "111.08",
        "202303": "103.95",
        "202304": "106.94",
        "202305": "105.39",
        "202306": "101.82",
        "202307": "93.61",
        "202308": "82.93",
        "202309": "110.32",
        "202310": "136.32",
        "202311": "126.61",
        "202312": "117.17"
    },
    "quarters": {
        "20011": {
            "year_quarter": 20011,
            "year": 2001,
            "quarter": 1,
            "eps": -0.36,
            "eps_growth_year": null,
            "eps_4q": -2.68,
            "eps_4q_growth_year": null,
            "roe": -4.03,
            "roe_4q": -4.03,
            "gross_profit": -6691,
            "gross_margin": -0.47,
            "gross_margin_4q_avg": -0.47,
            "net_income": -186172,
            "net_income_4q": null,
            "revenue": 1433187,
            "revenue_4q": null,
            "common_shares": 5284052,
            "book_valuer_per_share": 8.78,
            "book_valuer_per_share_4q_avg": 8.78,
            "equity": 4638811,
            "current_ratio": 216.68,
            "debt_ratio": 42.86,
            "inventory_turnover_ratio": 1.04,
            "account_receivable_turnover_ratio": null,
            "reinvestment_rate": null,
            "research_to_sale_ratio": null,
            "price_fair": 0,
            "eps_avg_yearly": 0,
            "eps_latest_yearly": 0,
            "eps_growth_yearly": 0
        },
        "20012": {
            "year_quarter": 20012,
            "year": 2001,
            "quarter": 2,
            "eps": -0.51,
            "eps_growth_year": null,
            "eps_4q": -2.54,
            "eps_4q_growth_year": null,
            "roe": -5.82,
            "roe_4q": -9.850000000000001,
            "gross_profit": -12658,
            "gross_margin": -1.11,
            "gross_margin_4q_avg": -0.79,
            "net_income": -261548,
            "net_income_4q": null,
            "revenue": 1136007,
            "revenue_4q": null,
            "common_shares": 5284052,
            "book_valuer_per_share": 8.24,
            "book_valuer_per_share_4q_avg": 8.51,
            "equity": 4352750,
            "current_ratio": 209.14,
            "debt_ratio": 43.71,
            "inventory_turnover_ratio": 1.19,
            "account_receivable_turnover_ratio": null,
            "reinvestment_rate": null,
            "research_to_sale_ratio": null,
            "price_fair": 0,
            "eps_avg_yearly": 0,
            "eps_latest_yearly": 0,
            "eps_growth_yearly": 0
        },
        "20013": {
            "year_quarter": 20013,
            "year": 2001,
            "quarter": 3,
            "eps": -0.5,
            "eps_growth_year": null,
            "eps_4q": -2.38,
            "eps_4q_growth_year": null,
            "roe": -6.35,
            "roe_4q": -16.2,
            "gross_profit": -34085,
            "gross_margin": -3.23,
            "gross_margin_4q_avg": -1.6,
            "net_income": -266211,
            "net_income_4q": null,
            "revenue": 1053891,
            "revenue_4q": null,
            "common_shares": 5284052,
            "book_valuer_per_share": 7.64,
            "book_valuer_per_share_4q_avg": 8.22,
            "equity": 4034874,
            "current_ratio": 194.31,
            "debt_ratio": 44.67,
            "inventory_turnover_ratio": 1.36,
            "account_receivable_turnover_ratio": null,
            "reinvestment_rate": null,
            "research_to_sale_ratio": null,
            "price_fair": 0,
            "eps_avg_yearly": 0,
            "eps_latest_yearly": 0,
            "eps_growth_yearly": 0
        },
        "20014": {
            "year_quarter": 20014,
            "year": 2001,
            "quarter": 4,
            "eps": -0.33,
            "eps_growth_year": null,
            "eps_4q": -1.72,
            "eps_4q_growth_year": null,
            "roe": -4.44,
            "roe_4q": -20.64,
            "gross_profit": 47524,
            "gross_margin": 5.86,
            "gross_margin_4q_avg": 0.26,
            "net_income": -171598,
            "net_income_4q": null,
            "revenue": 810293,
            "revenue_4q": null,
            "common_shares": 5284052,
            "book_valuer_per_share": 6.99,
            "book_valuer_per_share_4q_avg": 7.91,
            "equity": 3693099,
            "current_ratio": 154.58,
            "debt_ratio": 45.07,
            "inventory_turnover_ratio": 0.96,
            "account_receivable_turnover_ratio": null,
            "reinvestment_rate": null,
            "research_to_sale_ratio": null,
            "price_fair": 0,
            "eps_avg_yearly": 0,
            "eps_latest_yearly": 0,
            "eps_growth_yearly": 0
        },
        "20021": {
            "year_quarter": 20021,
            "year": 2002,
            "quarter": 1,
            "eps": -0.32,
            "eps_growth_year": null,
            "eps_4q": -1.78,
            "eps_4q_growth_year": null,
            "roe": -4.28,
            "roe_4q": -20.89,
            "gross_profit": 18152,
            "gross_margin": 2.68,
            "gross_margin_4q_avg": 1.05,
            "net_income": -153569,
            "net_income_4q": null,
            "revenue": 676475,
            "revenue_4q": null,
            "common_shares": 5284052,
            "book_valuer_per_share": 6.59,
            "book_valuer_per_share_4q_avg": 7.37,
            "equity": 3482870,
            "current_ratio": 187.11,
            "debt_ratio": 49.06,
            "inventory_turnover_ratio": 0.8,
            "account_receivable_turnover_ratio": null,
            "reinvestment_rate": null,
            "research_to_sale_ratio": null,
            "price_fair": 0,
            "eps_avg_yearly": 0,
            "eps_latest_yearly": 0,
            "eps_growth_yearly": 0
        },
        "20022": {
            "year_quarter": 20022,
            "year": 2002,
            "quarter": 2,
            "eps": -0.38,
            "eps_growth_year": null,
            "eps_4q": -1.47,
            "eps_4q_growth_year": null,
            "roe": -5.49,
            "roe_4q": -20.560000000000002,
            "gross_profit": 14053,
            "gross_margin": 1.18,
            "gross_margin_4q_avg": 1.62,
            "net_income": -185756,
            "net_income_4q": null,
            "revenue": 1186347,
            "revenue_4q": null,
            "common_shares": 5284052,
            "book_valuer_per_share": 6.21,
            "book_valuer_per_share_4q_avg": 6.86,
            "equity": 3279962,
            "current_ratio": 207.39,
            "debt_ratio": 52.86,
            "inventory_turnover_ratio": 1.38,
            "account_receivable_turnover_ratio": null,
            "reinvestment_rate": null,
            "research_to_sale_ratio": null,
            "price_fair": 0,
            "eps_avg_yearly": 0,
            "eps_latest_yearly": 0,
            "eps_growth_yearly": 0
        },
        "20023": {
            "year_quarter": 20023,
            "year": 2002,
            "quarter": 3,
            "eps": -0.38,
            "eps_growth_year": null,
            "eps_4q": -1.31,
            "eps_4q_growth_year": null,
            "roe": -5.72,
            "roe_4q": -19.930000000000003,
            "gross_profit": 501,
            "gross_margin": 0.03,
            "gross_margin_4q_avg": 2.44,
            "net_income": -182919,
            "net_income_4q": null,
            "revenue": 1438818,
            "revenue_4q": null,
            "common_shares": 5284052,
            "book_valuer_per_share": 5.89,
            "book_valuer_per_share_4q_avg": 6.42,
            "equity": 3110588,
            "current_ratio": 184.77,
            "debt_ratio": 56.83,
            "inventory_turnover_ratio": 1.52,
            "account_receivable_turnover_ratio": null,
            "reinvestment_rate": null,
            "research_to_sale_ratio": null,
            "price_fair": 0,
            "eps_avg_yearly": 0,
            "eps_latest_yearly": 0,
            "eps_growth_yearly": 0
        },
        "20024": {
            "year_quarter": 20024,
            "year": 2002,
            "quarter": 4,
            "eps": -0.21,
            "eps_growth_year": null,
            "eps_4q": -1.28,
            "eps_4q_growth_year": null,
            "roe": -3.24,
            "roe_4q": -18.73,
            "gross_profit": 150946,
            "gross_margin": 7.89,
            "gross_margin_4q_avg": 2.95,
            "net_income": -99250,
            "net_income_4q": null,
            "revenue": 1912045,
            "revenue_4q": null,
            "common_shares": 5284052,
            "book_valuer_per_share": 5.69,
            "book_valuer_per_share_4q_avg": 6.1,
            "equity": 3006920,
            "current_ratio": 136.77,
            "debt_ratio": 57.45,
            "inventory_turnover_ratio": 1.78,
            "account_receivable_turnover_ratio": null,
            "reinvestment_rate": null,
            "research_to_sale_ratio": null,
            "price_fair": 0,
            "eps_avg_yearly": 0,
            "eps_latest_yearly": 0,
            "eps_growth_yearly": 0
        },
        "20031": {
            "year_quarter": 20031,
            "year": 2003,
            "quarter": 1,
            "eps": -0.44,
            "eps_growth_year": null,
            "eps_4q": -1.4,
            "eps_4q_growth_year": null,
            "roe": -7.39,
            "roe_4q": -21.839999999999996,
            "gross_profit": 38231,
            "gross_margin": 3.6,
            "gross_margin_4q_avg": 3.18,
            "net_income": -214388,
            "net_income_4q": null,
            "revenue": 1062772,
            "revenue_4q": null,
            "common_shares": 5284052,
            "book_valuer_per_share": 5.3,
            "book_valuer_per_share_4q_avg": 5.77,
            "equity": 2798049,
            "current_ratio": 194.73,
            "debt_ratio": 59.43,
            "inventory_turnover_ratio": 1.22,
            "account_receivable_turnover_ratio": null,
            "reinvestment_rate": null,
            "research_to_sale_ratio": null,
            "price_fair": 0,
            "eps_avg_yearly": 0,
            "eps_latest_yearly": 0,
            "eps_growth_yearly": 0
        },
        "20032": {
            "year_quarter": 20032,
            "year": 2003,
            "quarter": 2,
            "eps": -0.14,
            "eps_growth_year": null,
            "eps_4q": -1.07,
            "eps_4q_growth_year": null,
            "roe": -2.46,
            "roe_4q": -18.81,
            "gross_profit": 101281,
            "gross_margin": 6.11,
            "gross_margin_4q_avg": 4.41,
            "net_income": -68019,
            "net_income_4q": null,
            "revenue": 1658004,
            "revenue_4q": null,
            "common_shares": 5284052,
            "book_valuer_per_share": 5.18,
            "book_valuer_per_share_4q_avg": 5.52,
            "equity": 2735365,
            "current_ratio": 156.13,
            "debt_ratio": 61.66,
            "inventory_turnover_ratio": 1.6,
            "account_receivable_turnover_ratio": null,
            "reinvestment_rate": null,
            "research_to_sale_ratio": null,
            "price_fair": 0,
            "eps_avg_yearly": 0,
            "eps_latest_yearly": 0,
            "eps_growth_yearly": 0
        },
        "20033": {
            "year_quarter": 20033,
            "year": 2003,
            "quarter": 3,
            "eps": -0.08,
            "eps_growth_year": null,
            "eps_4q": -0.79,
            "eps_4q_growth_year": null,
            "roe": -1.31,
            "roe_4q": -14.4,
            "gross_profit": 101869,
            "gross_margin": 5.61,
            "gross_margin_4q_avg": 5.8,
            "net_income": -36660,
            "net_income_4q": null,
            "revenue": 1816572,
            "revenue_4q": null,
            "common_shares": 5284052,
            "book_valuer_per_share": 5.4,
            "book_valuer_per_share_4q_avg": 5.39,
            "equity": 2850779,
            "current_ratio": 141.42,
            "debt_ratio": 56.87,
            "inventory_turnover_ratio": 1.36,
            "account_receivable_turnover_ratio": null,
            "reinvestment_rate": null,
            "research_to_sale_ratio": null,
            "price_fair": 0,
            "eps_avg_yearly": 0,
            "eps_latest_yearly": 0,
            "eps_growth_yearly": 0
        },
        "20034": {
            "year_quarter": 20034,
            "year": 2003,
            "quarter": 4,
            "eps": -0.11,
            "eps_growth_year": null,
            "eps_4q": -0.76,
            "eps_4q_growth_year": null,
            "roe": -1.89,
            "roe_4q": -13.05,
            "gross_profit": 65181,
            "gross_margin": 4.92,
            "gross_margin_4q_avg": 5.06,
            "net_income": -53947,
            "net_income_4q": null,
            "revenue": 1324818,
            "revenue_4q": null,
            "common_shares": 5560435,
            "book_valuer_per_share": 5.16,
            "book_valuer_per_share_4q_avg": 5.26,
            "equity": 2867227,
            "current_ratio": 126.61,
            "debt_ratio": 59.63,
            "inventory_turnover_ratio": 0.8,
            "account_receivable_turnover_ratio": null,
            "reinvestment_rate": null,
            "research_to_sale_ratio": null,
            "price_fair": 0,
            "eps_avg_yearly": 0,
            "eps_latest_yearly": 0,
            "eps_growth_yearly": 0
        },
        "20041": {
            "year_quarter": 20041,
            "year": 2004,
            "quarter": 1,
            "eps": -0.17,
            "eps_growth_year": null,
            "eps_4q": -0.5,
            "eps_4q_growth_year": null,
            "roe": -2.9,
            "roe_4q": -8.559999999999999,
            "gross_profit": 61110,
            "gross_margin": 5.11,
            "gross_margin_4q_avg": 5.44,
            "net_income": -81770,
            "net_income_4q": null,
            "revenue": 1194839,
            "revenue_4q": null,
            "common_shares": 5545160,
            "book_valuer_per_share": 5.02,
            "book_valuer_per_share_4q_avg": 5.19,
            "equity": 2780986,
            "current_ratio": 136.15,
            "debt_ratio": 57.61,
            "inventory_turnover_ratio": 0.74,
            "account_receivable_turnover_ratio": null,
            "reinvestment_rate": null,
            "research_to_sale_ratio": null,
            "price_fair": 0,
            "eps_avg_yearly": 0,
            "eps_latest_yearly": 0,
            "eps_growth_yearly": 0
        },
        "20042": {
            "year_quarter": 20042,
            "year": 2004,
            "quarter": 2,
            "eps": -0.07,
            "eps_growth_year": null,
            "eps_4q": -0.37,
            "eps_4q_growth_year": null,
            "roe": -1.25,
            "roe_4q": -7.35,
            "gross_profit": 105029,
            "gross_margin": 5,
            "gross_margin_4q_avg": 5.16,
            "net_income": -34654,
            "net_income_4q": null,
            "revenue": 2098754,
            "revenue_4q": null,
            "common_shares": 5545160,
            "book_valuer_per_share": 4.97,
            "book_valuer_per_share_4q_avg": 5.14,
            "equity": 2753423,
            "current_ratio": 132.12,
            "debt_ratio": 55.94,
            "inventory_turnover_ratio": 1.81,
            "account_receivable_turnover_ratio": null,
            "reinvestment_rate": null,
            "research_to_sale_ratio": null,
            "price_fair": 0,
            "eps_avg_yearly": 0,
            "eps_latest_yearly": 0,
            "eps_growth_yearly": 0
        },
        "20043": {
            "year_quarter": 20043,
            "year": 2004,
            "quarter": 3,
            "eps": 0.05,
            "eps_growth_year": null,
            "eps_4q": -0.61,
            "eps_4q_growth_year": null,
            "roe": 0.47,
            "roe_4q": -5.569999999999999,
            "gross_profit": 134550,
            "gross_margin": 5.39,
            "gross_margin_4q_avg": 5.11,
            "net_income": 12937,
            "net_income_4q": null,
            "revenue": 2497186,
            "revenue_4q": null,
            "common_shares": 2772809,
            "book_valuer_per_share": 9.98,
            "book_valuer_per_share_4q_avg": 6.28,
            "equity": 2767718,
            "current_ratio": 126.23,
            "debt_ratio": 55.88,
            "inventory_turnover_ratio": 2.46,
            "account_receivable_turnover_ratio": null,
            "reinvestment_rate": null,
            "research_to_sale_ratio": null,
            "price_fair": 0,
            "eps_avg_yearly": 0,
            "eps_latest_yearly": 0,
            "eps_growth_yearly": 0
        },
        "20044": {
            "year_quarter": 20044,
            "year": 2004,
            "quarter": 4,
            "eps": -0.47,
            "eps_growth_year": null,
            "eps_4q": -0.89,
            "eps_4q_growth_year": null,
            "roe": -4.32,
            "roe_4q": -8,
            "gross_profit": 143498,
            "gross_margin": 5.16,
            "gross_margin_4q_avg": 5.17,
            "net_income": -116488,
            "net_income_4q": null,
            "revenue": 2779172,
            "revenue_4q": null,
            "common_shares": 2772809,
            "book_valuer_per_share": 9.45,
            "book_valuer_per_share_4q_avg": 7.36,
            "equity": 2621589,
            "current_ratio": 117.45,
            "debt_ratio": 60.75,
            "inventory_turnover_ratio": 2.29,
            "account_receivable_turnover_ratio": null,
            "reinvestment_rate": null,
            "research_to_sale_ratio": null,
            "price_fair": 0,
            "eps_avg_yearly": 0,
            "eps_latest_yearly": 0,
            "eps_growth_yearly": 0
        },
        "20051": {
            "year_quarter": 20051,
            "year": 2005,
            "quarter": 1,
            "eps": -0.3,
            "eps_growth_year": null,
            "eps_4q": -0.87,
            "eps_4q_growth_year": null,
            "roe": -2.83,
            "roe_4q": -7.930000000000001,
            "gross_profit": 75124,
            "gross_margin": 3.86,
            "gross_margin_4q_avg": 4.85,
            "net_income": -73290,
            "net_income_4q": null,
            "revenue": 1947101,
            "revenue_4q": null,
            "common_shares": 2772809,
            "book_valuer_per_share": 9.19,
            "book_valuer_per_share_4q_avg": 8.4,
            "equity": 2549204,
            "current_ratio": 120.59,
            "debt_ratio": 55.93,
            "inventory_turnover_ratio": 1.71,
            "account_receivable_turnover_ratio": null,
            "reinvestment_rate": null,
            "research_to_sale_ratio": null,
            "price_fair": 0,
            "eps_avg_yearly": 0,
            "eps_latest_yearly": 0,
            "eps_growth_yearly": 0
        },
        "20052": {
            "year_quarter": 20052,
            "year": 2005,
            "quarter": 2,
            "eps": -0.64,
            "eps_growth_year": null,
            "eps_4q": -1.21,
            "eps_4q_growth_year": null,
            "roe": -6.38,
            "roe_4q": -13.06,
            "gross_profit": 61891,
            "gross_margin": 5.34,
            "gross_margin_4q_avg": 4.94,
            "net_income": -157717,
            "net_income_4q": null,
            "revenue": 1159047,
            "revenue_4q": null,
            "common_shares": 2772809,
            "book_valuer_per_share": 8.64,
            "book_valuer_per_share_4q_avg": 9.32,
            "equity": 2395943,
            "current_ratio": 140.74,
            "debt_ratio": 53.23,
            "inventory_turnover_ratio": 1.43,
            "account_receivable_turnover_ratio": null,
            "reinvestment_rate": null,
            "research_to_sale_ratio": null,
            "price_fair": 0,
            "eps_avg_yearly": 0,
            "eps_latest_yearly": 0,
            "eps_growth_yearly": 0
        },
        "20053": {
            "year_quarter": 20053,
            "year": 2005,
            "quarter": 3,
            "eps": -0.18,
            "eps_growth_year": -460,
            "eps_4q": -1.41,
            "eps_4q_growth_year": null,
            "roe": -1.82,
            "roe_4q": -15.35,
            "gross_profit": 90500,
            "gross_margin": 6.05,
            "gross_margin_4q_avg": 5.1,
            "net_income": -43349,
            "net_income_4q": null,
            "revenue": 1496455,
            "revenue_4q": null,
            "common_shares": 2772809,
            "book_valuer_per_share": 8.52,
            "book_valuer_per_share_4q_avg": 8.95,
            "equity": 2362399,
            "current_ratio": 127.12,
            "debt_ratio": 53.41,
            "inventory_turnover_ratio": 2.09,
            "account_receivable_turnover_ratio": null,
            "reinvestment_rate": null,
            "research_to_sale_ratio": null,
            "price_fair": 0,
            "eps_avg_yearly": 0,
            "eps_latest_yearly": 0,
            "eps_growth_yearly": 0
        },
        "20054": {
            "year_quarter": 20054,
            "year": 2005,
            "quarter": 4,
            "eps": -0.6,
            "eps_growth_year": null,
            "eps_4q": -1.7,
            "eps_4q_growth_year": null,
            "roe": -6.45,
            "roe_4q": -17.479999999999997,
            "gross_profit": 58408,
            "gross_margin": 3.77,
            "gross_margin_4q_avg": 4.76,
            "net_income": -147803,
            "net_income_4q": null,
            "revenue": 1547658,
            "revenue_4q": null,
            "common_shares": 2772809,
            "book_valuer_per_share": 8.02,
            "book_valuer_per_share_4q_avg": 8.59,
            "equity": 2224006,
            "current_ratio": 134.76,
            "debt_ratio": 51.89,
            "inventory_turnover_ratio": 1.6,
            "account_receivable_turnover_ratio": null,
            "reinvestment_rate": null,
            "research_to_sale_ratio": null,
            "price_fair": 0,
            "eps_avg_yearly": 0,
            "eps_latest_yearly": 0,
            "eps_growth_yearly": 0
        },
        "20061": {
            "year_quarter": 20061,
            "year": 2006,
            "quarter": 1,
            "eps": -0.26,
            "eps_growth_year": null,
            "eps_4q": -1.66,
            "eps_4q_growth_year": null,
            "roe": -2.96,
            "roe_4q": -17.61,
            "gross_profit": 58096,
            "gross_margin": 5.27,
            "gross_margin_4q_avg": 5.11,
            "net_income": -64780,
            "net_income_4q": null,
            "revenue": 1101731,
            "revenue_4q": null,
            "common_shares": 2772809,
            "book_valuer_per_share": 7.77,
            "book_valuer_per_share_4q_avg": 8.24,
            "equity": 2155560,
            "current_ratio": 146.81,
            "debt_ratio": 41.83,
            "inventory_turnover_ratio": 1.16,
            "account_receivable_turnover_ratio": null,
            "reinvestment_rate": null,
            "research_to_sale_ratio": null,
            "price_fair": 0,
            "eps_avg_yearly": 0,
            "eps_latest_yearly": 0,
            "eps_growth_yearly": 0
        },
        "20062": {
            "year_quarter": 20062,
            "year": 2006,
            "quarter": 2,
            "eps": -0.57,
            "eps_growth_year": null,
            "eps_4q": -1.44,
            "eps_4q_growth_year": null,
            "roe": -6.85,
            "roe_4q": -18.08,
            "gross_profit": 35726,
            "gross_margin": 3.72,
            "gross_margin_4q_avg": 4.7,
            "net_income": -142384,
            "net_income_4q": null,
            "revenue": 960579,
            "revenue_4q": null,
            "common_shares": 2772809,
            "book_valuer_per_share": 7.22,
            "book_valuer_per_share_4q_avg": 7.88,
            "equity": 2002545,
            "current_ratio": 144.28,
            "debt_ratio": 41.74,
            "inventory_turnover_ratio": 2.01,
            "account_receivable_turnover_ratio": null,
            "reinvestment_rate": null,
            "research_to_sale_ratio": null,
            "price_fair": 0,
            "eps_avg_yearly": 0,
            "eps_latest_yearly": 0,
            "eps_growth_yearly": 0
        },
        "20063": {
            "year_quarter": 20063,
            "year": 2006,
            "quarter": 3,
            "eps": -0.19,
            "eps_growth_year": null,
            "eps_4q": -1.45,
            "eps_4q_growth_year": null,
            "roe": -2.35,
            "roe_4q": -18.61,
            "gross_profit": 44999,
            "gross_margin": 4.54,
            "gross_margin_4q_avg": 4.33,
            "net_income": -46523,
            "net_income_4q": null,
            "revenue": 991521,
            "revenue_4q": null,
            "common_shares": 2772809,
            "book_valuer_per_share": 7.08,
            "book_valuer_per_share_4q_avg": 7.52,
            "equity": 1962891,
            "current_ratio": 132.74,
            "debt_ratio": 43.83,
            "inventory_turnover_ratio": 2.46,
            "account_receivable_turnover_ratio": null,
            "reinvestment_rate": null,
            "research_to_sale_ratio": null,
            "price_fair": 0,
            "eps_avg_yearly": 0,
            "eps_latest_yearly": 0,
            "eps_growth_yearly": 0
        },
        "20064": {
            "year_quarter": 20064,
            "year": 2006,
            "quarter": 4,
            "eps": -1.38,
            "eps_growth_year": null,
            "eps_4q": -2.41,
            "eps_4q_growth_year": null,
            "roe": -19.1,
            "roe_4q": -31.260000000000005,
            "gross_profit": -29554,
            "gross_margin": -2.46,
            "gross_margin_4q_avg": 2.77,
            "net_income": -342089,
            "net_income_4q": null,
            "revenue": 1200717,
            "revenue_4q": null,
            "common_shares": 2772809,
            "book_valuer_per_share": 5.84,
            "book_valuer_per_share_4q_avg": 6.98,
            "equity": 1618258,
            "current_ratio": 119.4,
            "debt_ratio": 57.64,
            "inventory_turnover_ratio": 1.91,
            "account_receivable_turnover_ratio": null,
            "reinvestment_rate": null,
            "research_to_sale_ratio": null,
            "price_fair": 0,
            "eps_avg_yearly": 0,
            "eps_latest_yearly": 0,
            "eps_growth_yearly": 0
        },
        "20071": {
            "year_quarter": 20071,
            "year": 2007,
            "quarter": 1,
            "eps": 0.05,
            "eps_growth_year": null,
            "eps_4q": -2.15,
            "eps_4q_growth_year": null,
            "roe": 0.74,
            "roe_4q": -27.560000000000002,
            "gross_profit": 94809,
            "gross_margin": 10.24,
            "gross_margin_4q_avg": 4.01,
            "net_income": 12091,
            "net_income_4q": null,
            "revenue": 926047,
            "revenue_4q": null,
            "common_shares": 2772809,
            "book_valuer_per_share": 5.9,
            "book_valuer_per_share_4q_avg": 6.51,
            "equity": 1636318,
            "current_ratio": 126.15,
            "debt_ratio": 47.21,
            "inventory_turnover_ratio": 1.48,
            "account_receivable_turnover_ratio": null,
            "reinvestment_rate": null,
            "research_to_sale_ratio": null,
            "price_fair": 0,
            "eps_avg_yearly": 0,
            "eps_latest_yearly": 0,
            "eps_growth_yearly": 0
        },
        "20072": {
            "year_quarter": 20072,
            "year": 2007,
            "quarter": 2,
            "eps": 0.01,
            "eps_growth_year": null,
            "eps_4q": -1.35,
            "eps_4q_growth_year": null,
            "roe": 0.09,
            "roe_4q": -20.620000000000005,
            "gross_profit": 45331,
            "gross_margin": 7.84,
            "gross_margin_4q_avg": 5.04,
            "net_income": 1462,
            "net_income_4q": null,
            "revenue": 578046,
            "revenue_4q": null,
            "common_shares": 2772809,
            "book_valuer_per_share": 5.88,
            "book_valuer_per_share_4q_avg": 6.18,
            "equity": 1630991,
            "current_ratio": 137.1,
            "debt_ratio": 43.51,
            "inventory_turnover_ratio": 2.03,
            "account_receivable_turnover_ratio": null,
            "reinvestment_rate": null,
            "research_to_sale_ratio": null,
            "price_fair": 0.12,
            "eps_avg_yearly": 0.04,
            "eps_latest_yearly": 0.04,
            "eps_growth_yearly": -320
        },
        "20073": {
            "year_quarter": 20073,
            "year": 2007,
            "quarter": 3,
            "eps": -0.17,
            "eps_growth_year": null,
            "eps_4q": -1.33,
            "eps_4q_growth_year": null,
            "roe": -2.58,
            "roe_4q": -20.85,
            "gross_profit": 48716,
            "gross_margin": 7.72,
            "gross_margin_4q_avg": 5.84,
            "net_income": -41459,
            "net_income_4q": null,
            "revenue": 631436,
            "revenue_4q": null,
            "common_shares": 2772809,
            "book_valuer_per_share": 5.72,
            "book_valuer_per_share_4q_avg": 5.84,
            "equity": 1586952,
            "current_ratio": 118.18,
            "debt_ratio": 43.03,
            "inventory_turnover_ratio": 2.09,
            "account_receivable_turnover_ratio": null,
            "reinvestment_rate": null,
            "research_to_sale_ratio": null,
            "price_fair": 0.12,
            "eps_avg_yearly": 0.04,
            "eps_latest_yearly": 0.04,
            "eps_growth_yearly": -320
        },
        "20074": {
            "year_quarter": 20074,
            "year": 2007,
            "quarter": 4,
            "eps": 0.18,
            "eps_growth_year": null,
            "eps_4q": 0.07,
            "eps_4q_growth_year": null,
            "roe": 2.78,
            "roe_4q": 1.0299999999999998,
            "gross_profit": 74755,
            "gross_margin": 7.47,
            "gross_margin_4q_avg": 8.32,
            "net_income": 44783,
            "net_income_4q": null,
            "revenue": 1001240,
            "revenue_4q": null,
            "common_shares": 2772809,
            "book_valuer_per_share": 5.89,
            "book_valuer_per_share_4q_avg": 5.85,
            "equity": 1632212,
            "current_ratio": 120.11,
            "debt_ratio": 53.21,
            "inventory_turnover_ratio": 1.84,
            "account_receivable_turnover_ratio": null,
            "reinvestment_rate": null,
            "research_to_sale_ratio": null,
            "price_fair": 0.12,
            "eps_avg_yearly": 0.04,
            "eps_latest_yearly": 0.04,
            "eps_growth_yearly": -320
        },
        "20081": {
            "year_quarter": 20081,
            "year": 2008,
            "quarter": 1,
            "eps": -0.39,
            "eps_growth_year": -880,
            "eps_4q": -0.37,
            "eps_4q_growth_year": null,
            "roe": -6.19,
            "roe_4q": -5.9,
            "gross_profit": 100972,
            "gross_margin": 12.29,
            "gross_margin_4q_avg": 8.83,
            "net_income": -97627,
            "net_income_4q": null,
            "revenue": 821681,
            "revenue_4q": null,
            "common_shares": 2772809,
            "book_valuer_per_share": 5.49,
            "book_valuer_per_share_4q_avg": 5.75,
            "equity": 1522881,
            "current_ratio": 117.02,
            "debt_ratio": 53.09,
            "inventory_turnover_ratio": 0.91,
            "account_receivable_turnover_ratio": null,
            "reinvestment_rate": null,
            "research_to_sale_ratio": null,
            "price_fair": 0.12,
            "eps_avg_yearly": 0.04,
            "eps_latest_yearly": 0.04,
            "eps_growth_yearly": -320
        },
        "20082": {
            "year_quarter": 20082,
            "year": 2008,
            "quarter": 2,
            "eps": -0.17,
            "eps_growth_year": -1800,
            "eps_4q": -0.49,
            "eps_4q_growth_year": null,
            "roe": -2.83,
            "roe_4q": -8.82,
            "gross_profit": 87690,
            "gross_margin": 11.26,
            "gross_margin_4q_avg": 9.69,
            "net_income": -42465,
            "net_income_4q": null,
            "revenue": 779106,
            "revenue_4q": null,
            "common_shares": 2772809,
            "book_valuer_per_share": 5.34,
            "book_valuer_per_share_4q_avg": 5.61,
            "equity": 1480487,
            "current_ratio": 114.49,
            "debt_ratio": 53.06,
            "inventory_turnover_ratio": 0.86,
            "account_receivable_turnover_ratio": null,
            "reinvestment_rate": null,
            "research_to_sale_ratio": null,
            "price_fair": 0.12,
            "eps_avg_yearly": 0.04,
            "eps_latest_yearly": 0.04,
            "eps_growth_yearly": -320
        },
        "20083": {
            "year_quarter": 20083,
            "year": 2008,
            "quarter": 3,
            "eps": 0.03,
            "eps_growth_year": null,
            "eps_4q": -0.36,
            "eps_4q_growth_year": null,
            "roe": 0.5,
            "roe_4q": -5.74,
            "gross_profit": 93618,
            "gross_margin": 10.11,
            "gross_margin_4q_avg": 10.28,
            "net_income": 7416,
            "net_income_4q": null,
            "revenue": 926085,
            "revenue_4q": null,
            "common_shares": 2772809,
            "book_valuer_per_share": 5.45,
            "book_valuer_per_share_4q_avg": 5.54,
            "equity": 1510833,
            "current_ratio": 114.6,
            "debt_ratio": 54.33,
            "inventory_turnover_ratio": 1.01,
            "account_receivable_turnover_ratio": null,
            "reinvestment_rate": null,
            "research_to_sale_ratio": null,
            "price_fair": 0.12,
            "eps_avg_yearly": 0.04,
            "eps_latest_yearly": 0.04,
            "eps_growth_yearly": -320
        },
        "20084": {
            "year_quarter": 20084,
            "year": 2008,
            "quarter": 4,
            "eps": 0.17,
            "eps_growth_year": -5.56,
            "eps_4q": -0.37,
            "eps_4q_growth_year": -642.03,
            "roe": 2.73,
            "roe_4q": -5.790000000000001,
            "gross_profit": 127626,
            "gross_margin": 13.15,
            "gross_margin_4q_avg": 11.7,
            "net_income": 41948,
            "net_income_4q": null,
            "revenue": 970747,
            "revenue_4q": null,
            "common_shares": 2772809,
            "book_valuer_per_share": 5.62,
            "book_valuer_per_share_4q_avg": 5.48,
            "equity": 1557799,
            "current_ratio": 118.63,
            "debt_ratio": 51.86,
            "inventory_turnover_ratio": 1.02,
            "account_receivable_turnover_ratio": 4.05,
            "reinvestment_rate": null,
            "research_to_sale_ratio": null,
            "price_fair": 12.6,
            "eps_avg_yearly": 0.36,
            "eps_latest_yearly": 0.68,
            "eps_growth_yearly": 773.33
        },
        "20091": {
            "year_quarter": 20091,
            "year": 2009,
            "quarter": 1,
            "eps": -0.11,
            "eps_growth_year": null,
            "eps_4q": -0.07,
            "eps_4q_growth_year": null,
            "roe": -1.69,
            "roe_4q": -1.29,
            "gross_profit": 64428,
            "gross_margin": 14.06,
            "gross_margin_4q_avg": 12.15,
            "net_income": -26207,
            "net_income_4q": null,
            "revenue": 458271,
            "revenue_4q": null,
            "common_shares": 2772809,
            "book_valuer_per_share": 5.58,
            "book_valuer_per_share_4q_avg": 5.5,
            "equity": 1546051,
            "current_ratio": 123.55,
            "debt_ratio": 46.22,
            "inventory_turnover_ratio": 0.52,
            "account_receivable_turnover_ratio": 1.15,
            "reinvestment_rate": null,
            "research_to_sale_ratio": null,
            "price_fair": 12.6,
            "eps_avg_yearly": 0.36,
            "eps_latest_yearly": 0.68,
            "eps_growth_yearly": 773.33
        },
        "20092": {
            "year_quarter": 20092,
            "year": 2009,
            "quarter": 2,
            "eps": -0.29,
            "eps_growth_year": null,
            "eps_4q": -0.18,
            "eps_4q_growth_year": null,
            "roe": -4.78,
            "roe_4q": -3.2400000000000007,
            "gross_profit": 63764,
            "gross_margin": 10.74,
            "gross_margin_4q_avg": 12.02,
            "net_income": -71963,
            "net_income_4q": null,
            "revenue": 593506,
            "revenue_4q": null,
            "common_shares": 2772809,
            "book_valuer_per_share": 5.28,
            "book_valuer_per_share_4q_avg": 5.48,
            "equity": 1463580,
            "current_ratio": 122.24,
            "debt_ratio": 43.92,
            "inventory_turnover_ratio": 0.78,
            "account_receivable_turnover_ratio": 2.14,
            "reinvestment_rate": null,
            "research_to_sale_ratio": null,
            "price_fair": 12.6,
            "eps_avg_yearly": 0.36,
            "eps_latest_yearly": 0.68,
            "eps_growth_yearly": 773.33
        },
        "20093": {
            "year_quarter": 20093,
            "year": 2009,
            "quarter": 3,
            "eps": -0.39,
            "eps_growth_year": -1400,
            "eps_4q": -0.55,
            "eps_4q_growth_year": null,
            "roe": -6.7,
            "roe_4q": -10.44,
            "gross_profit": 26539,
            "gross_margin": 5.83,
            "gross_margin_4q_avg": 10.95,
            "net_income": -95498,
            "net_income_4q": null,
            "revenue": 455592,
            "revenue_4q": null,
            "common_shares": 2772809,
            "book_valuer_per_share": 5,
            "book_valuer_per_share_4q_avg": 5.37,
            "equity": 1386936,
            "current_ratio": 118.71,
            "debt_ratio": 45.35,
            "inventory_turnover_ratio": 0.71,
            "account_receivable_turnover_ratio": 2.26,
            "reinvestment_rate": null,
            "research_to_sale_ratio": null,
            "price_fair": 12.6,
            "eps_avg_yearly": 0.36,
            "eps_latest_yearly": 0.68,
            "eps_growth_yearly": 773.33
        },
        "20094": {
            "year_quarter": 20094,
            "year": 2009,
            "quarter": 4,
            "eps": 0.05,
            "eps_growth_year": -70.59,
            "eps_4q": -0.73,
            "eps_4q_growth_year": null,
            "roe": 0.96,
            "roe_4q": -12.209999999999999,
            "gross_profit": 105624,
            "gross_margin": 22.6,
            "gross_margin_4q_avg": 13.31,
            "net_income": 13385,
            "net_income_4q": null,
            "revenue": 467287,
            "revenue_4q": null,
            "common_shares": 2772809,
            "book_valuer_per_share": 5.71,
            "book_valuer_per_share_4q_avg": 5.39,
            "equity": 1413405,
            "current_ratio": 116.48,
            "debt_ratio": 45.46,
            "inventory_turnover_ratio": 0.65,
            "account_receivable_turnover_ratio": 1.67,
            "reinvestment_rate": null,
            "research_to_sale_ratio": null,
            "price_fair": 12.6,
            "eps_avg_yearly": 0.36,
            "eps_latest_yearly": 0.68,
            "eps_growth_yearly": 773.33
        },
        "20101": {
            "year_quarter": 20101,
            "year": 2010,
            "quarter": 1,
            "eps": -0.14,
            "eps_growth_year": null,
            "eps_4q": -0.76,
            "eps_4q_growth_year": null,
            "roe": -2.4,
            "roe_4q": -12.920000000000002,
            "gross_profit": 79951,
            "gross_margin": 18.02,
            "gross_margin_4q_avg": 14.3,
            "net_income": -33629,
            "net_income_4q": null,
            "revenue": 443576,
            "revenue_4q": null,
            "common_shares": 2772809,
            "book_valuer_per_share": 5.61,
            "book_valuer_per_share_4q_avg": 5.4,
            "equity": 1389155,
            "current_ratio": 121.49,
            "debt_ratio": 47.55,
            "inventory_turnover_ratio": 0.65,
            "account_receivable_turnover_ratio": 0.79,
            "reinvestment_rate": null,
            "research_to_sale_ratio": 5.64,
            "price_fair": 12.6,
            "eps_avg_yearly": 0.36,
            "eps_latest_yearly": 0.68,
            "eps_growth_yearly": 773.33
        },
        "20102": {
            "year_quarter": 20102,
            "year": 2010,
            "quarter": 2,
            "eps": -0.02,
            "eps_growth_year": null,
            "eps_4q": -0.49,
            "eps_4q_growth_year": null,
            "roe": -0.37,
            "roe_4q": -8.51,
            "gross_profit": 107270,
            "gross_margin": 17.42,
            "gross_margin_4q_avg": 15.97,
            "net_income": -5130,
            "net_income_4q": null,
            "revenue": 615810,
            "revenue_4q": null,
            "common_shares": 2772809,
            "book_valuer_per_share": 5.63,
            "book_valuer_per_share_4q_avg": 5.49,
            "equity": 1393777,
            "current_ratio": 125.15,
            "debt_ratio": 46.46,
            "inventory_turnover_ratio": 0.93,
            "account_receivable_turnover_ratio": 1.04,
            "reinvestment_rate": null,
            "research_to_sale_ratio": 4.34,
            "price_fair": 12.6,
            "eps_avg_yearly": 0.36,
            "eps_latest_yearly": 0.68,
            "eps_growth_yearly": 773.33
        },
        "20103": {
            "year_quarter": 20103,
            "year": 2010,
            "quarter": 3,
            "eps": -0.03,
            "eps_growth_year": null,
            "eps_4q": -0.13,
            "eps_4q_growth_year": null,
            "roe": -0.58,
            "roe_4q": -2.3899999999999997,
            "gross_profit": 85217,
            "gross_margin": 17.29,
            "gross_margin_4q_avg": 18.83,
            "net_income": -8004,
            "net_income_4q": null,
            "revenue": 492775,
            "revenue_4q": null,
            "common_shares": 2772809,
            "book_valuer_per_share": 5.55,
            "book_valuer_per_share_4q_avg": 5.63,
            "equity": 1374905,
            "current_ratio": 126.05,
            "debt_ratio": 46.02,
            "inventory_turnover_ratio": 0.78,
            "account_receivable_turnover_ratio": 0.85,
            "reinvestment_rate": null,
            "research_to_sale_ratio": 5.64,
            "price_fair": 12.6,
            "eps_avg_yearly": 0.36,
            "eps_latest_yearly": 0.68,
            "eps_growth_yearly": 773.33
        },
        "20104": {
            "year_quarter": 20104,
            "year": 2010,
            "quarter": 4,
            "eps": -0.25,
            "eps_growth_year": -609.42,
            "eps_4q": -0.44,
            "eps_4q_growth_year": null,
            "roe": -4.72,
            "roe_4q": -8.07,
            "gross_profit": 109627,
            "gross_margin": 20.01,
            "gross_margin_4q_avg": 18.19,
            "net_income": -63080,
            "net_income_4q": null,
            "revenue": 547987,
            "revenue_4q": null,
            "common_shares": 2772809,
            "book_valuer_per_share": 5.25,
            "book_valuer_per_share_4q_avg": 5.51,
            "equity": 1299318,
            "current_ratio": 122.31,
            "debt_ratio": 46.2,
            "inventory_turnover_ratio": 0.86,
            "account_receivable_turnover_ratio": 1.08,
            "reinvestment_rate": null,
            "research_to_sale_ratio": 5.15,
            "price_fair": 12.6,
            "eps_avg_yearly": 0.36,
            "eps_latest_yearly": 0.68,
            "eps_growth_yearly": 773.33
        },
        "20111": {
            "year_quarter": 20111,
            "year": 2011,
            "quarter": 1,
            "eps": 0.05,
            "eps_growth_year": null,
            "eps_4q": -0.25,
            "eps_4q_growth_year": null,
            "roe": 1.02,
            "roe_4q": -4.6499999999999995,
            "gross_profit": 88113,
            "gross_margin": 16.56,
            "gross_margin_4q_avg": 17.82,
            "net_income": 13302,
            "net_income_4q": null,
            "revenue": 532184,
            "revenue_4q": null,
            "common_shares": 2772809,
            "book_valuer_per_share": 5.3,
            "book_valuer_per_share_4q_avg": 5.43,
            "equity": 1312977,
            "current_ratio": 116.12,
            "debt_ratio": 46.65,
            "inventory_turnover_ratio": 0.96,
            "account_receivable_turnover_ratio": 1.21,
            "reinvestment_rate": null,
            "research_to_sale_ratio": 5.43,
            "price_fair": 12.6,
            "eps_avg_yearly": 0.36,
            "eps_latest_yearly": 0.68,
            "eps_growth_yearly": 773.33
        },
        "20112": {
            "year_quarter": 20112,
            "year": 2011,
            "quarter": 2,
            "eps": -0.04,
            "eps_growth_year": null,
            "eps_4q": -0.27,
            "eps_4q_growth_year": null,
            "roe": -0.77,
            "roe_4q": -5.05,
            "gross_profit": 97133,
            "gross_margin": 18.38,
            "gross_margin_4q_avg": 18.06,
            "net_income": -10079,
            "net_income_4q": null,
            "revenue": 528453,
            "revenue_4q": null,
            "common_shares": 2772809,
            "book_valuer_per_share": 5.24,
            "book_valuer_per_share_4q_avg": 5.34,
            "equity": 1297886,
            "current_ratio": 116.22,
            "debt_ratio": 47.22,
            "inventory_turnover_ratio": 0.94,
            "account_receivable_turnover_ratio": 1.16,
            "reinvestment_rate": null,
            "research_to_sale_ratio": 5.28,
            "price_fair": 23.8,
            "eps_avg_yearly": 0.68,
            "eps_latest_yearly": 0.68,
            "eps_growth_yearly": 1866.67
        },
        "20113": {
            "year_quarter": 20113,
            "year": 2011,
            "quarter": 3,
            "eps": 0.13,
            "eps_growth_year": null,
            "eps_4q": -0.11,
            "eps_4q_growth_year": null,
            "roe": 2.49,
            "roe_4q": -1.9799999999999995,
            "gross_profit": 103246,
            "gross_margin": 19.27,
            "gross_margin_4q_avg": 18.56,
            "net_income": 32979,
            "net_income_4q": null,
            "revenue": 535810,
            "revenue_4q": null,
            "common_shares": 2772809,
            "book_valuer_per_share": 5.45,
            "book_valuer_per_share_4q_avg": 5.31,
            "equity": 1350082,
            "current_ratio": 118.14,
            "debt_ratio": 47.85,
            "inventory_turnover_ratio": 0.85,
            "account_receivable_turnover_ratio": 1.09,
            "reinvestment_rate": null,
            "research_to_sale_ratio": 5.09,
            "price_fair": 23.8,
            "eps_avg_yearly": 0.68,
            "eps_latest_yearly": 0.68,
            "eps_growth_yearly": 1866.67
        },
        "20114": {
            "year_quarter": 20114,
            "year": 2011,
            "quarter": 4,
            "eps": 0.06,
            "eps_growth_year": null,
            "eps_4q": 0.2,
            "eps_4q_growth_year": null,
            "roe": 1.07,
            "roe_4q": 3.8100000000000005,
            "gross_profit": 130162,
            "gross_margin": 22.13,
            "gross_margin_4q_avg": 19.09,
            "net_income": 14474,
            "net_income_4q": null,
            "revenue": 588070,
            "revenue_4q": null,
            "common_shares": 2558447,
            "book_valuer_per_share": 5.49,
            "book_valuer_per_share_4q_avg": 5.37,
            "equity": 1360990,
            "current_ratio": 127.67,
            "debt_ratio": 41.93,
            "inventory_turnover_ratio": 0.9,
            "account_receivable_turnover_ratio": 1.37,
            "reinvestment_rate": null,
            "research_to_sale_ratio": 4.56,
            "price_fair": 16.1,
            "eps_avg_yearly": 0.46,
            "eps_latest_yearly": 0.24,
            "eps_growth_yearly": 825.64
        },
        "20121": {
            "year_quarter": 20121,
            "year": 2012,
            "quarter": 1,
            "eps": -0.1,
            "eps_growth_year": -300,
            "eps_4q": 0.05,
            "eps_4q_growth_year": null,
            "roe": -1.89,
            "roe_4q": 0.9000000000000004,
            "gross_profit": 88520,
            "gross_margin": 22.3,
            "gross_margin_4q_avg": 20.52,
            "net_income": -25349,
            "net_income_4q": null,
            "revenue": 396979,
            "revenue_4q": null,
            "common_shares": 2558447,
            "book_valuer_per_share": 5.36,
            "book_valuer_per_share_4q_avg": 5.39,
            "equity": 1327835,
            "current_ratio": 127.71,
            "debt_ratio": 41.44,
            "inventory_turnover_ratio": 0.68,
            "account_receivable_turnover_ratio": 1.07,
            "reinvestment_rate": null,
            "research_to_sale_ratio": 6.89,
            "price_fair": 16.1,
            "eps_avg_yearly": 0.46,
            "eps_latest_yearly": 0.24,
            "eps_growth_yearly": 825.64
        },
        "20122": {
            "year_quarter": 20122,
            "year": 2012,
            "quarter": 2,
            "eps": -0.11,
            "eps_growth_year": null,
            "eps_4q": -0.02,
            "eps_4q_growth_year": null,
            "roe": -2.12,
            "roe_4q": -0.4499999999999993,
            "gross_profit": 58734,
            "gross_margin": 18.54,
            "gross_margin_4q_avg": 20.56,
            "net_income": -27921,
            "net_income_4q": null,
            "revenue": 316802,
            "revenue_4q": null,
            "common_shares": 2558447,
            "book_valuer_per_share": 5.26,
            "book_valuer_per_share_4q_avg": 5.39,
            "equity": 1301918,
            "current_ratio": 126.48,
            "debt_ratio": 41.69,
            "inventory_turnover_ratio": 0.57,
            "account_receivable_turnover_ratio": 1.01,
            "reinvestment_rate": null,
            "research_to_sale_ratio": 8.33,
            "price_fair": 16.1,
            "eps_avg_yearly": 0.46,
            "eps_latest_yearly": 0.24,
            "eps_growth_yearly": 825.64
        },
        "20123": {
            "year_quarter": 20123,
            "year": 2012,
            "quarter": 3,
            "eps": -0.01,
            "eps_growth_year": -111.15,
            "eps_4q": -0.23,
            "eps_4q_growth_year": null,
            "roe": -0.21,
            "roe_4q": -3.1499999999999995,
            "gross_profit": 72785,
            "gross_margin": 19,
            "gross_margin_4q_avg": 20.49,
            "net_income": -2735,
            "net_income_4q": null,
            "revenue": 383155,
            "revenue_4q": null,
            "common_shares": 1901445,
            "book_valuer_per_share": 7.09,
            "book_valuer_per_share_4q_avg": 5.8,
            "equity": 1304700,
            "current_ratio": 133.87,
            "debt_ratio": 37.6,
            "inventory_turnover_ratio": 0.75,
            "account_receivable_turnover_ratio": 1.48,
            "reinvestment_rate": null,
            "research_to_sale_ratio": 7.04,
            "price_fair": 16.1,
            "eps_avg_yearly": 0.46,
            "eps_latest_yearly": 0.24,
            "eps_growth_yearly": 825.64
        },
        "20124": {
            "year_quarter": 20124,
            "year": 2012,
            "quarter": 4,
            "eps": -1.03,
            "eps_growth_year": -1863.81,
            "eps_4q": -1.34,
            "eps_4q_growth_year": -752.47,
            "roe": -15.68,
            "roe_4q": -19.900000000000002,
            "gross_profit": -23234,
            "gross_margin": -9.17,
            "gross_margin_4q_avg": 12.67,
            "net_income": -189736,
            "net_income_4q": null,
            "revenue": 253311,
            "revenue_4q": null,
            "common_shares": 1901445,
            "book_valuer_per_share": 6.06,
            "book_valuer_per_share_4q_avg": 5.94,
            "equity": 1114997,
            "current_ratio": 125.84,
            "debt_ratio": 38.12,
            "inventory_turnover_ratio": 0.89,
            "account_receivable_turnover_ratio": 1.13,
            "reinvestment_rate": null,
            "research_to_sale_ratio": 9.53,
            "price_fair": 0.72,
            "eps_avg_yearly": 0.24,
            "eps_latest_yearly": 0.24,
            "eps_growth_yearly": -215.38
        },
        "20131": {
            "year_quarter": 20131,
            "year": 2013,
            "quarter": 1,
            "eps": -0.28,
            "eps_growth_year": null,
            "eps_4q": -1.48,
            "eps_4q_growth_year": -3151.11,
            "roe": -4.81,
            "roe_4q": -22.82,
            "gross_profit": 29831,
            "gross_margin": 17.58,
            "gross_margin_4q_avg": 11.49,
            "net_income": -52268,
            "net_income_4q": null,
            "revenue": 169661,
            "revenue_4q": null,
            "common_shares": 1901445,
            "book_valuer_per_share": 5.76,
            "book_valuer_per_share_4q_avg": 6.04,
            "equity": 1060214,
            "current_ratio": 118.55,
            "debt_ratio": 38.74,
            "inventory_turnover_ratio": 0.5,
            "account_receivable_turnover_ratio": 1.17,
            "reinvestment_rate": null,
            "research_to_sale_ratio": 16.27,
            "price_fair": 0.72,
            "eps_avg_yearly": 0.24,
            "eps_latest_yearly": 0.24,
            "eps_growth_yearly": -215.38
        },
        "20132": {
            "year_quarter": 20132,
            "year": 2013,
            "quarter": 2,
            "eps": -0.26,
            "eps_growth_year": null,
            "eps_4q": -1.59,
            "eps_4q_growth_year": null,
            "roe": -4.68,
            "roe_4q": -25.38,
            "gross_profit": 43386,
            "gross_margin": 18.46,
            "gross_margin_4q_avg": 11.47,
            "net_income": -48547,
            "net_income_4q": null,
            "revenue": 234987,
            "revenue_4q": null,
            "common_shares": 1901445,
            "book_valuer_per_share": 5.51,
            "book_valuer_per_share_4q_avg": 6.11,
            "equity": 1014942,
            "current_ratio": 109.8,
            "debt_ratio": 42.02,
            "inventory_turnover_ratio": 0.62,
            "account_receivable_turnover_ratio": 2.12,
            "reinvestment_rate": null,
            "research_to_sale_ratio": 11.93,
            "price_fair": 0.72,
            "eps_avg_yearly": 0.24,
            "eps_latest_yearly": 0.24,
            "eps_growth_yearly": -215.38
        },
        "20133": {
            "year_quarter": 20133,
            "year": 2013,
            "quarter": 3,
            "eps": -0.25,
            "eps_growth_year": null,
            "eps_4q": -1.83,
            "eps_4q_growth_year": null,
            "roe": -4.65,
            "roe_4q": -29.82,
            "gross_profit": 48724,
            "gross_margin": 17.35,
            "gross_margin_4q_avg": 11.06,
            "net_income": -46019,
            "net_income_4q": null,
            "revenue": 280792,
            "revenue_4q": null,
            "common_shares": 1901445,
            "book_valuer_per_share": 5.25,
            "book_valuer_per_share_4q_avg": 5.65,
            "equity": 966120,
            "current_ratio": 104.63,
            "debt_ratio": 44.05,
            "inventory_turnover_ratio": 0.7,
            "account_receivable_turnover_ratio": 2.01,
            "reinvestment_rate": null,
            "research_to_sale_ratio": 9.92,
            "price_fair": 0.72,
            "eps_avg_yearly": 0.24,
            "eps_latest_yearly": 0.24,
            "eps_growth_yearly": -215.38
        },
        "20134": {
            "year_quarter": 20134,
            "year": 2013,
            "quarter": 4,
            "eps": -0.26,
            "eps_growth_year": null,
            "eps_4q": -1.06,
            "eps_4q_growth_year": null,
            "roe": -5.06,
            "roe_4q": -19.2,
            "gross_profit": 41726,
            "gross_margin": 18.38,
            "gross_margin_4q_avg": 17.94,
            "net_income": -47753,
            "net_income_4q": null,
            "revenue": 227068,
            "revenue_4q": null,
            "common_shares": 1901445,
            "book_valuer_per_share": 5,
            "book_valuer_per_share_4q_avg": 5.38,
            "equity": 920660,
            "current_ratio": 103.08,
            "debt_ratio": 45.39,
            "inventory_turnover_ratio": 0.6,
            "account_receivable_turnover_ratio": 1.9,
            "reinvestment_rate": null,
            "research_to_sale_ratio": 10.89,
            "price_fair": 0.72,
            "eps_avg_yearly": 0.24,
            "eps_latest_yearly": 0.24,
            "eps_growth_yearly": -215.38
        },
        "20141": {
            "year_quarter": 20141,
            "year": 2014,
            "quarter": 1,
            "eps": -0.32,
            "eps_growth_year": null,
            "eps_4q": -1.09,
            "eps_4q_growth_year": null,
            "roe": -6.63,
            "roe_4q": -21.02,
            "gross_profit": 23095,
            "gross_margin": 12.26,
            "gross_margin_4q_avg": 16.61,
            "net_income": -59193,
            "net_income_4q": null,
            "revenue": 188367,
            "revenue_4q": null,
            "common_shares": 1901445,
            "book_valuer_per_share": 4.7,
            "book_valuer_per_share_4q_avg": 5.12,
            "equity": 865586,
            "current_ratio": 100.06,
            "debt_ratio": 47.89,
            "inventory_turnover_ratio": 0.58,
            "account_receivable_turnover_ratio": 2.04,
            "reinvestment_rate": null,
            "research_to_sale_ratio": 15.98,
            "price_fair": 0.72,
            "eps_avg_yearly": 0.24,
            "eps_latest_yearly": 0.24,
            "eps_growth_yearly": -215.38
        },
        "20142": {
            "year_quarter": 20142,
            "year": 2014,
            "quarter": 2,
            "eps": -0.34,
            "eps_growth_year": null,
            "eps_4q": -1.17,
            "eps_4q_growth_year": null,
            "roe": -7.55,
            "roe_4q": -23.89,
            "gross_profit": 44117,
            "gross_margin": 19.3,
            "gross_margin_4q_avg": 16.82,
            "net_income": -62843,
            "net_income_4q": null,
            "revenue": 228635,
            "revenue_4q": null,
            "common_shares": 1901445,
            "book_valuer_per_share": 4.34,
            "book_valuer_per_share_4q_avg": 4.82,
            "equity": 798795,
            "current_ratio": 93.06,
            "debt_ratio": 51.69,
            "inventory_turnover_ratio": 0.59,
            "account_receivable_turnover_ratio": 2.41,
            "reinvestment_rate": null,
            "research_to_sale_ratio": 12.72,
            "price_fair": 0.72,
            "eps_avg_yearly": 0.24,
            "eps_latest_yearly": 0.24,
            "eps_growth_yearly": -215.38
        },
        "20143": {
            "year_quarter": 20143,
            "year": 2014,
            "quarter": 3,
            "eps": -0.22,
            "eps_growth_year": null,
            "eps_4q": -1.14,
            "eps_4q_growth_year": null,
            "roe": -5.12,
            "roe_4q": -24.36,
            "gross_profit": 39210,
            "gross_margin": 18.49,
            "gross_margin_4q_avg": 17.11,
            "net_income": -39951,
            "net_income_4q": null,
            "revenue": 212094,
            "revenue_4q": null,
            "common_shares": 1901445,
            "book_valuer_per_share": 4.14,
            "book_valuer_per_share_4q_avg": 4.55,
            "equity": 761519,
            "current_ratio": 87.82,
            "debt_ratio": 52.08,
            "inventory_turnover_ratio": 0.51,
            "account_receivable_turnover_ratio": 1.9,
            "reinvestment_rate": null,
            "research_to_sale_ratio": 13.86,
            "price_fair": 0.72,
            "eps_avg_yearly": 0.24,
            "eps_latest_yearly": 0.24,
            "eps_growth_yearly": -215.38
        },
        "20144": {
            "year_quarter": 20144,
            "year": 2014,
            "quarter": 4,
            "eps": -0.2,
            "eps_growth_year": null,
            "eps_4q": -1.08,
            "eps_4q_growth_year": null,
            "roe": -4.88,
            "roe_4q": -24.18,
            "gross_profit": 46304,
            "gross_margin": 20.71,
            "gross_margin_4q_avg": 17.69,
            "net_income": -36393,
            "net_income_4q": null,
            "revenue": 223530,
            "revenue_4q": null,
            "common_shares": 1901445,
            "book_valuer_per_share": 3.97,
            "book_valuer_per_share_4q_avg": 4.29,
            "equity": 730729,
            "current_ratio": 84.74,
            "debt_ratio": 50.34,
            "inventory_turnover_ratio": 0.54,
            "account_receivable_turnover_ratio": 2.12,
            "reinvestment_rate": null,
            "research_to_sale_ratio": 9.57,
            "price_fair": 0.72,
            "eps_avg_yearly": 0.24,
            "eps_latest_yearly": 0.24,
            "eps_growth_yearly": -215.38
        },
        "20151": {
            "year_quarter": 20151,
            "year": 2015,
            "quarter": 1,
            "eps": -0.33,
            "eps_growth_year": null,
            "eps_4q": -1.08,
            "eps_4q_growth_year": null,
            "roe": -8.61,
            "roe_4q": -26.16,
            "gross_profit": 25671,
            "gross_margin": 15.3,
            "gross_margin_4q_avg": 18.45,
            "net_income": -60278,
            "net_income_4q": null,
            "revenue": 167817,
            "revenue_4q": null,
            "common_shares": 1901445,
            "book_valuer_per_share": 3.64,
            "book_valuer_per_share_4q_avg": 4.02,
            "equity": 670103,
            "current_ratio": 79.56,
            "debt_ratio": 53.44,
            "inventory_turnover_ratio": 0.47,
            "account_receivable_turnover_ratio": 1.88,
            "reinvestment_rate": null,
            "research_to_sale_ratio": 12.66,
            "price_fair": 0.72,
            "eps_avg_yearly": 0.24,
            "eps_latest_yearly": 0.24,
            "eps_growth_yearly": -215.38
        },
        "20152": {
            "year_quarter": 20152,
            "year": 2015,
            "quarter": 2,
            "eps": -0.32,
            "eps_growth_year": null,
            "eps_4q": -1.06,
            "eps_4q_growth_year": null,
            "roe": -9.06,
            "roe_4q": -27.67,
            "gross_profit": 26463,
            "gross_margin": 14.59,
            "gross_margin_4q_avg": 17.27,
            "net_income": -58002,
            "net_income_4q": null,
            "revenue": 181356,
            "revenue_4q": null,
            "common_shares": 1901445,
            "book_valuer_per_share": 3.32,
            "book_valuer_per_share_4q_avg": 3.77,
            "equity": 610490,
            "current_ratio": 75.21,
            "debt_ratio": 56.09,
            "inventory_turnover_ratio": 0.55,
            "account_receivable_turnover_ratio": 1.99,
            "reinvestment_rate": null,
            "research_to_sale_ratio": 12.05,
            "price_fair": 0.72,
            "eps_avg_yearly": 0.24,
            "eps_latest_yearly": 0.24,
            "eps_growth_yearly": -215.38
        },
        "20153": {
            "year_quarter": 20153,
            "year": 2015,
            "quarter": 3,
            "eps": -0.2,
            "eps_growth_year": null,
            "eps_4q": -1.04,
            "eps_4q_growth_year": null,
            "roe": -6.18,
            "roe_4q": -28.73,
            "gross_profit": 24654,
            "gross_margin": 13.59,
            "gross_margin_4q_avg": 16.05,
            "net_income": -36714,
            "net_income_4q": null,
            "revenue": 181412,
            "revenue_4q": null,
            "common_shares": 1901445,
            "book_valuer_per_share": 3.13,
            "book_valuer_per_share_4q_avg": 3.52,
            "equity": 576905,
            "current_ratio": 72.52,
            "debt_ratio": 58.67,
            "inventory_turnover_ratio": 0.56,
            "account_receivable_turnover_ratio": 1.98,
            "reinvestment_rate": null,
            "research_to_sale_ratio": 12.66,
            "price_fair": 0.72,
            "eps_avg_yearly": 0.24,
            "eps_latest_yearly": 0.24,
            "eps_growth_yearly": -215.38
        },
        "20154": {
            "year_quarter": 20154,
            "year": 2015,
            "quarter": 4,
            "eps": -0.13,
            "eps_growth_year": null,
            "eps_4q": -0.97,
            "eps_4q_growth_year": null,
            "roe": -4.2,
            "roe_4q": -28.049999999999997,
            "gross_profit": 73830,
            "gross_margin": 25.06,
            "gross_margin_4q_avg": 17.14,
            "net_income": -23736,
            "net_income_4q": null,
            "revenue": 294581,
            "revenue_4q": null,
            "common_shares": 1901445,
            "book_valuer_per_share": 3.01,
            "book_valuer_per_share_4q_avg": 3.28,
            "equity": 554205,
            "current_ratio": 73.52,
            "debt_ratio": 60.84,
            "inventory_turnover_ratio": 0.79,
            "account_receivable_turnover_ratio": 3.16,
            "reinvestment_rate": null,
            "research_to_sale_ratio": 5.84,
            "price_fair": 0,
            "eps_avg_yearly": 0,
            "eps_latest_yearly": 0,
            "eps_growth_yearly": 0
        },
        "20161": {
            "year_quarter": 20161,
            "year": 2016,
            "quarter": 1,
            "eps": -0.14,
            "eps_growth_year": null,
            "eps_4q": -0.78,
            "eps_4q_growth_year": null,
            "roe": -4.6,
            "roe_4q": -24.04,
            "gross_profit": 65763,
            "gross_margin": 24.23,
            "gross_margin_4q_avg": 19.37,
            "net_income": -24889,
            "net_income_4q": null,
            "revenue": 271369,
            "revenue_4q": null,
            "common_shares": 1901445,
            "book_valuer_per_share": 2.87,
            "book_valuer_per_share_4q_avg": 3.08,
            "equity": 528877,
            "current_ratio": 71.46,
            "debt_ratio": 61.25,
            "inventory_turnover_ratio": 0.79,
            "account_receivable_turnover_ratio": 2.43,
            "reinvestment_rate": null,
            "research_to_sale_ratio": 7.87,
            "price_fair": 0,
            "eps_avg_yearly": 0,
            "eps_latest_yearly": 0,
            "eps_growth_yearly": 0
        },
        "20162": {
            "year_quarter": 20162,
            "year": 2016,
            "quarter": 2,
            "eps": -0.2,
            "eps_growth_year": null,
            "eps_4q": -0.66,
            "eps_4q_growth_year": null,
            "roe": -7.03,
            "roe_4q": -22.009999999999998,
            "gross_profit": 51136,
            "gross_margin": 21.74,
            "gross_margin_4q_avg": 21.16,
            "net_income": -35980,
            "net_income_4q": null,
            "revenue": 235248,
            "revenue_4q": null,
            "common_shares": 1901445,
            "book_valuer_per_share": 2.69,
            "book_valuer_per_share_4q_avg": 2.93,
            "equity": 494387,
            "current_ratio": 70.53,
            "debt_ratio": 63.35,
            "inventory_turnover_ratio": 0.72,
            "account_receivable_turnover_ratio": 1.72,
            "reinvestment_rate": null,
            "research_to_sale_ratio": 9.13,
            "price_fair": 0,
            "eps_avg_yearly": 0,
            "eps_latest_yearly": 0,
            "eps_growth_yearly": 0
        },
        "20163": {
            "year_quarter": 20163,
            "year": 2016,
            "quarter": 3,
            "eps": -0.86,
            "eps_growth_year": null,
            "eps_4q": -1.79,
            "eps_4q_growth_year": null,
            "roe": -17.18,
            "roe_4q": -33.010000000000005,
            "gross_profit": 20462,
            "gross_margin": 12.65,
            "gross_margin_4q_avg": 20.92,
            "net_income": -78424,
            "net_income_4q": null,
            "revenue": 161768,
            "revenue_4q": null,
            "common_shares": 939314,
            "book_valuer_per_share": 4.6,
            "book_valuer_per_share_4q_avg": 3.29,
            "equity": 418426,
            "current_ratio": 60.27,
            "debt_ratio": 65.33,
            "inventory_turnover_ratio": 0.58,
            "account_receivable_turnover_ratio": 1.35,
            "reinvestment_rate": null,
            "research_to_sale_ratio": 12.96,
            "price_fair": 0,
            "eps_avg_yearly": 0,
            "eps_latest_yearly": 0,
            "eps_growth_yearly": 0
        },
        "20164": {
            "year_quarter": 20164,
            "year": 2016,
            "quarter": 4,
            "eps": -0.34,
            "eps_growth_year": null,
            "eps_4q": -1.54,
            "eps_4q_growth_year": null,
            "roe": -9.24,
            "roe_4q": -38.050000000000004,
            "gross_profit": 30773,
            "gross_margin": 17.34,
            "gross_margin_4q_avg": 18.99,
            "net_income": -39449,
            "net_income_4q": null,
            "revenue": 177510,
            "revenue_4q": null,
            "common_shares": 1189314,
            "book_valuer_per_share": 3.76,
            "book_valuer_per_share_4q_avg": 3.48,
            "equity": 435724,
            "current_ratio": 61.4,
            "debt_ratio": 62.98,
            "inventory_turnover_ratio": 0.66,
            "account_receivable_turnover_ratio": 1.95,
            "reinvestment_rate": null,
            "research_to_sale_ratio": 13.49,
            "price_fair": 0,
            "eps_avg_yearly": 0,
            "eps_latest_yearly": 0,
            "eps_growth_yearly": 0
        },
        "20171": {
            "year_quarter": 20171,
            "year": 2017,
            "quarter": 1,
            "eps": -0.46,
            "eps_growth_year": null,
            "eps_4q": -1.52,
            "eps_4q_growth_year": null,
            "roe": -13.86,
            "roe_4q": -47.31,
            "gross_profit": 36642,
            "gross_margin": 26.28,
            "gross_margin_4q_avg": 19.5,
            "net_income": -60301,
            "net_income_4q": null,
            "revenue": 139447,
            "revenue_4q": null,
            "common_shares": 1439314,
            "book_valuer_per_share": 3.08,
            "book_valuer_per_share_4q_avg": 3.53,
            "equity": 434315,
            "current_ratio": 58.83,
            "debt_ratio": 60.08,
            "inventory_turnover_ratio": 0.48,
            "account_receivable_turnover_ratio": 1.78,
            "reinvestment_rate": null,
            "research_to_sale_ratio": 13.85,
            "price_fair": 0,
            "eps_avg_yearly": 0,
            "eps_latest_yearly": 0,
            "eps_growth_yearly": 0
        },
        "20172": {
            "year_quarter": 20172,
            "year": 2017,
            "quarter": 2,
            "eps": -0.16,
            "eps_growth_year": null,
            "eps_4q": -1.43,
            "eps_4q_growth_year": null,
            "roe": -5.65,
            "roe_4q": -45.93,
            "gross_profit": 28013,
            "gross_margin": 20.55,
            "gross_margin_4q_avg": 19.21,
            "net_income": -23774,
            "net_income_4q": null,
            "revenue": 136314,
            "revenue_4q": null,
            "common_shares": 1439314,
            "book_valuer_per_share": 2.89,
            "book_valuer_per_share_4q_avg": 3.58,
            "equity": 407867,
            "current_ratio": 59.83,
            "debt_ratio": 64.86,
            "inventory_turnover_ratio": 0.48,
            "account_receivable_turnover_ratio": 2.06,
            "reinvestment_rate": null,
            "research_to_sale_ratio": 12.64,
            "price_fair": 0,
            "eps_avg_yearly": 0,
            "eps_latest_yearly": 0,
            "eps_growth_yearly": 0
        },
        "20173": {
            "year_quarter": 20173,
            "year": 2017,
            "quarter": 3,
            "eps": -0.16,
            "eps_growth_year": null,
            "eps_4q": -0.75,
            "eps_4q_growth_year": null,
            "roe": -5.21,
            "roe_4q": -33.96,
            "gross_profit": 37417,
            "gross_margin": 21.52,
            "gross_margin_4q_avg": 21.42,
            "net_income": -23481,
            "net_income_4q": null,
            "revenue": 173887,
            "revenue_4q": null,
            "common_shares": 1989314,
            "book_valuer_per_share": 2.52,
            "book_valuer_per_share_4q_avg": 3.06,
            "equity": 493104,
            "current_ratio": 67.6,
            "debt_ratio": 56.95,
            "inventory_turnover_ratio": 0.59,
            "account_receivable_turnover_ratio": 2.76,
            "reinvestment_rate": null,
            "research_to_sale_ratio": 9.58,
            "price_fair": 0,
            "eps_avg_yearly": 0,
            "eps_latest_yearly": 0,
            "eps_growth_yearly": 0
        },
        "20174": {
            "year_quarter": 20174,
            "year": 2017,
            "quarter": 4,
            "eps": -0.43,
            "eps_growth_year": null,
            "eps_4q": -0.98,
            "eps_4q_growth_year": null,
            "roe": -18.66,
            "roe_4q": -43.38,
            "gross_profit": 266,
            "gross_margin": 0.17,
            "gross_margin_4q_avg": 17.13,
            "net_income": -84120,
            "net_income_4q": null,
            "revenue": 152271,
            "revenue_4q": null,
            "common_shares": 1989314,
            "book_valuer_per_share": 2.08,
            "book_valuer_per_share_4q_avg": 2.64,
            "equity": 408354,
            "current_ratio": 61.67,
            "debt_ratio": 64.56,
            "inventory_turnover_ratio": 0.7,
            "account_receivable_turnover_ratio": 2.12,
            "reinvestment_rate": null,
            "research_to_sale_ratio": 11.89,
            "price_fair": 0,
            "eps_avg_yearly": 0,
            "eps_latest_yearly": 0,
            "eps_growth_yearly": 0
        },
        "20181": {
            "year_quarter": 20181,
            "year": 2018,
            "quarter": 1,
            "eps": 0,
            "eps_growth_year": null,
            "eps_4q": -0.67,
            "eps_4q_growth_year": null,
            "roe": 0.14,
            "roe_4q": -29.380000000000003,
            "gross_profit": 64520,
            "gross_margin": 27.4,
            "gross_margin_4q_avg": 17.41,
            "net_income": 589,
            "net_income_4q": null,
            "revenue": 235449,
            "revenue_4q": null,
            "common_shares": 1989314,
            "book_valuer_per_share": 2.04,
            "book_valuer_per_share_4q_avg": 2.38,
            "equity": 416116,
            "current_ratio": 67.03,
            "debt_ratio": 66.4,
            "inventory_turnover_ratio": 0.78,
            "account_receivable_turnover_ratio": 2.63,
            "reinvestment_rate": null,
            "research_to_sale_ratio": 6.91,
            "price_fair": 0,
            "eps_avg_yearly": 0,
            "eps_latest_yearly": 0,
            "eps_growth_yearly": 0
        },
        "20182": {
            "year_quarter": 20182,
            "year": 2018,
            "quarter": 2,
            "eps": -0.31,
            "eps_growth_year": null,
            "eps_4q": -0.86,
            "eps_4q_growth_year": null,
            "roe": -17.27,
            "roe_4q": -41,
            "gross_profit": 51269,
            "gross_margin": 23.02,
            "gross_margin_4q_avg": 18.03,
            "net_income": -66180,
            "net_income_4q": null,
            "revenue": 222733,
            "revenue_4q": null,
            "common_shares": 1989314,
            "book_valuer_per_share": 1.72,
            "book_valuer_per_share_4q_avg": 2.09,
            "equity": 350359,
            "current_ratio": 69.58,
            "debt_ratio": 70.73,
            "inventory_turnover_ratio": 0.72,
            "account_receivable_turnover_ratio": 2.25,
            "reinvestment_rate": null,
            "research_to_sale_ratio": 8,
            "price_fair": 0,
            "eps_avg_yearly": 0,
            "eps_latest_yearly": 0,
            "eps_growth_yearly": 0
        },
        "20183": {
            "year_quarter": 20183,
            "year": 2018,
            "quarter": 3,
            "eps": -0.03,
            "eps_growth_year": null,
            "eps_4q": -0.77,
            "eps_4q_growth_year": null,
            "roe": -2.72,
            "roe_4q": -38.51,
            "gross_profit": 62448,
            "gross_margin": 25.88,
            "gross_margin_4q_avg": 19.12,
            "net_income": -9446,
            "net_income_4q": null,
            "revenue": 241312,
            "revenue_4q": null,
            "common_shares": 1989314,
            "book_valuer_per_share": 1.71,
            "book_valuer_per_share_4q_avg": 1.89,
            "equity": 344806,
            "current_ratio": 68.14,
            "debt_ratio": 70.8,
            "inventory_turnover_ratio": 0.72,
            "account_receivable_turnover_ratio": 2.06,
            "reinvestment_rate": null,
            "research_to_sale_ratio": 9.06,
            "price_fair": 0,
            "eps_avg_yearly": 0,
            "eps_latest_yearly": 0,
            "eps_growth_yearly": 0
        },
        "20184": {
            "year_quarter": 20184,
            "year": 2018,
            "quarter": 4,
            "eps": -0.01,
            "eps_growth_year": null,
            "eps_4q": -0.35,
            "eps_4q_growth_year": null,
            "roe": -2.93,
            "roe_4q": -22.78,
            "gross_profit": 55917,
            "gross_margin": 25.41,
            "gross_margin_4q_avg": 25.43,
            "net_income": -9889,
            "net_income_4q": null,
            "revenue": 220043,
            "revenue_4q": null,
            "common_shares": 1989314,
            "book_valuer_per_share": 1.68,
            "book_valuer_per_share_4q_avg": 1.79,
            "equity": 330580,
            "current_ratio": 64.7,
            "debt_ratio": 70.73,
            "inventory_turnover_ratio": 0.69,
            "account_receivable_turnover_ratio": 1.78,
            "reinvestment_rate": null,
            "research_to_sale_ratio": 11.48,
            "price_fair": 0,
            "eps_avg_yearly": 0,
            "eps_latest_yearly": 0,
            "eps_growth_yearly": 0
        },
        "20191": {
            "year_quarter": 20191,
            "year": 2019,
            "quarter": 1,
            "eps": -0.07,
            "eps_growth_year": null,
            "eps_4q": -0.43,
            "eps_4q_growth_year": null,
            "roe": -5.59,
            "roe_4q": -28.509999999999998,
            "gross_profit": 50927,
            "gross_margin": 27.26,
            "gross_margin_4q_avg": 25.39,
            "net_income": -18009,
            "net_income_4q": null,
            "revenue": 186836,
            "revenue_4q": null,
            "common_shares": 1989314,
            "book_valuer_per_share": 1.62,
            "book_valuer_per_share_4q_avg": 1.68,
            "equity": 314121,
            "current_ratio": 59.99,
            "debt_ratio": 73.86,
            "inventory_turnover_ratio": 0.59,
            "account_receivable_turnover_ratio": 1.77,
            "reinvestment_rate": null,
            "research_to_sale_ratio": 14.69,
            "price_fair": 0,
            "eps_avg_yearly": 0,
            "eps_latest_yearly": 0,
            "eps_growth_yearly": 0
        },
        "20192": {
            "year_quarter": 20192,
            "year": 2019,
            "quarter": 2,
            "eps": -0.11,
            "eps_growth_year": null,
            "eps_4q": -0.22,
            "eps_4q_growth_year": null,
            "roe": -9.8,
            "roe_4q": -21.04,
            "gross_profit": 41670,
            "gross_margin": 25.28,
            "gross_margin_4q_avg": 25.96,
            "net_income": -29115,
            "net_income_4q": null,
            "revenue": 164815,
            "revenue_4q": null,
            "common_shares": 1989314,
            "book_valuer_per_share": 1.48,
            "book_valuer_per_share_4q_avg": 1.62,
            "equity": 279787,
            "current_ratio": 56.86,
            "debt_ratio": 75.93,
            "inventory_turnover_ratio": 0.51,
            "account_receivable_turnover_ratio": 1.92,
            "reinvestment_rate": null,
            "research_to_sale_ratio": 15.67,
            "price_fair": 0,
            "eps_avg_yearly": 0,
            "eps_latest_yearly": 0,
            "eps_growth_yearly": 0
        },
        "20193": {
            "year_quarter": 20193,
            "year": 2019,
            "quarter": 3,
            "eps": -0.1,
            "eps_growth_year": null,
            "eps_4q": -0.29,
            "eps_4q_growth_year": null,
            "roe": -9.09,
            "roe_4q": -27.41,
            "gross_profit": 59163,
            "gross_margin": 27.27,
            "gross_margin_4q_avg": 26.31,
            "net_income": -24759,
            "net_income_4q": null,
            "revenue": 216959,
            "revenue_4q": null,
            "common_shares": 1989314,
            "book_valuer_per_share": 1.43,
            "book_valuer_per_share_4q_avg": 1.55,
            "equity": 264722,
            "current_ratio": 57.97,
            "debt_ratio": 77.98,
            "inventory_turnover_ratio": 0.65,
            "account_receivable_turnover_ratio": 2.57,
            "reinvestment_rate": null,
            "research_to_sale_ratio": 12.57,
            "price_fair": 0,
            "eps_avg_yearly": 0,
            "eps_latest_yearly": 0,
            "eps_growth_yearly": 0
        },
        "20194": {
            "year_quarter": 20194,
            "year": 2019,
            "quarter": 4,
            "eps": -0.02,
            "eps_growth_year": null,
            "eps_4q": -0.3,
            "eps_4q_growth_year": null,
            "roe": -3.99,
            "roe_4q": -28.470000000000002,
            "gross_profit": 74918,
            "gross_margin": 28.77,
            "gross_margin_4q_avg": 27.15,
            "net_income": -10317,
            "net_income_4q": null,
            "revenue": 260419,
            "revenue_4q": null,
            "common_shares": 1989314,
            "book_valuer_per_share": 1.4,
            "book_valuer_per_share_4q_avg": 1.48,
            "equity": 253018,
            "current_ratio": 56,
            "debt_ratio": 77.88,
            "inventory_turnover_ratio": 0.83,
            "account_receivable_turnover_ratio": 2.88,
            "reinvestment_rate": null,
            "research_to_sale_ratio": 9.52,
            "price_fair": 0,
            "eps_avg_yearly": 0,
            "eps_latest_yearly": 0,
            "eps_growth_yearly": 0
        },
        "20201": {
            "year_quarter": 20201,
            "year": 2020,
            "quarter": 1,
            "eps": -0.05,
            "eps_growth_year": null,
            "eps_4q": -0.27,
            "eps_4q_growth_year": null,
            "roe": -4.81,
            "roe_4q": -27.69,
            "gross_profit": 50031,
            "gross_margin": 28.6,
            "gross_margin_4q_avg": 27.48,
            "net_income": -11583,
            "net_income_4q": null,
            "revenue": 174948,
            "revenue_4q": null,
            "common_shares": 1959240,
            "book_valuer_per_share": 1.22,
            "book_valuer_per_share_4q_avg": 1.38,
            "equity": 228713,
            "current_ratio": 54.34,
            "debt_ratio": 79.47,
            "inventory_turnover_ratio": 0.58,
            "account_receivable_turnover_ratio": 1.96,
            "reinvestment_rate": null,
            "research_to_sale_ratio": 13.02,
            "price_fair": 0,
            "eps_avg_yearly": 0,
            "eps_latest_yearly": 0,
            "eps_growth_yearly": 0
        },
        "20202": {
            "year_quarter": 20202,
            "year": 2020,
            "quarter": 2,
            "eps": -0.04,
            "eps_growth_year": null,
            "eps_4q": -0.21,
            "eps_4q_growth_year": null,
            "roe": -4.1,
            "roe_4q": -21.990000000000002,
            "gross_profit": 55132,
            "gross_margin": 29.98,
            "gross_margin_4q_avg": 28.66,
            "net_income": -9313,
            "net_income_4q": null,
            "revenue": 183867,
            "revenue_4q": null,
            "common_shares": 1959240,
            "book_valuer_per_share": 1.21,
            "book_valuer_per_share_4q_avg": 1.32,
            "equity": 225295,
            "current_ratio": 55.21,
            "debt_ratio": 79.38,
            "inventory_turnover_ratio": 0.56,
            "account_receivable_turnover_ratio": 2.43,
            "reinvestment_rate": null,
            "research_to_sale_ratio": 11.72,
            "price_fair": 0,
            "eps_avg_yearly": 0,
            "eps_latest_yearly": 0,
            "eps_growth_yearly": 0
        },
        "20203": {
            "year_quarter": 20203,
            "year": 2020,
            "quarter": 3,
            "eps": 0.14,
            "eps_growth_year": null,
            "eps_4q": 0.03,
            "eps_4q_growth_year": null,
            "roe": 10.75,
            "roe_4q": -2.1499999999999995,
            "gross_profit": 78686,
            "gross_margin": 31.93,
            "gross_margin_4q_avg": 29.82,
            "net_income": 25448,
            "net_income_4q": null,
            "revenue": 246420,
            "revenue_4q": null,
            "common_shares": 1959240,
            "book_valuer_per_share": 1.33,
            "book_valuer_per_share_4q_avg": 1.29,
            "equity": 247990,
            "current_ratio": 61.16,
            "debt_ratio": 78.68,
            "inventory_turnover_ratio": 0.73,
            "account_receivable_turnover_ratio": 4.23,
            "reinvestment_rate": null,
            "research_to_sale_ratio": 7.8,
            "price_fair": 0,
            "eps_avg_yearly": 0,
            "eps_latest_yearly": 0,
            "eps_growth_yearly": 0
        },
        "20204": {
            "year_quarter": 20204,
            "year": 2020,
            "quarter": 4,
            "eps": 0.06,
            "eps_growth_year": null,
            "eps_4q": 0.11,
            "eps_4q_growth_year": null,
            "roe": 4.31,
            "roe_4q": 6.1499999999999995,
            "gross_profit": 73323,
            "gross_margin": 28.41,
            "gross_margin_4q_avg": 29.73,
            "net_income": 10880,
            "net_income_4q": null,
            "revenue": 258124,
            "revenue_4q": null,
            "common_shares": 1959240,
            "book_valuer_per_share": 1.38,
            "book_valuer_per_share_4q_avg": 1.29,
            "equity": 256428,
            "current_ratio": 62.25,
            "debt_ratio": 78.06,
            "inventory_turnover_ratio": 0.85,
            "account_receivable_turnover_ratio": 4.21,
            "reinvestment_rate": null,
            "research_to_sale_ratio": 8.74,
            "price_fair": 0.72,
            "eps_avg_yearly": 0.24,
            "eps_latest_yearly": 0.24,
            "eps_growth_yearly": -228.57
        },
        "20211": {
            "year_quarter": 20211,
            "year": 2021,
            "quarter": 1,
            "eps": 0,
            "eps_growth_year": null,
            "eps_4q": 0.16,
            "eps_4q_growth_year": null,
            "roe": -0.37,
            "roe_4q": 10.59,
            "gross_profit": 55027,
            "gross_margin": 29.7,
            "gross_margin_4q_avg": 30.01,
            "net_income": -939,
            "net_income_4q": null,
            "revenue": 185269,
            "revenue_4q": null,
            "common_shares": 1959240,
            "book_valuer_per_share": 1.39,
            "book_valuer_per_share_4q_avg": 1.33,
            "equity": 257713,
            "current_ratio": 61.94,
            "debt_ratio": 77.47,
            "inventory_turnover_ratio": 0.58,
            "account_receivable_turnover_ratio": 3.05,
            "reinvestment_rate": null,
            "research_to_sale_ratio": 10.32,
            "price_fair": 0.72,
            "eps_avg_yearly": 0.24,
            "eps_latest_yearly": 0.24,
            "eps_growth_yearly": -228.57
        },
        "20212": {
            "year_quarter": 20212,
            "year": 2021,
            "quarter": 2,
            "eps": 0.05,
            "eps_growth_year": null,
            "eps_4q": 0.25,
            "eps_4q_growth_year": null,
            "roe": 3.36,
            "roe_4q": 18.049999999999997,
            "gross_profit": 73182,
            "gross_margin": 31.03,
            "gross_margin_4q_avg": 30.27,
            "net_income": 8854,
            "net_income_4q": null,
            "revenue": 235862,
            "revenue_4q": null,
            "common_shares": 1959240,
            "book_valuer_per_share": 1.46,
            "book_valuer_per_share_4q_avg": 1.39,
            "equity": 270035,
            "current_ratio": 67.23,
            "debt_ratio": 78.11,
            "inventory_turnover_ratio": 0.65,
            "account_receivable_turnover_ratio": 3.87,
            "reinvestment_rate": null,
            "research_to_sale_ratio": 8.44,
            "price_fair": 0.72,
            "eps_avg_yearly": 0.24,
            "eps_latest_yearly": 0.24,
            "eps_growth_yearly": -228.57
        },
        "20213": {
            "year_quarter": 20213,
            "year": 2021,
            "quarter": 3,
            "eps": 0.44,
            "eps_growth_year": 214.29,
            "eps_4q": 1.33,
            "eps_4q_growth_year": 4883.42,
            "roe": 3.57,
            "roe_4q": 10.87,
            "gross_profit": 68726,
            "gross_margin": 28.26,
            "gross_margin_4q_avg": 29.35,
            "net_income": 9831,
            "net_income_4q": null,
            "revenue": 243212,
            "revenue_4q": null,
            "common_shares": 247993,
            "book_valuer_per_share": 11.97,
            "book_valuer_per_share_4q_avg": 4.05,
            "equity": 280143,
            "current_ratio": 66.91,
            "debt_ratio": 76.03,
            "inventory_turnover_ratio": 0.69,
            "account_receivable_turnover_ratio": 4.47,
            "reinvestment_rate": null,
            "research_to_sale_ratio": 7.78,
            "price_fair": 35,
            "eps_avg_yearly": 1,
            "eps_latest_yearly": 1.76,
            "eps_growth_yearly": 1445.71
        },
        "20214": {
            "year_quarter": 20214,
            "year": 2021,
            "quarter": 4,
            "eps": 0.29,
            "eps_growth_year": 375.26,
            "eps_4q": 1.14,
            "eps_4q_growth_year": 941.04,
            "roe": 2.84,
            "roe_4q": 9.4,
            "gross_profit": 62809,
            "gross_margin": 30.86,
            "gross_margin_4q_avg": 29.96,
            "net_income": 8026,
            "net_income_4q": null,
            "revenue": 203550,
            "revenue_4q": null,
            "common_shares": 247993,
            "book_valuer_per_share": 12.15,
            "book_valuer_per_share_4q_avg": 6.74,
            "equity": 285611,
            "current_ratio": 65.94,
            "debt_ratio": 74.66,
            "inventory_turnover_ratio": 0.61,
            "account_receivable_turnover_ratio": 3.51,
            "reinvestment_rate": null,
            "research_to_sale_ratio": 9.36,
            "price_fair": 36.87,
            "eps_avg_yearly": 1.05,
            "eps_latest_yearly": 1.16,
            "eps_growth_yearly": 918.35
        },
        "20221": {
            "year_quarter": 20221,
            "year": 2022,
            "quarter": 1,
            "eps": 0.42,
            "eps_growth_year": null,
            "eps_4q": 1.54,
            "eps_4q_growth_year": 877.53,
            "roe": 3.52,
            "roe_4q": 13.29,
            "gross_profit": 54481,
            "gross_margin": 27.62,
            "gross_margin_4q_avg": 29.44,
            "net_income": 10081,
            "net_income_4q": null,
            "revenue": 197247,
            "revenue_4q": null,
            "common_shares": 247993,
            "book_valuer_per_share": 12.26,
            "book_valuer_per_share_4q_avg": 9.46,
            "equity": 287414,
            "current_ratio": 68.3,
            "debt_ratio": 75.49,
            "inventory_turnover_ratio": 0.6,
            "account_receivable_turnover_ratio": 2.61,
            "reinvestment_rate": null,
            "research_to_sale_ratio": 10.58,
            "price_fair": 42.35,
            "eps_avg_yearly": 1.21,
            "eps_latest_yearly": 1.68,
            "eps_growth_yearly": 733.59
        },
        "20222": {
            "year_quarter": 20222,
            "year": 2022,
            "quarter": 2,
            "eps": 0.96,
            "eps_growth_year": 1820,
            "eps_4q": 2.11,
            "eps_4q_growth_year": 750.45,
            "roe": 8.34,
            "roe_4q": 18.27,
            "gross_profit": 73039,
            "gross_margin": 30.6,
            "gross_margin_4q_avg": 29.34,
            "net_income": 23871,
            "net_income_4q": null,
            "revenue": 238659,
            "revenue_4q": null,
            "common_shares": 247993,
            "book_valuer_per_share": 12.18,
            "book_valuer_per_share_4q_avg": 12.14,
            "equity": 284782,
            "current_ratio": 68.77,
            "debt_ratio": 75.84,
            "inventory_turnover_ratio": 0.63,
            "account_receivable_turnover_ratio": 3,
            "reinvestment_rate": -127.8,
            "research_to_sale_ratio": 8.4,
            "price_fair": 60.76,
            "eps_avg_yearly": 1.74,
            "eps_latest_yearly": 3.84,
            "eps_growth_yearly": 689.73
        },
        "20223": {
            "year_quarter": 20223,
            "year": 2022,
            "quarter": 3,
            "eps": 1.43,
            "eps_growth_year": 225,
            "eps_4q": 3.11,
            "eps_4q_growth_year": 133.9,
            "roe": 11.82,
            "roe_4q": 26.52,
            "gross_profit": 74677,
            "gross_margin": 32.83,
            "gross_margin_4q_avg": 30.48,
            "net_income": 35288,
            "net_income_4q": null,
            "revenue": 227466,
            "revenue_4q": null,
            "common_shares": 247993,
            "book_valuer_per_share": 13.36,
            "book_valuer_per_share_4q_avg": 12.49,
            "equity": 312473,
            "current_ratio": 72.03,
            "debt_ratio": 74.07,
            "inventory_turnover_ratio": 0.57,
            "account_receivable_turnover_ratio": 2.88,
            "reinvestment_rate": -36.24,
            "research_to_sale_ratio": 9.4,
            "price_fair": 84,
            "eps_avg_yearly": 2.4,
            "eps_latest_yearly": 5.72,
            "eps_growth_yearly": 607.42
        },
        "20224": {
            "year_quarter": 20224,
            "year": 2022,
            "quarter": 4,
            "eps": 0.39,
            "eps_growth_year": 35.79,
            "eps_4q": 3.21,
            "eps_4q_growth_year": 182.44,
            "roe": 2.59,
            "roe_4q": 26.27,
            "gross_profit": 96659,
            "gross_margin": 35.7,
            "gross_margin_4q_avg": 31.69,
            "net_income": 8269,
            "net_income_4q": null,
            "revenue": 270765,
            "revenue_4q": null,
            "common_shares": 247993,
            "book_valuer_per_share": 13.93,
            "book_valuer_per_share_4q_avg": 12.93,
            "equity": 325742,
            "current_ratio": 72.11,
            "debt_ratio": 71.83,
            "inventory_turnover_ratio": 0.65,
            "account_receivable_turnover_ratio": 3.2,
            "reinvestment_rate": -36.36,
            "research_to_sale_ratio": 10.17,
            "price_fair": 79.8,
            "eps_avg_yearly": 2.28,
            "eps_latest_yearly": 1.56,
            "eps_growth_yearly": 479.08
        },
        "20231": {
            "year_quarter": 20231,
            "year": 2023,
            "quarter": 1,
            "eps": 0.76,
            "eps_growth_year": 80.95,
            "eps_4q": 3.55,
            "eps_4q_growth_year": 129.96,
            "roe": 5.16,
            "roe_4q": 27.91,
            "gross_profit": 88126,
            "gross_margin": 34.2,
            "gross_margin_4q_avg": 33.33,
            "net_income": 17265,
            "net_income_4q": null,
            "revenue": 257662,
            "revenue_4q": null,
            "common_shares": 247993,
            "book_valuer_per_share": 14.69,
            "book_valuer_per_share_4q_avg": 13.54,
            "equity": 343399,
            "current_ratio": 76.7,
            "debt_ratio": 71.76,
            "inventory_turnover_ratio": 0.6,
            "account_receivable_turnover_ratio": 3.16,
            "reinvestment_rate": -29.72,
            "research_to_sale_ratio": 8.87,
            "price_fair": 83.13,
            "eps_avg_yearly": 2.38,
            "eps_latest_yearly": 3.04,
            "eps_growth_yearly": 466.63
        },
        "20232": {
            "year_quarter": 20232,
            "year": 2023,
            "quarter": 2,
            "eps": 1.78,
            "eps_growth_year": 85.42,
            "eps_4q": 3.49,
            "eps_4q_growth_year": 65.6,
            "roe": 11.86,
            "roe_4q": 31.43,
            "gross_profit": 100058,
            "gross_margin": 36.52,
            "gross_margin_4q_avg": 34.81,
            "net_income": 43119,
            "net_income_4q": null,
            "revenue": 273972,
            "revenue_4q": null,
            "common_shares": 247993,
            "book_valuer_per_share": 16.39,
            "book_valuer_per_share_4q_avg": 14.59,
            "equity": 383941,
            "current_ratio": 81.04,
            "debt_ratio": 68.32,
            "inventory_turnover_ratio": 0.57,
            "account_receivable_turnover_ratio": 3.5,
            "reinvestment_rate": -18.88,
            "research_to_sale_ratio": 10.63,
            "price_fair": 101.58,
            "eps_avg_yearly": 2.9,
            "eps_latest_yearly": 7.12,
            "eps_growth_yearly": 474.43
        },
        "20233": {
            "year_quarter": 20233,
            "year": 2023,
            "quarter": 3,
            "eps": 0.92,
            "eps_growth_year": -35.66,
            "eps_4q": 3.27,
            "eps_4q_growth_year": 5.32,
            "roe": 7.01,
            "roe_4q": 26.619999999999997,
            "gross_profit": 93620,
            "gross_margin": 36.71,
            "gross_margin_4q_avg": 35.78,
            "net_income": 27986,
            "net_income_4q": null,
            "revenue": 255052,
            "revenue_4q": null,
            "common_shares": 247993,
            "book_valuer_per_share": 17.7,
            "book_valuer_per_share_4q_avg": 15.68,
            "equity": 414825,
            "current_ratio": 84.92,
            "debt_ratio": 66.13,
            "inventory_turnover_ratio": 0.54,
            "account_receivable_turnover_ratio": 3.47,
            "reinvestment_rate": -14.08,
            "research_to_sale_ratio": 9.87,
            "price_fair": 104.3,
            "eps_avg_yearly": 2.98,
            "eps_latest_yearly": 3.68,
            "eps_growth_yearly": 407.67
        }
    },
    "months": {
        "2001-06": {
            "month": "2001-06",
            "price": "7.17",
            "revenue": 381381
        },
        "2001-07": {
            "month": "2001-07",
            "price": "5.11",
            "revenue": 441068
        },
        "2001-08": {
            "month": "2001-08",
            "price": "5.24",
            "revenue": 302997
        },
        "2001-09": {
            "month": "2001-09",
            "price": "4.27",
            "revenue": 309827
        },
        "2001-10": {
            "month": "2001-10",
            "price": "3.38",
            "revenue": 342362
        },
        "2001-11": {
            "month": "2001-11",
            "price": "4.10",
            "revenue": 264581
        },
        "2001-12": {
            "month": "2001-12",
            "price": "6.34",
            "revenue": 203350
        },
        "2002-01": {
            "month": "2002-01",
            "price": "7.10",
            "revenue": 214911
        },
        "2002-02": {
            "month": "2002-02",
            "price": "6.42",
            "revenue": 208068
        },
        "2002-03": {
            "month": "2002-03",
            "price": "7.56",
            "revenue": 253496
        },
        "2002-04": {
            "month": "2002-04",
            "price": "12.32",
            "revenue": 350686
        },
        "2002-05": {
            "month": "2002-05",
            "price": "9.75",
            "revenue": 479420
        },
        "2002-06": {
            "month": "2002-06",
            "price": "9.13",
            "revenue": 455998
        },
        "2002-07": {
            "month": "2002-07",
            "price": "7.63",
            "revenue": 375053
        },
        "2002-08": {
            "month": "2002-08",
            "price": "8.63",
            "revenue": 547719
        },
        "2002-09": {
            "month": "2002-09",
            "price": "8.76",
            "revenue": 726796
        },
        "2002-10": {
            "month": "2002-10",
            "price": "8.04",
            "revenue": 824201
        },
        "2002-11": {
            "month": "2002-11",
            "price": "8.24",
            "revenue": 740082
        },
        "2002-12": {
            "month": "2002-12",
            "price": "6.93",
            "revenue": 433432
        },
        "2003-01": {
            "month": "2003-01",
            "price": "6.70",
            "revenue": 371916
        },
        "2003-02": {
            "month": "2003-02",
            "price": "6.55",
            "revenue": 413200
        },
        "2003-03": {
            "month": "2003-03",
            "price": "6.07",
            "revenue": 475954
        },
        "2003-04": {
            "month": "2003-04",
            "price": "6.59",
            "revenue": 496876
        },
        "2003-05": {
            "month": "2003-05",
            "price": "4.87",
            "revenue": 529443
        },
        "2003-06": {
            "month": "2003-06",
            "price": "6.90",
            "revenue": 433448
        },
        "2003-07": {
            "month": "2003-07",
            "price": "7.58",
            "revenue": 570198
        },
        "2003-08": {
            "month": "2003-08",
            "price": "6.91",
            "revenue": 643272
        },
        "2003-09": {
            "month": "2003-09",
            "price": "6.48",
            "revenue": 641381
        },
        "2003-10": {
            "month": "2003-10",
            "price": "6.65",
            "revenue": 577927
        },
        "2003-11": {
            "month": "2003-11",
            "price": "6.76",
            "revenue": 432362
        },
        "2003-12": {
            "month": "2003-12",
            "price": "6.31",
            "revenue": 314530
        },
        "2004-01": {
            "month": "2004-01",
            "price": "6.35",
            "revenue": 150217
        },
        "2004-02": {
            "month": "2004-02",
            "price": "7.19",
            "revenue": 237868
        },
        "2004-03": {
            "month": "2004-03",
            "price": "7.33",
            "revenue": 806753
        },
        "2004-04": {
            "month": "2004-04",
            "price": "7.90",
            "revenue": 584700
        },
        "2004-05": {
            "month": "2004-05",
            "price": "6.65",
            "revenue": 658174
        },
        "2004-06": {
            "month": "2004-06",
            "price": "4.92",
            "revenue": 855881
        },
        "2004-07": {
            "month": "2004-07",
            "price": "4.23",
            "revenue": 852705
        },
        "2004-08": {
            "month": "2004-08",
            "price": "3.77",
            "revenue": 768928
        },
        "2004-09": {
            "month": "2004-09",
            "price": "3.31",
            "revenue": 875552
        },
        "2004-10": {
            "month": "2004-10",
            "price": "3.73",
            "revenue": 1062846
        },
        "2004-11": {
            "month": "2004-11",
            "price": "4.23",
            "revenue": 942338
        },
        "2004-12": {
            "month": "2004-12",
            "price": "7.30",
            "revenue": 773988
        },
        "2005-01": {
            "month": "2005-01",
            "price": "6.12",
            "revenue": 610126
        },
        "2005-02": {
            "month": "2005-02",
            "price": "6.20",
            "revenue": 504778
        },
        "2005-03": {
            "month": "2005-03",
            "price": "6.53",
            "revenue": 832197
        },
        "2005-04": {
            "month": "2005-04",
            "price": "5.95",
            "revenue": 586754
        },
        "2005-05": {
            "month": "2005-05",
            "price": "5.00",
            "revenue": 319666
        },
        "2005-06": {
            "month": "2005-06",
            "price": "5.93",
            "revenue": 252677
        },
        "2005-07": {
            "month": "2005-07",
            "price": "5.85",
            "revenue": 431562
        },
        "2005-08": {
            "month": "2005-08",
            "price": "4.87",
            "revenue": 562639
        },
        "2005-09": {
            "month": "2005-09",
            "price": "4.45",
            "revenue": 502254
        },
        "2005-10": {
            "month": "2005-10",
            "price": "3.54",
            "revenue": 576277
        },
        "2005-11": {
            "month": "2005-11",
            "price": "3.40",
            "revenue": 594234
        },
        "2005-12": {
            "month": "2005-12",
            "price": "4.47",
            "revenue": 377147
        },
        "2006-01": {
            "month": "2006-01",
            "price": "4.39",
            "revenue": 380679
        },
        "2006-02": {
            "month": "2006-02",
            "price": "3.93",
            "revenue": 303338
        },
        "2006-03": {
            "month": "2006-03",
            "price": "3.55",
            "revenue": 417713
        },
        "2006-04": {
            "month": "2006-04",
            "price": "3.75",
            "revenue": 351978
        },
        "2006-05": {
            "month": "2006-05",
            "price": "3.88",
            "revenue": 305489
        },
        "2006-06": {
            "month": "2006-06",
            "price": "3.40",
            "revenue": 303112
        },
        "2006-07": {
            "month": "2006-07",
            "price": "3.06",
            "revenue": 347113
        },
        "2006-08": {
            "month": "2006-08",
            "price": "2.88",
            "revenue": 259825
        },
        "2006-09": {
            "month": "2006-09",
            "price": "2.66",
            "revenue": 384583
        },
        "2006-10": {
            "month": "2006-10",
            "price": "2.82",
            "revenue": 507173
        },
        "2006-11": {
            "month": "2006-11",
            "price": "3.44",
            "revenue": 461773
        },
        "2006-12": {
            "month": "2006-12",
            "price": "4.79",
            "revenue": 238844
        },
        "2007-01": {
            "month": "2007-01",
            "price": "4.99",
            "revenue": 396639
        },
        "2007-02": {
            "month": "2007-02",
            "price": "5.16",
            "revenue": 216517
        },
        "2007-03": {
            "month": "2007-03",
            "price": "5.79",
            "revenue": 305818
        },
        "2007-04": {
            "month": "2007-04",
            "price": "7.54",
            "revenue": 175925
        },
        "2007-05": {
            "month": "2007-05",
            "price": "7.26",
            "revenue": 231857
        },
        "2007-06": {
            "month": "2007-06",
            "price": "7.62",
            "revenue": 170264
        },
        "2007-07": {
            "month": "2007-07",
            "price": "8.01",
            "revenue": 282395
        },
        "2007-08": {
            "month": "2007-08",
            "price": "6.70",
            "revenue": 144551
        },
        "2007-09": {
            "month": "2007-09",
            "price": "6.05",
            "revenue": 204491
        },
        "2007-10": {
            "month": "2007-10",
            "price": "5.53",
            "revenue": 279796
        },
        "2007-11": {
            "month": "2007-11",
            "price": "4.45",
            "revenue": 337794
        },
        "2007-12": {
            "month": "2007-12",
            "price": "4.25",
            "revenue": 403223
        },
        "2008-01": {
            "month": "2008-01",
            "price": "4.09",
            "revenue": 264742
        },
        "2008-02": {
            "month": "2008-02",
            "price": "4.03",
            "revenue": 130508
        },
        "2008-03": {
            "month": "2008-03",
            "price": "4.92",
            "revenue": 314856
        },
        "2008-04": {
            "month": "2008-04",
            "price": "5.02",
            "revenue": 203354
        },
        "2008-05": {
            "month": "2008-05",
            "price": "4.96",
            "revenue": 275585
        },
        "2008-06": {
            "month": "2008-06",
            "price": "4.68",
            "revenue": 212449
        },
        "2008-07": {
            "month": "2008-07",
            "price": "4.04",
            "revenue": 239945
        },
        "2008-08": {
            "month": "2008-08",
            "price": "3.81",
            "revenue": 225436
        },
        "2008-09": {
            "month": "2008-09",
            "price": "2.87",
            "revenue": 225660
        },
        "2008-10": {
            "month": "2008-10",
            "price": "2.40",
            "revenue": 200545
        },
        "2008-11": {
            "month": "2008-11",
            "price": "1.88",
            "revenue": 256378
        },
        "2008-12": {
            "month": "2008-12",
            "price": "1.86",
            "revenue": 377481
        },
        "2009-01": {
            "month": "2009-01",
            "price": "1.86",
            "revenue": 109956
        },
        "2009-02": {
            "month": "2009-02",
            "price": "1.81",
            "revenue": 99080
        },
        "2009-03": {
            "month": "2009-03",
            "price": "2.72",
            "revenue": 179809
        },
        "2009-04": {
            "month": "2009-04",
            "price": "3.40",
            "revenue": 147230
        },
        "2009-05": {
            "month": "2009-05",
            "price": "3.32",
            "revenue": 182580
        },
        "2009-06": {
            "month": "2009-06",
            "price": "3.11",
            "revenue": 144678
        },
        "2009-07": {
            "month": "2009-07",
            "price": "3.12",
            "revenue": 120478
        },
        "2009-08": {
            "month": "2009-08",
            "price": "3.06",
            "revenue": 102830
        },
        "2009-09": {
            "month": "2009-09",
            "price": "4.45",
            "revenue": 118895
        },
        "2009-10": {
            "month": "2009-10",
            "price": "5.98",
            "revenue": 114184
        },
        "2009-11": {
            "month": "2009-11",
            "price": "5.46",
            "revenue": 203410
        },
        "2009-12": {
            "month": "2009-12",
            "price": "5.20",
            "revenue": 159974
        },
        "2010-01": {
            "month": "2010-01",
            "price": "5.34",
            "revenue": 113902
        },
        "2010-02": {
            "month": "2010-02",
            "price": "4.74",
            "revenue": 113283
        },
        "2010-03": {
            "month": "2010-03",
            "price": "5.06",
            "revenue": 172782
        },
        "2010-04": {
            "month": "2010-04",
            "price": "5.22",
            "revenue": 172187
        },
        "2010-05": {
            "month": "2010-05",
            "price": "5.17",
            "revenue": 175236
        },
        "2010-06": {
            "month": "2010-06",
            "price": "4.81",
            "revenue": 193373
        },
        "2010-07": {
            "month": "2010-07",
            "price": "4.68",
            "revenue": 136643
        },
        "2010-08": {
            "month": "2010-08",
            "price": "4.69",
            "revenue": 122591
        },
        "2010-09": {
            "month": "2010-09",
            "price": "4.73",
            "revenue": 155924
        },
        "2010-10": {
            "month": "2010-10",
            "price": "5.64",
            "revenue": 136516
        },
        "2010-11": {
            "month": "2010-11",
            "price": "6.00",
            "revenue": 139706
        },
        "2010-12": {
            "month": "2010-12",
            "price": "5.51",
            "revenue": 198788
        },
        "2011-01": {
            "month": "2011-01",
            "price": "5.13",
            "revenue": 136803
        },
        "2011-02": {
            "month": "2011-02",
            "price": "4.73",
            "revenue": 98829
        },
        "2011-03": {
            "month": "2011-03",
            "price": "4.40",
            "revenue": 250578
        },
        "2011-04": {
            "month": "2011-04",
            "price": "4.44",
            "revenue": 89945
        },
        "2011-05": {
            "month": "2011-05",
            "price": "4.62",
            "revenue": 140582
        },
        "2011-06": {
            "month": "2011-06",
            "price": "4.40",
            "revenue": 216697
        },
        "2011-07": {
            "month": "2011-07",
            "price": "4.04",
            "revenue": 148957
        },
        "2011-08": {
            "month": "2011-08",
            "price": "3.48",
            "revenue": 129107
        },
        "2011-09": {
            "month": "2011-09",
            "price": "3.33",
            "revenue": 186314
        },
        "2011-10": {
            "month": "2011-10",
            "price": "3.71",
            "revenue": 157642
        },
        "2011-11": {
            "month": "2011-11",
            "price": "3.86",
            "revenue": 161114
        },
        "2011-12": {
            "month": "2011-12",
            "price": "3.49",
            "revenue": 193338
        },
        "2012-01": {
            "month": "2012-01",
            "price": "3.42",
            "revenue": 98784
        },
        "2012-02": {
            "month": "2012-02",
            "price": "3.83",
            "revenue": 96342
        },
        "2012-03": {
            "month": "2012-03",
            "price": "3.63",
            "revenue": 152968
        },
        "2012-04": {
            "month": "2012-04",
            "price": "3.23",
            "revenue": 86053
        },
        "2012-05": {
            "month": "2012-05",
            "price": "2.94",
            "revenue": 96579
        },
        "2012-06": {
            "month": "2012-06",
            "price": "2.49",
            "revenue": 81312
        },
        "2012-07": {
            "month": "2012-07",
            "price": "2.21",
            "revenue": 124835
        },
        "2012-08": {
            "month": "2012-08",
            "price": "2.16",
            "revenue": 108472
        },
        "2012-09": {
            "month": "2012-09",
            "price": "2.40",
            "revenue": 78346
        },
        "2012-10": {
            "month": "2012-10",
            "price": "2.34",
            "revenue": 57666
        },
        "2012-11": {
            "month": "2012-11",
            "price": "2.65",
            "revenue": 68155
        },
        "2012-12": {
            "month": "2012-12",
            "price": "3.03",
            "revenue": 54636
        },
        "2013-01": {
            "month": "2013-01",
            "price": "3.18",
            "revenue": 57728
        },
        "2013-02": {
            "month": "2013-02",
            "price": "3.06",
            "revenue": 41215
        },
        "2013-03": {
            "month": "2013-03",
            "price": "3.06",
            "revenue": 70312
        },
        "2013-04": {
            "month": "2013-04",
            "price": "2.96",
            "revenue": 84815
        },
        "2013-05": {
            "month": "2013-05",
            "price": "3.25",
            "revenue": 75649
        },
        "2013-06": {
            "month": "2013-06",
            "price": "3.17",
            "revenue": 73568
        },
        "2013-07": {
            "month": "2013-07",
            "price": "3.07",
            "revenue": 118770
        },
        "2013-08": {
            "month": "2013-08",
            "price": "3.01",
            "revenue": 95689
        },
        "2013-09": {
            "month": "2013-09",
            "price": "3.06",
            "revenue": 66481
        },
        "2013-10": {
            "month": "2013-10",
            "price": "3.10",
            "revenue": 79481
        },
        "2013-11": {
            "month": "2013-11",
            "price": "3.00",
            "revenue": 83629
        },
        "2013-12": {
            "month": "2013-12",
            "price": "3.14",
            "revenue": 64606
        },
        "2014-01": {
            "month": "2014-01",
            "price": "4.38",
            "revenue": 60019
        },
        "2014-02": {
            "month": "2014-02",
            "price": "5.40",
            "revenue": 59063
        },
        "2014-03": {
            "month": "2014-03",
            "price": "6.44",
            "revenue": 68689
        },
        "2014-04": {
            "month": "2014-04",
            "price": "6.27",
            "revenue": 87151
        },
        "2014-05": {
            "month": "2014-05",
            "price": "5.17",
            "revenue": 80318
        },
        "2014-06": {
            "month": "2014-06",
            "price": "4.70",
            "revenue": 61872
        },
        "2014-07": {
            "month": "2014-07",
            "price": "4.21",
            "revenue": 66162
        },
        "2014-08": {
            "month": "2014-08",
            "price": "3.90",
            "revenue": 67557
        },
        "2014-09": {
            "month": "2014-09",
            "price": "4.24",
            "revenue": 77960
        },
        "2014-10": {
            "month": "2014-10",
            "price": "3.82",
            "revenue": 78294
        },
        "2014-11": {
            "month": "2014-11",
            "price": "4.06",
            "revenue": 58307
        },
        "2014-12": {
            "month": "2014-12",
            "price": "3.52",
            "revenue": 85660
        },
        "2015-01": {
            "month": "2015-01",
            "price": "3.40",
            "revenue": 55897
        },
        "2015-02": {
            "month": "2015-02",
            "price": "3.18",
            "revenue": 47315
        },
        "2015-03": {
            "month": "2015-03",
            "price": "3.31",
            "revenue": 64947
        },
        "2015-04": {
            "month": "2015-04",
            "price": "3.17",
            "revenue": 56045
        },
        "2015-05": {
            "month": "2015-05",
            "price": "2.92",
            "revenue": 58407
        },
        "2015-06": {
            "month": "2015-06",
            "price": "2.30",
            "revenue": 67695
        },
        "2015-07": {
            "month": "2015-07",
            "price": "2.20",
            "revenue": 61083
        },
        "2015-08": {
            "month": "2015-08",
            "price": "1.72",
            "revenue": 55653
        },
        "2015-09": {
            "month": "2015-09",
            "price": "1.74",
            "revenue": 64375
        },
        "2015-10": {
            "month": "2015-10",
            "price": "3.54",
            "revenue": 109411
        },
        "2015-11": {
            "month": "2015-11",
            "price": "3.42",
            "revenue": 98569
        },
        "2015-12": {
            "month": "2015-12",
            "price": "2.61",
            "revenue": 87365
        },
        "2016-01": {
            "month": "2016-01",
            "price": "1.90",
            "revenue": 99872
        },
        "2016-02": {
            "month": "2016-02",
            "price": "1.75",
            "revenue": 75067
        },
        "2016-03": {
            "month": "2016-03",
            "price": "1.82",
            "revenue": 96949
        },
        "2016-04": {
            "month": "2016-04",
            "price": "1.75",
            "revenue": 66498
        },
        "2016-05": {
            "month": "2016-05",
            "price": "1.57",
            "revenue": 69631
        },
        "2016-06": {
            "month": "2016-06",
            "price": "1.47",
            "revenue": 99931
        },
        "2016-07": {
            "month": "2016-07",
            "price": "1.68",
            "revenue": 50166
        },
        "2016-08": {
            "month": "2016-08",
            "price": "1.73",
            "revenue": 54751
        },
        "2016-09": {
            "month": "2016-09",
            "price": "1.61",
            "revenue": 59233
        },
        "2016-10": {
            "month": "2016-10",
            "price": "2.83",
            "revenue": 51509
        },
        "2016-11": {
            "month": "2016-11",
            "price": "2.82",
            "revenue": 55039
        },
        "2016-12": {
            "month": "2016-12",
            "price": "2.54",
            "revenue": 71467
        },
        "2017-01": {
            "month": "2017-01",
            "price": "2.50",
            "revenue": 64537
        },
        "2017-02": {
            "month": "2017-02",
            "price": "2.72",
            "revenue": 29862
        },
        "2017-03": {
            "month": "2017-03",
            "price": "2.69",
            "revenue": 45627
        },
        "2017-04": {
            "month": "2017-04",
            "price": "2.76",
            "revenue": 38063
        },
        "2017-05": {
            "month": "2017-05",
            "price": "2.58",
            "revenue": 42312
        },
        "2017-06": {
            "month": "2017-06",
            "price": "2.59",
            "revenue": 55640
        },
        "2017-07": {
            "month": "2017-07",
            "price": "2.51",
            "revenue": 60470
        },
        "2017-08": {
            "month": "2017-08",
            "price": "2.50",
            "revenue": 61781
        },
        "2017-09": {
            "month": "2017-09",
            "price": "2.53",
            "revenue": 51449
        },
        "2017-10": {
            "month": "2017-10",
            "price": "2.68",
            "revenue": 44790
        },
        "2017-11": {
            "month": "2017-11",
            "price": "2.56",
            "revenue": 52116
        },
        "2017-12": {
            "month": "2017-12",
            "price": "2.44",
            "revenue": 55528
        },
        "2018-01": {
            "month": "2018-01",
            "price": "2.40",
            "revenue": 95083
        },
        "2018-02": {
            "month": "2018-02",
            "price": "2.39",
            "revenue": 34173
        },
        "2018-03": {
            "month": "2018-03",
            "price": "2.65",
            "revenue": 106516
        },
        "2018-04": {
            "month": "2018-04",
            "price": "3.44",
            "revenue": 78813
        },
        "2018-05": {
            "month": "2018-05",
            "price": "4.00",
            "revenue": 64469
        },
        "2018-06": {
            "month": "2018-06",
            "price": "3.98",
            "revenue": 78634
        },
        "2018-07": {
            "month": "2018-07",
            "price": "3.48",
            "revenue": 54177
        },
        "2018-08": {
            "month": "2018-08",
            "price": "3.95",
            "revenue": 103307
        },
        "2018-09": {
            "month": "2018-09",
            "price": "3.63",
            "revenue": 83510
        },
        "2018-10": {
            "month": "2018-10",
            "price": "3.43",
            "revenue": 66635
        },
        "2018-11": {
            "month": "2018-11",
            "price": "3.33",
            "revenue": 82141
        },
        "2018-12": {
            "month": "2018-12",
            "price": "3.85",
            "revenue": 70341
        },
        "2019-01": {
            "month": "2019-01",
            "price": "4.47",
            "revenue": 54983
        },
        "2019-02": {
            "month": "2019-02",
            "price": "3.85",
            "revenue": 33993
        },
        "2019-03": {
            "month": "2019-03",
            "price": "3.65",
            "revenue": 97753
        },
        "2019-04": {
            "month": "2019-04",
            "price": "2.97",
            "revenue": 56631
        },
        "2019-05": {
            "month": "2019-05",
            "price": "2.86",
            "revenue": 53563
        },
        "2019-06": {
            "month": "2019-06",
            "price": "2.54",
            "revenue": 54485
        },
        "2019-07": {
            "month": "2019-07",
            "price": "2.34",
            "revenue": 88436
        },
        "2019-08": {
            "month": "2019-08",
            "price": "2.33",
            "revenue": 61305
        },
        "2019-09": {
            "month": "2019-09",
            "price": "2.97",
            "revenue": 67332
        },
        "2019-10": {
            "month": "2019-10",
            "price": "2.71",
            "revenue": 105382
        },
        "2019-11": {
            "month": "2019-11",
            "price": "2.54",
            "revenue": 73151
        },
        "2019-12": {
            "month": "2019-12",
            "price": "2.26",
            "revenue": 81760
        },
        "2020-01": {
            "month": "2020-01",
            "price": "2.16",
            "revenue": 54404
        },
        "2020-02": {
            "month": "2020-02",
            "price": "2.05",
            "revenue": 51594
        },
        "2020-03": {
            "month": "2020-03",
            "price": "1.78",
            "revenue": 68959
        },
        "2020-04": {
            "month": "2020-04",
            "price": "2.21",
            "revenue": 70925
        },
        "2020-05": {
            "month": "2020-05",
            "price": "2.11",
            "revenue": 54850
        },
        "2020-06": {
            "month": "2020-06",
            "price": "2.01",
            "revenue": 58077
        },
        "2020-07": {
            "month": "2020-07",
            "price": "2.07",
            "revenue": 66079
        },
        "2020-08": {
            "month": "2020-08",
            "price": "2.23",
            "revenue": 81808
        },
        "2020-09": {
            "month": "2020-09",
            "price": "3.75",
            "revenue": 98471
        },
        "2020-10": {
            "month": "2020-10",
            "price": "4.41",
            "revenue": 91224
        },
        "2020-11": {
            "month": "2020-11",
            "price": "3.76",
            "revenue": 81042
        },
        "2020-12": {
            "month": "2020-12",
            "price": "3.50",
            "revenue": 85973
        },
        "2021-01": {
            "month": "2021-01",
            "price": "3.17",
            "revenue": 60397
        },
        "2021-02": {
            "month": "2021-02",
            "price": "3.02",
            "revenue": 51816
        },
        "2021-03": {
            "month": "2021-03",
            "price": "3.34",
            "revenue": 73057
        },
        "2021-04": {
            "month": "2021-04",
            "price": "3.59",
            "revenue": 93000
        },
        "2021-05": {
            "month": "2021-05",
            "price": "3.37",
            "revenue": 83807
        },
        "2021-06": {
            "month": "2021-06",
            "price": "3.16",
            "revenue": 59214
        },
        "2021-07": {
            "month": "2021-07",
            "price": "3.30",
            "revenue": 74986
        },
        "2021-08": {
            "month": "2021-08",
            "price": "3.24",
            "revenue": 77875
        },
        "2021-09": {
            "month": "2021-09",
            "price": "3.18",
            "revenue": 90343
        },
        "2021-10": {
            "month": "2021-10",
            "price": "20.44",
            "revenue": 66833
        },
        "2021-11": {
            "month": "2021-11",
            "price": "20.26",
            "revenue": 53303
        },
        "2021-12": {
            "month": "2021-12",
            "price": "19.38",
            "revenue": 83360
        },
        "2022-01": {
            "month": "2022-01",
            "price": "18.10",
            "revenue": 56564
        },
        "2022-02": {
            "month": "2022-02",
            "price": "17.13",
            "revenue": 64733
        },
        "2022-03": {
            "month": "2022-03",
            "price": "20.96",
            "revenue": 75682
        },
        "2022-04": {
            "month": "2022-04",
            "price": "21.62",
            "revenue": 72949
        },
        "2022-05": {
            "month": "2022-05",
            "price": "22.80",
            "revenue": 72888
        },
        "2022-06": {
            "month": "2022-06",
            "price": "32.72",
            "revenue": 92088
        },
        "2022-07": {
            "month": "2022-07",
            "price": "49.40",
            "revenue": 77669
        },
        "2022-08": {
            "month": "2022-08",
            "price": "97.81",
            "revenue": 84145
        },
        "2022-09": {
            "month": "2022-09",
            "price": "92.20",
            "revenue": 65283
        },
        "2022-10": {
            "month": "2022-10",
            "price": "90.28",
            "revenue": 91525
        },
        "2022-11": {
            "month": "2022-11",
            "price": "117.39",
            "revenue": 98679
        },
        "2022-12": {
            "month": "2022-12",
            "price": "110.42",
            "revenue": 79867
        },
        "2023-01": {
            "month": "2023-01",
            "price": "94.95",
            "revenue": 70705
        },
        "2023-02": {
            "month": "2023-02",
            "price": "111.08",
            "revenue": 79588
        },
        "2023-03": {
            "month": "2023-03",
            "price": "103.95",
            "revenue": 107343
        },
        "2023-04": {
            "month": "2023-04",
            "price": "106.94",
            "revenue": 102139
        },
        "2023-05": {
            "month": "2023-05",
            "price": "105.39",
            "revenue": 88620
        },
        "2023-06": {
            "month": "2023-06",
            "price": "101.82",
            "revenue": 83324
        },
        "2023-07": {
            "month": "2023-07",
            "price": "93.61",
            "revenue": 82344
        },
        "2023-08": {
            "month": "2023-08",
            "price": "82.93",
            "revenue": 84462
        },
        "2023-09": {
            "month": "2023-09",
            "price": "110.32",
            "revenue": 88310
        },
        "2023-10": {
            "month": "2023-10",
            "price": "136.32",
            "revenue": 82574
        },
        "2023-11": {
            "month": "2023-11",
            "price": "126.61",
            "revenue": 137176
        },
        "2023-12": {
            "month": "2023-12",
            "price": "117.17",
            "revenue": 74769
        }
    }
}
