{
    "summary": {
        "stock_name": "昆盈",
        "stock_id": "2365",
        "category": "電腦及週邊設備",
        "main_business": "電腦週邊設備之製造及買賣",
        "website_url": "http://www.geniusnet.com.tw",
        "ceo": "李百祥",
        "pe_ratio": 67,
        "report_year_from": 2001,
        "report_year_to": 2023,
        "age": 23,
        "eps_negative_percentage": 4,
        "eps_growth_avg": {
            "last_all": -4.27,
            "last_2y": -4,
            "last_4y": 9.79,
            "last_8y": 3.15,
            "last_12y": -6.54,
            "last_16y": -8.71,
            "last_20y": -5.14,
            "at_2006_last_3y": 9.14,
            "at_2007_last_3y": 8.96,
            "at_2008_last_3y": 5.5,
            "at_2009_last_3y": -0.81,
            "at_2010_last_3y": -15.22,
            "at_2011_last_3y": -41.41,
            "at_2012_last_3y": -42.59,
            "at_2013_last_3y": -61.04,
            "at_2014_last_3y": -25.92,
            "at_2015_last_3y": -13.71,
            "at_2016_last_3y": -28.95,
            "at_2017_last_3y": -7.94,
            "at_2018_last_3y": -7.94,
            "at_2019_last_3y": 20.83,
            "at_2020_last_3y": 53.65,
            "at_2021_last_3y": 23.83,
            "at_2022_last_3y": 2.24,
            "at_2023_last_3y": -3.38,
            "at_2024_last_3y": -3.38,
            "at_2006_last_all": 9.93,
            "at_2007_last_all": 13.63,
            "at_2008_last_all": 6.77,
            "at_2009_last_all": 3.66,
            "at_2010_last_all": -1.25,
            "at_2011_last_all": -8.39,
            "at_2012_last_all": -11.18,
            "at_2013_last_all": -17.91,
            "at_2014_last_all": -8.84,
            "at_2015_last_all": -9.91,
            "at_2016_last_all": -15.92,
            "at_2017_last_all": -15.92,
            "at_2018_last_all": -8.67,
            "at_2019_last_all": -4.48,
            "at_2020_last_all": -4.32,
            "at_2021_last_all": -7.55,
            "at_2022_last_all": -6.49,
            "at_2023_last_all": -4.27,
            "at_2024_last_all": -4.27
        },
        "latest_eps": 0.31,
        "latest_price": 20.75,
        "latest_roe": 2.24,
        "latest_gross_margin": 41.42,
        "latest_equity": 3039289,
        "latest_revenue": 222622,
        "latest_gross_profit": 92204,
        "latest_net_income": 30978,
        "latest_debt_ratio": 15.71,
        "latest_current_ratio": 614.26,
        "latest_account_receivable_turnover_ratio": 3.47,
        "latest_inventory_turnover_ratio": 0.72,
        "latest_reinvestment_rate": 18.61,
        "latest_research_to_sale_ratio": 0.81
    },
    "eps_dividends": {
        "1996": {
            "cash": 0,
            "stock": 1.2,
            "eps": 0
        },
        "1997": {
            "cash": 0,
            "stock": 3,
            "eps": 0
        },
        "1998": {
            "cash": 0,
            "stock": 3.5,
            "eps": 0
        },
        "1999": {
            "cash": 0,
            "stock": 1,
            "eps": 0
        },
        "2001": {
            "cash": 0,
            "stock": 2.03,
            "eps": 2.37
        },
        "2002": {
            "cash": 1,
            "stock": 1.2,
            "eps": 2.68
        },
        "2003": {
            "cash": 1.92,
            "stock": 0.2,
            "eps": 3.56
        },
        "2004": {
            "cash": 2.46,
            "stock": 0.82,
            "eps": 2.83
        },
        "2005": {
            "cash": 1.52,
            "stock": 0.35,
            "eps": 3.03
        },
        "2006": {
            "cash": 2.09,
            "stock": 0.42,
            "eps": 3.55
        },
        "2007": {
            "cash": 2.49,
            "stock": 1.18,
            "eps": 4.69
        },
        "2008": {
            "cash": 3.51,
            "stock": 1.4,
            "eps": 3.08
        },
        "2009": {
            "cash": 1.32,
            "stock": 0.99,
            "eps": 2.52
        },
        "2010": {
            "cash": 2.85,
            "stock": 0,
            "eps": 1.5
        },
        "2011": {
            "cash": 0.24,
            "stock": 0,
            "eps": 0.41
        },
        "2012": {
            "cash": 0,
            "stock": 0,
            "eps": 0.25
        },
        "2013": {
            "cash": 0.2,
            "stock": 0,
            "eps": 0.02
        },
        "2014": {
            "cash": 0.2,
            "stock": 0.43,
            "eps": 0.42
        },
        "2015": {
            "cash": 0.37,
            "stock": 0.4,
            "eps": 0.32
        },
        "2016": {
            "cash": 0.16,
            "stock": 0,
            "eps": -1.14
        },
        "2017": {
            "cash": 0,
            "stock": 0,
            "eps": 0.2
        },
        "2018": {
            "cash": 0.3,
            "stock": 0,
            "eps": 0.4
        },
        "2019": {
            "cash": 0.2,
            "stock": 0,
            "eps": 0.65
        },
        "2020": {
            "cash": 0.4,
            "stock": 0,
            "eps": 0.64
        },
        "2021": {
            "cash": 0.3,
            "stock": 0,
            "eps": 0.22
        },
        "2022": {
            "cash": 0.2,
            "stock": 0,
            "eps": 0.25
        },
        "2023": {
            "cash": 0.2,
            "stock": 0,
            "eps": 0.35
        }
    },
    "dividends": {
        "1996-06-01": {
            "cash": 0,
            "stock": 1.2
        },
        "1997-06-07": {
            "cash": 0,
            "stock": 3
        },
        "1998-05-07": {
            "cash": 0,
            "stock": 3.5
        },
        "1999-06-07": {
            "cash": 0,
            "stock": 1
        },
        "2001-05-31": {
            "cash": 0,
            "stock": 2.03
        },
        "2002-06-04": {
            "cash": 1,
            "stock": 1.2
        },
        "2003-03-27": {
            "cash": 1.92,
            "stock": 0.2
        },
        "2004-03-22": {
            "cash": 2.46,
            "stock": 0.82
        },
        "2005-04-22": {
            "cash": 1.52,
            "stock": 0.35
        },
        "2006-04-25": {
            "cash": 2.09,
            "stock": 0.42
        },
        "2007-04-24": {
            "cash": 2.49,
            "stock": 1.18
        },
        "2008-04-28": {
            "cash": 3.51,
            "stock": 1.4
        },
        "2009-04-23": {
            "cash": 1.32,
            "stock": 0.99
        },
        "2010-04-27": {
            "cash": 2.85,
            "stock": 0
        },
        "2011-06-24": {
            "cash": 0.24,
            "stock": 0
        },
        "2013-03-25": {
            "cash": 0.2,
            "stock": 0
        },
        "2014-08-22": {
            "cash": 0.2,
            "stock": 0.43
        },
        "2015-11-27": {
            "cash": 0.37,
            "stock": 0.4
        },
        "2016-08-10": {
            "cash": 0.16,
            "stock": 0
        },
        "2018-10-19": {
            "cash": 0.3,
            "stock": 0
        },
        "2019-09-27": {
            "cash": 0.2,
            "stock": 0
        },
        "2020-08-18": {
            "cash": 0.4,
            "stock": 0
        },
        "2021-08-20": {
            "cash": 0.3,
            "stock": 0
        },
        "2022-08-30": {
            "cash": 0.2,
            "stock": 0
        },
        "2023-08-15": {
            "cash": 0.2,
            "stock": 0
        }
    },
    "prices": {
        "200101": "31.01",
        "200102": "34.56",
        "200103": "34.51",
        "200104": "35.98",
        "200105": "30.64",
        "200106": "30.04",
        "200107": "22.20",
        "200108": "20.52",
        "200109": "16.78",
        "200110": "15.90",
        "200111": "18.63",
        "200112": "28.34",
        "200201": "37.05",
        "200202": "46.28",
        "200203": "51.34",
        "200204": "48.41",
        "200205": "39.74",
        "200206": "40.47",
        "200207": "35.88",
        "200208": "41.05",
        "200209": "41.40",
        "200210": "36.56",
        "200211": "37.17",
        "200212": "34.10",
        "200301": "31.84",
        "200302": "29.65",
        "200303": "27.77",
        "200304": "29.09",
        "200305": "31.88",
        "200306": "35.65",
        "200307": "38.00",
        "200308": "38.04",
        "200309": "37.90",
        "200310": "37.70",
        "200311": "36.14",
        "200312": "34.98",
        "200401": "37.17",
        "200402": "38.50",
        "200403": "37.30",
        "200404": "37.22",
        "200405": "33.65",
        "200406": "33.62",
        "200407": "32.48",
        "200408": "26.30",
        "200409": "24.00",
        "200410": "23.22",
        "200411": "22.02",
        "200412": "21.32",
        "200501": "22.86",
        "200502": "24.85",
        "200503": "25.19",
        "200504": "22.94",
        "200505": "20.85",
        "200506": "23.63",
        "200507": "25.74",
        "200508": "24.20",
        "200509": "23.16",
        "200510": "23.38",
        "200511": "24.25",
        "200512": "26.98",
        "200601": "26.64",
        "200602": "26.44",
        "200603": "27.31",
        "200604": "29.62",
        "200605": "29.88",
        "200606": "27.95",
        "200607": "28.38",
        "200608": "26.71",
        "200609": "25.78",
        "200610": "29.60",
        "200611": "33.25",
        "200612": "34.98",
        "200701": "35.38",
        "200702": "37.16",
        "200703": "39.34",
        "200704": "43.10",
        "200705": "46.68",
        "200706": "49.74",
        "200707": "60.33",
        "200708": "59.89",
        "200709": "60.72",
        "200710": "64.90",
        "200711": "58.81",
        "200712": "51.72",
        "200801": "40.83",
        "200802": "40.14",
        "200803": "39.31",
        "200804": "42.10",
        "200805": "45.63",
        "200806": "42.37",
        "200807": "36.03",
        "200808": "32.20",
        "200809": "28.47",
        "200810": "22.84",
        "200811": "19.55",
        "200812": "16.31",
        "200901": "15.75",
        "200902": "16.83",
        "200903": "19.80",
        "200904": "23.73",
        "200905": "26.66",
        "200906": "26.11",
        "200907": "29.81",
        "200908": "31.54",
        "200909": "33.12",
        "200910": "33.74",
        "200911": "31.06",
        "200912": "31.24",
        "201001": "31.46",
        "201002": "28.49",
        "201003": "29.90",
        "201004": "32.87",
        "201005": "31.92",
        "201006": "31.72",
        "201007": "31.75",
        "201008": "28.22",
        "201009": "28.27",
        "201010": "26.75",
        "201011": "24.45",
        "201012": "25.39",
        "201101": "24.34",
        "201102": "22.45",
        "201103": "21.76",
        "201104": "23.73",
        "201105": "20.86",
        "201106": "18.15",
        "201107": "15.97",
        "201108": "13.49",
        "201109": "12.48",
        "201110": "12.59",
        "201111": "12.77",
        "201112": "10.83",
        "201201": "10.94",
        "201202": "12.66",
        "201203": "12.93",
        "201204": "11.18",
        "201205": "10.54",
        "201206": "10.12",
        "201207": "10.19",
        "201208": "10.20",
        "201209": "10.82",
        "201210": "9.71",
        "201211": "8.54",
        "201212": "9.29",
        "201301": "9.28",
        "201302": "8.97",
        "201303": "9.05",
        "201304": "9.11",
        "201305": "10.14",
        "201306": "11.20",
        "201307": "10.96",
        "201308": "10.25",
        "201309": "11.68",
        "201310": "12.68",
        "201311": "11.61",
        "201312": "11.80",
        "201401": "12.41",
        "201402": "14.04",
        "201403": "14.82",
        "201404": "14.17",
        "201405": "13.21",
        "201406": "14.41",
        "201407": "13.84",
        "201408": "12.44",
        "201409": "12.01",
        "201410": "10.69",
        "201411": "10.62",
        "201412": "11.54",
        "201501": "11.81",
        "201502": "11.52",
        "201503": "11.38",
        "201504": "11.36",
        "201505": "10.86",
        "201506": "10.23",
        "201507": "10.38",
        "201508": "9.48",
        "201509": "9.36",
        "201510": "9.71",
        "201511": "9.34",
        "201512": "9.04",
        "201601": "9.01",
        "201602": "9.15",
        "201603": "9.80",
        "201604": "9.80",
        "201605": "8.72",
        "201606": "9.35",
        "201607": "9.14",
        "201608": "9.35",
        "201609": "9.21",
        "201610": "9.09",
        "201611": "8.71",
        "201612": "8.93",
        "201701": "8.94",
        "201702": "9.00",
        "201703": "9.06",
        "201704": "9.09",
        "201705": "9.02",
        "201706": "8.99",
        "201707": "8.91",
        "201708": "9.03",
        "201709": "10.06",
        "201710": "10.16",
        "201711": "10.28",
        "201712": "10.20",
        "201801": "10.59",
        "201802": "10.01",
        "201803": "10.46",
        "201804": "10.26",
        "201805": "11.57",
        "201806": "12.11",
        "201807": "10.92",
        "201808": "10.96",
        "201809": "10.49",
        "201810": "9.01",
        "201811": "8.57",
        "201812": "8.95",
        "201901": "9.05",
        "201902": "9.28",
        "201903": "9.12",
        "201904": "9.11",
        "201905": "8.61",
        "201906": "8.29",
        "201907": "8.25",
        "201908": "8.01",
        "201909": "8.06",
        "201910": "8.11",
        "201911": "8.01",
        "201912": "8.12",
        "202001": "8.18",
        "202002": "7.73",
        "202003": "6.71",
        "202004": "7.76",
        "202005": "8.14",
        "202006": "8.80",
        "202007": "8.94",
        "202008": "9.04",
        "202009": "10.21",
        "202010": "10.70",
        "202011": "11.23",
        "202012": "11.73",
        "202101": "11.08",
        "202102": "10.82",
        "202103": "11.54",
        "202104": "14.40",
        "202105": "12.56",
        "202106": "12.19",
        "202107": "11.83",
        "202108": "10.63",
        "202109": "10.03",
        "202110": "9.92",
        "202111": "10.70",
        "202112": "11.50",
        "202201": "11.90",
        "202202": "11.93",
        "202203": "11.17",
        "202204": "10.73",
        "202205": "10.21",
        "202206": "10.42",
        "202207": "9.64",
        "202208": "10.81",
        "202209": "10.75",
        "202210": "9.89",
        "202211": "9.92",
        "202212": "10.09",
        "202301": "10.17",
        "202302": "10.30",
        "202303": "10.48",
        "202304": "10.62",
        "202305": "10.71",
        "202306": "11.68",
        "202307": "11.80",
        "202308": "11.16",
        "202309": "11.12",
        "202310": "11.88",
        "202311": "11.81",
        "202312": "13.72"
    },
    "quarters": {
        "20011": {
            "year_quarter": 20011,
            "year": 2001,
            "quarter": 1,
            "eps": 0.89,
            "eps_growth_year": -9.18,
            "eps_4q": 2.35,
            "eps_4q_growth_year": null,
            "roe": 4.23,
            "roe_4q": 4.23,
            "gross_profit": 268511,
            "gross_margin": 22.54,
            "gross_margin_4q_avg": 22.54,
            "net_income": 127422,
            "net_income_4q": null,
            "revenue": 1191374,
            "revenue_4q": null,
            "common_shares": 1479012,
            "book_valuer_per_share": 21.66,
            "book_valuer_per_share_4q_avg": 21.66,
            "equity": 3202921,
            "current_ratio": 174.33,
            "debt_ratio": 29.65,
            "inventory_turnover_ratio": 2.13,
            "account_receivable_turnover_ratio": null,
            "reinvestment_rate": null,
            "research_to_sale_ratio": null,
            "price_fair": 0,
            "eps_avg_yearly": 0,
            "eps_latest_yearly": 0,
            "eps_growth_yearly": 0
        },
        "20012": {
            "year_quarter": 20012,
            "year": 2001,
            "quarter": 2,
            "eps": 0.28,
            "eps_growth_year": -73.08,
            "eps_4q": 1.54,
            "eps_4q_growth_year": -26.32,
            "roe": 1.25,
            "roe_4q": 5.48,
            "gross_profit": 254434,
            "gross_margin": 20.64,
            "gross_margin_4q_avg": 21.59,
            "net_income": 40646,
            "net_income_4q": null,
            "revenue": 1232616,
            "revenue_4q": null,
            "common_shares": 1479012,
            "book_valuer_per_share": 22.14,
            "book_valuer_per_share_4q_avg": 21.9,
            "equity": 3275207,
            "current_ratio": 182.49,
            "debt_ratio": 29.11,
            "inventory_turnover_ratio": 29.19,
            "account_receivable_turnover_ratio": null,
            "reinvestment_rate": null,
            "research_to_sale_ratio": null,
            "price_fair": 0,
            "eps_avg_yearly": 0,
            "eps_latest_yearly": 0,
            "eps_growth_yearly": 0
        },
        "20013": {
            "year_quarter": 20013,
            "year": 2001,
            "quarter": 3,
            "eps": 0.34,
            "eps_growth_year": -51.43,
            "eps_4q": 1.04,
            "eps_4q_growth_year": -63.04,
            "roe": 1.78,
            "roe_4q": 7.260000000000001,
            "gross_profit": 286293,
            "gross_margin": 21.65,
            "gross_margin_4q_avg": 21.61,
            "net_income": 58871,
            "net_income_4q": null,
            "revenue": 1322416,
            "revenue_4q": null,
            "common_shares": 1787024,
            "book_valuer_per_share": 18.71,
            "book_valuer_per_share_4q_avg": 20.84,
            "equity": 3342764,
            "current_ratio": 189.08,
            "debt_ratio": 28.67,
            "inventory_turnover_ratio": 28.87,
            "account_receivable_turnover_ratio": null,
            "reinvestment_rate": null,
            "research_to_sale_ratio": null,
            "price_fair": 0,
            "eps_avg_yearly": 0,
            "eps_latest_yearly": 0,
            "eps_growth_yearly": 0
        },
        "20014": {
            "year_quarter": 20014,
            "year": 2001,
            "quarter": 4,
            "eps": 0.86,
            "eps_growth_year": null,
            "eps_4q": 2.16,
            "eps_4q_growth_year": -9.71,
            "roe": 4.38,
            "roe_4q": 11.64,
            "gross_profit": 325094,
            "gross_margin": 21.08,
            "gross_margin_4q_avg": 21.48,
            "net_income": 149712,
            "net_income_4q": null,
            "revenue": 1542516,
            "revenue_4q": null,
            "common_shares": 1787024,
            "book_valuer_per_share": 19.55,
            "book_valuer_per_share_4q_avg": 20.52,
            "equity": 3494010,
            "current_ratio": 238.89,
            "debt_ratio": 29.44,
            "inventory_turnover_ratio": 3.3,
            "account_receivable_turnover_ratio": null,
            "reinvestment_rate": null,
            "research_to_sale_ratio": null,
            "price_fair": 0,
            "eps_avg_yearly": 0,
            "eps_latest_yearly": 0,
            "eps_growth_yearly": 0
        },
        "20021": {
            "year_quarter": 20021,
            "year": 2002,
            "quarter": 1,
            "eps": 0.91,
            "eps_growth_year": 2.25,
            "eps_4q": 2.34,
            "eps_4q_growth_year": -0.69,
            "roe": 4.44,
            "roe_4q": 11.85,
            "gross_profit": 323180,
            "gross_margin": 18.99,
            "gross_margin_4q_avg": 20.59,
            "net_income": 159012,
            "net_income_4q": null,
            "revenue": 1701678,
            "revenue_4q": null,
            "common_shares": 1787024,
            "book_valuer_per_share": 20.51,
            "book_valuer_per_share_4q_avg": 20.23,
            "equity": 3665509,
            "current_ratio": 194.28,
            "debt_ratio": 32.05,
            "inventory_turnover_ratio": 3.68,
            "account_receivable_turnover_ratio": null,
            "reinvestment_rate": null,
            "research_to_sale_ratio": null,
            "price_fair": 121.05,
            "eps_avg_yearly": 3.64,
            "eps_latest_yearly": 3.64,
            "eps_growth_yearly": 23.26
        },
        "20022": {
            "year_quarter": 20022,
            "year": 2002,
            "quarter": 2,
            "eps": 0.5,
            "eps_growth_year": 78.57,
            "eps_4q": 2.59,
            "eps_4q_growth_year": 67.65,
            "roe": 2.43,
            "roe_4q": 13.03,
            "gross_profit": 247626,
            "gross_margin": 17.95,
            "gross_margin_4q_avg": 19.92,
            "net_income": 88142,
            "net_income_4q": null,
            "revenue": 1379662,
            "revenue_4q": null,
            "common_shares": 1787024,
            "book_valuer_per_share": 20.07,
            "book_valuer_per_share_4q_avg": 19.71,
            "equity": 3585894,
            "current_ratio": 195.1,
            "debt_ratio": 30.87,
            "inventory_turnover_ratio": 25.03,
            "account_receivable_turnover_ratio": null,
            "reinvestment_rate": null,
            "research_to_sale_ratio": null,
            "price_fair": 8.46,
            "eps_avg_yearly": 2.82,
            "eps_latest_yearly": 2,
            "eps_growth_yearly": -78.48
        },
        "20023": {
            "year_quarter": 20023,
            "year": 2002,
            "quarter": 3,
            "eps": 0.68,
            "eps_growth_year": 100,
            "eps_4q": 2.67,
            "eps_4q_growth_year": 156.86,
            "roe": 3.7,
            "roe_4q": 14.95,
            "gross_profit": 305632,
            "gross_margin": 15.73,
            "gross_margin_4q_avg": 18.44,
            "net_income": 135700,
            "net_income_4q": null,
            "revenue": 1943021,
            "revenue_4q": null,
            "common_shares": 2029193,
            "book_valuer_per_share": 18.5,
            "book_valuer_per_share_4q_avg": 19.66,
            "equity": 3754481,
            "current_ratio": 189.33,
            "debt_ratio": 31.22,
            "inventory_turnover_ratio": 22.91,
            "account_receivable_turnover_ratio": null,
            "reinvestment_rate": null,
            "research_to_sale_ratio": null,
            "price_fair": 8.36,
            "eps_avg_yearly": 2.79,
            "eps_latest_yearly": 2.72,
            "eps_growth_yearly": -4.32
        },
        "20024": {
            "year_quarter": 20024,
            "year": 2002,
            "quarter": 4,
            "eps": 0.59,
            "eps_growth_year": -31.4,
            "eps_4q": 2.49,
            "eps_4q_growth_year": 14.99,
            "roe": 3.11,
            "roe_4q": 13.68,
            "gross_profit": 396340,
            "gross_margin": 16.65,
            "gross_margin_4q_avg": 17.33,
            "net_income": 119012,
            "net_income_4q": null,
            "revenue": 2380049,
            "revenue_4q": null,
            "common_shares": 2029193,
            "book_valuer_per_share": 19.26,
            "book_valuer_per_share_4q_avg": 19.59,
            "equity": 3910478,
            "current_ratio": 224.43,
            "debt_ratio": 31.14,
            "inventory_turnover_ratio": 4.35,
            "account_receivable_turnover_ratio": null,
            "reinvestment_rate": -11.1,
            "research_to_sale_ratio": null,
            "price_fair": 8.04,
            "eps_avg_yearly": 2.68,
            "eps_latest_yearly": 2.36,
            "eps_growth_yearly": -16.48
        },
        "20031": {
            "year_quarter": 20031,
            "year": 2003,
            "quarter": 1,
            "eps": 0.68,
            "eps_growth_year": -25.27,
            "eps_4q": 2.38,
            "eps_4q_growth_year": 1.72,
            "roe": 3.47,
            "roe_4q": 12.71,
            "gross_profit": 337547,
            "gross_margin": 17.16,
            "gross_margin_4q_avg": 16.87,
            "net_income": 137421,
            "net_income_4q": null,
            "revenue": 1966585,
            "revenue_4q": null,
            "common_shares": 2029193,
            "book_valuer_per_share": 19.76,
            "book_valuer_per_share_4q_avg": 19.4,
            "equity": 4008863,
            "current_ratio": 203.53,
            "debt_ratio": 29.71,
            "inventory_turnover_ratio": 3.6,
            "account_receivable_turnover_ratio": null,
            "reinvestment_rate": -6.08,
            "research_to_sale_ratio": null,
            "price_fair": 8.06,
            "eps_avg_yearly": 2.69,
            "eps_latest_yearly": 2.72,
            "eps_growth_yearly": -0.98
        },
        "20032": {
            "year_quarter": 20032,
            "year": 2003,
            "quarter": 2,
            "eps": 0.8,
            "eps_growth_year": 60,
            "eps_4q": 2.75,
            "eps_4q_growth_year": 6.34,
            "roe": 4.21,
            "roe_4q": 14.489999999999998,
            "gross_profit": 342570,
            "gross_margin": 17.81,
            "gross_margin_4q_avg": 16.84,
            "net_income": 160940,
            "net_income_4q": null,
            "revenue": 1923588,
            "revenue_4q": null,
            "common_shares": 2029193,
            "book_valuer_per_share": 17.92,
            "book_valuer_per_share_4q_avg": 18.86,
            "equity": 3636865,
            "current_ratio": 158.26,
            "debt_ratio": 37.62,
            "inventory_turnover_ratio": 14.41,
            "account_receivable_turnover_ratio": null,
            "reinvestment_rate": -2.68,
            "research_to_sale_ratio": null,
            "price_fair": 58.1,
            "eps_avg_yearly": 2.77,
            "eps_latest_yearly": 3.2,
            "eps_growth_yearly": 10.95
        },
        "20033": {
            "year_quarter": 20033,
            "year": 2003,
            "quarter": 3,
            "eps": 1.05,
            "eps_growth_year": 54.41,
            "eps_4q": 3.09,
            "eps_4q_growth_year": 15.97,
            "roe": 5.68,
            "roe_4q": 16.470000000000002,
            "gross_profit": 436481,
            "gross_margin": 15.01,
            "gross_margin_4q_avg": 16.66,
            "net_income": 214319,
            "net_income_4q": null,
            "revenue": 2908731,
            "revenue_4q": null,
            "common_shares": 2069753,
            "book_valuer_per_share": 18.92,
            "book_valuer_per_share_4q_avg": 18.97,
            "equity": 3915303,
            "current_ratio": 167.84,
            "debt_ratio": 36.11,
            "inventory_turnover_ratio": 20.6,
            "account_receivable_turnover_ratio": null,
            "reinvestment_rate": -1.5,
            "research_to_sale_ratio": null,
            "price_fair": 104.2,
            "eps_avg_yearly": 2.98,
            "eps_latest_yearly": 4.2,
            "eps_growth_yearly": 27.24
        },
        "20034": {
            "year_quarter": 20034,
            "year": 2003,
            "quarter": 4,
            "eps": 1.03,
            "eps_growth_year": 74.58,
            "eps_4q": 3.53,
            "eps_4q_growth_year": 41.91,
            "roe": 5.24,
            "roe_4q": 18.599999999999998,
            "gross_profit": 511723,
            "gross_margin": 17.38,
            "gross_margin_4q_avg": 16.84,
            "net_income": 211169,
            "net_income_4q": null,
            "revenue": 2944811,
            "revenue_4q": null,
            "common_shares": 2069753,
            "book_valuer_per_share": 20.02,
            "book_valuer_per_share_4q_avg": 19.16,
            "equity": 4150409,
            "current_ratio": 222.35,
            "debt_ratio": 32.68,
            "inventory_turnover_ratio": 3.47,
            "account_receivable_turnover_ratio": null,
            "reinvestment_rate": -4.53,
            "research_to_sale_ratio": null,
            "price_fair": 102.6,
            "eps_avg_yearly": 3.12,
            "eps_latest_yearly": 4.12,
            "eps_growth_yearly": 22.89
        },
        "20041": {
            "year_quarter": 20041,
            "year": 2004,
            "quarter": 1,
            "eps": 0.84,
            "eps_growth_year": 23.53,
            "eps_4q": 3.69,
            "eps_4q_growth_year": 55.23,
            "roe": 4.09,
            "roe_4q": 19.22,
            "gross_profit": 383377,
            "gross_margin": 17.25,
            "gross_margin_4q_avg": 16.86,
            "net_income": 172898,
            "net_income_4q": null,
            "revenue": 2221985,
            "revenue_4q": null,
            "common_shares": 2069753,
            "book_valuer_per_share": 20.75,
            "book_valuer_per_share_4q_avg": 19.4,
            "equity": 4295574,
            "current_ratio": 223.97,
            "debt_ratio": 27.32,
            "inventory_turnover_ratio": 2.51,
            "account_receivable_turnover_ratio": null,
            "reinvestment_rate": -2.9,
            "research_to_sale_ratio": null,
            "price_fair": 69.68,
            "eps_avg_yearly": 3.15,
            "eps_latest_yearly": 3.36,
            "eps_growth_yearly": 12.14
        },
        "20042": {
            "year_quarter": 20042,
            "year": 2004,
            "quarter": 2,
            "eps": 0.29,
            "eps_growth_year": -63.75,
            "eps_4q": 3.24,
            "eps_4q_growth_year": 17.77,
            "roe": 1.47,
            "roe_4q": 16.48,
            "gross_profit": 374900,
            "gross_margin": 16.45,
            "gross_margin_4q_avg": 16.52,
            "net_income": 58870,
            "net_income_4q": null,
            "revenue": 2278354,
            "revenue_4q": null,
            "common_shares": 2019753,
            "book_valuer_per_share": 18.35,
            "book_valuer_per_share_4q_avg": 19.51,
            "equity": 3706832,
            "current_ratio": 152.87,
            "debt_ratio": 40.8,
            "inventory_turnover_ratio": 9.16,
            "account_receivable_turnover_ratio": null,
            "reinvestment_rate": -3.46,
            "research_to_sale_ratio": null,
            "price_fair": 8.84,
            "eps_avg_yearly": 2.95,
            "eps_latest_yearly": 1.16,
            "eps_growth_yearly": -15.26
        },
        "20043": {
            "year_quarter": 20043,
            "year": 2004,
            "quarter": 3,
            "eps": 0.96,
            "eps_growth_year": -8.57,
            "eps_4q": 2.94,
            "eps_4q_growth_year": -4.93,
            "roe": 5.62,
            "roe_4q": 16.42,
            "gross_profit": 389014,
            "gross_margin": 14.14,
            "gross_margin_4q_avg": 16.31,
            "net_income": 214502,
            "net_income_4q": null,
            "revenue": 2750389,
            "revenue_4q": null,
            "common_shares": 2220334,
            "book_valuer_per_share": 17.65,
            "book_valuer_per_share_4q_avg": 19.19,
            "equity": 3919915,
            "current_ratio": 215.44,
            "debt_ratio": 37.53,
            "inventory_turnover_ratio": 10.08,
            "account_receivable_turnover_ratio": null,
            "reinvestment_rate": -3.99,
            "research_to_sale_ratio": null,
            "price_fair": 106.02,
            "eps_avg_yearly": 3.03,
            "eps_latest_yearly": 3.84,
            "eps_growth_yearly": 70.14
        },
        "20044": {
            "year_quarter": 20044,
            "year": 2004,
            "quarter": 4,
            "eps": 0.74,
            "eps_growth_year": -28.16,
            "eps_4q": 2.73,
            "eps_4q_growth_year": -22.65,
            "roe": 4.16,
            "roe_4q": 15.340000000000002,
            "gross_profit": 339128,
            "gross_margin": 13.03,
            "gross_margin_4q_avg": 15.22,
            "net_income": 165870,
            "net_income_4q": null,
            "revenue": 2603652,
            "revenue_4q": null,
            "common_shares": 2220334,
            "book_valuer_per_share": 18.2,
            "book_valuer_per_share_4q_avg": 18.74,
            "equity": 4047650,
            "current_ratio": 239.4,
            "debt_ratio": 37.62,
            "inventory_turnover_ratio": 3.37,
            "account_receivable_turnover_ratio": null,
            "reinvestment_rate": 3.1,
            "research_to_sale_ratio": null,
            "price_fair": 105.82,
            "eps_avg_yearly": 3.02,
            "eps_latest_yearly": 2.96,
            "eps_growth_yearly": 56.66
        },
        "20051": {
            "year_quarter": 20051,
            "year": 2005,
            "quarter": 1,
            "eps": 0.21,
            "eps_growth_year": -75,
            "eps_4q": 2.2,
            "eps_4q_growth_year": -40.4,
            "roe": 1.14,
            "roe_4q": 12.39,
            "gross_profit": 278055,
            "gross_margin": 14.05,
            "gross_margin_4q_avg": 14.42,
            "net_income": 46387,
            "net_income_4q": null,
            "revenue": 1978597,
            "revenue_4q": null,
            "common_shares": 2220334,
            "book_valuer_per_share": 18.37,
            "book_valuer_per_share_4q_avg": 18.14,
            "equity": 4077956,
            "current_ratio": 257.08,
            "debt_ratio": 33.56,
            "inventory_turnover_ratio": 2.8,
            "account_receivable_turnover_ratio": null,
            "reinvestment_rate": -3.06,
            "research_to_sale_ratio": null,
            "price_fair": 99.94,
            "eps_avg_yearly": 2.86,
            "eps_latest_yearly": 0.84,
            "eps_growth_yearly": 30.26
        },
        "20052": {
            "year_quarter": 20052,
            "year": 2005,
            "quarter": 2,
            "eps": 0.71,
            "eps_growth_year": 144.83,
            "eps_4q": 2.56,
            "eps_4q_growth_year": -21,
            "roe": 4.13,
            "roe_4q": 15.05,
            "gross_profit": 330975,
            "gross_margin": 14.95,
            "gross_margin_4q_avg": 14.04,
            "net_income": 163971,
            "net_income_4q": null,
            "revenue": 2213435,
            "revenue_4q": null,
            "common_shares": 2220334,
            "book_valuer_per_share": 17.41,
            "book_valuer_per_share_4q_avg": 17.91,
            "equity": 3865447,
            "current_ratio": 201.91,
            "debt_ratio": 39.91,
            "inventory_turnover_ratio": 15.3,
            "account_receivable_turnover_ratio": null,
            "reinvestment_rate": -2.72,
            "research_to_sale_ratio": null,
            "price_fair": 99.9,
            "eps_avg_yearly": 2.85,
            "eps_latest_yearly": 2.84,
            "eps_growth_yearly": 96.13
        },
        "20053": {
            "year_quarter": 20053,
            "year": 2005,
            "quarter": 3,
            "eps": 0.78,
            "eps_growth_year": -18.75,
            "eps_4q": 2.41,
            "eps_4q_growth_year": -18.05,
            "roe": 4.52,
            "roe_4q": 13.95,
            "gross_profit": 394590,
            "gross_margin": 16.83,
            "gross_margin_4q_avg": 14.72,
            "net_income": 179882,
            "net_income_4q": null,
            "revenue": 2344474,
            "revenue_4q": null,
            "common_shares": 2314045,
            "book_valuer_per_share": 17.7,
            "book_valuer_per_share_4q_avg": 17.92,
            "equity": 4096011,
            "current_ratio": 201.57,
            "debt_ratio": 39.7,
            "inventory_turnover_ratio": 10.6,
            "account_receivable_turnover_ratio": null,
            "reinvestment_rate": -2.74,
            "research_to_sale_ratio": null,
            "price_fair": 100.52,
            "eps_avg_yearly": 2.87,
            "eps_latest_yearly": 3.12,
            "eps_growth_yearly": 92.35
        },
        "20054": {
            "year_quarter": 20054,
            "year": 2005,
            "quarter": 4,
            "eps": 1.33,
            "eps_growth_year": 79.73,
            "eps_4q": 3.02,
            "eps_4q_growth_year": 10.56,
            "roe": 7.24,
            "roe_4q": 17.03,
            "gross_profit": 479888,
            "gross_margin": 14.87,
            "gross_margin_4q_avg": 15.18,
            "net_income": 307232,
            "net_income_4q": null,
            "revenue": 3226798,
            "revenue_4q": null,
            "common_shares": 2314045,
            "book_valuer_per_share": 18.95,
            "book_valuer_per_share_4q_avg": 18.11,
            "equity": 4388491,
            "current_ratio": 221,
            "debt_ratio": 43.27,
            "inventory_turnover_ratio": 3.56,
            "account_receivable_turnover_ratio": null,
            "reinvestment_rate": 1.34,
            "research_to_sale_ratio": null,
            "price_fair": 105.88,
            "eps_avg_yearly": 3.03,
            "eps_latest_yearly": 5.32,
            "eps_growth_yearly": 104.2
        },
        "20061": {
            "year_quarter": 20061,
            "year": 2006,
            "quarter": 1,
            "eps": 0.7,
            "eps_growth_year": 233.33,
            "eps_4q": 3.51,
            "eps_4q_growth_year": 59.51,
            "roe": 3.63,
            "roe_4q": 19.52,
            "gross_profit": 343221,
            "gross_margin": 14.6,
            "gross_margin_4q_avg": 15.31,
            "net_income": 162381,
            "net_income_4q": null,
            "revenue": 2351180,
            "revenue_4q": null,
            "common_shares": 2314045,
            "book_valuer_per_share": 19.66,
            "book_valuer_per_share_4q_avg": 18.43,
            "equity": 4549152,
            "current_ratio": 250.65,
            "debt_ratio": 34.42,
            "inventory_turnover_ratio": 2.6,
            "account_receivable_turnover_ratio": null,
            "reinvestment_rate": -2.08,
            "research_to_sale_ratio": null,
            "price_fair": 104.04,
            "eps_avg_yearly": 2.97,
            "eps_latest_yearly": 2.8,
            "eps_growth_yearly": 90.91
        },
        "20062": {
            "year_quarter": 20062,
            "year": 2006,
            "quarter": 2,
            "eps": 0.7,
            "eps_growth_year": -1.41,
            "eps_4q": 3.51,
            "eps_4q_growth_year": 37.18,
            "roe": 3.76,
            "roe_4q": 19.15,
            "gross_profit": 333164,
            "gross_margin": 14.94,
            "gross_margin_4q_avg": 15.31,
            "net_income": 161859,
            "net_income_4q": null,
            "revenue": 2230058,
            "revenue_4q": null,
            "common_shares": 2314145,
            "book_valuer_per_share": 17.57,
            "book_valuer_per_share_4q_avg": 18.47,
            "equity": 4066910,
            "current_ratio": 190.32,
            "debt_ratio": 42.32,
            "inventory_turnover_ratio": 7.88,
            "account_receivable_turnover_ratio": null,
            "reinvestment_rate": -2.41,
            "research_to_sale_ratio": null,
            "price_fair": 105.79,
            "eps_avg_yearly": 3.02,
            "eps_latest_yearly": 2.8,
            "eps_growth_yearly": 102.17
        },
        "20063": {
            "year_quarter": 20063,
            "year": 2006,
            "quarter": 3,
            "eps": 0.97,
            "eps_growth_year": 24.36,
            "eps_4q": 3.6,
            "eps_4q_growth_year": 49.19,
            "roe": 5.65,
            "roe_4q": 20.28,
            "gross_profit": 429178,
            "gross_margin": 15.25,
            "gross_margin_4q_avg": 14.92,
            "net_income": 233127,
            "net_income_4q": null,
            "revenue": 2813934,
            "revenue_4q": null,
            "common_shares": 2432407,
            "book_valuer_per_share": 17.22,
            "book_valuer_per_share_4q_avg": 18.35,
            "equity": 4187716,
            "current_ratio": 153.16,
            "debt_ratio": 45.56,
            "inventory_turnover_ratio": 9.29,
            "account_receivable_turnover_ratio": null,
            "reinvestment_rate": -2.57,
            "research_to_sale_ratio": null,
            "price_fair": 108.33,
            "eps_avg_yearly": 3.1,
            "eps_latest_yearly": 3.88,
            "eps_growth_yearly": 102.81
        },
        "20064": {
            "year_quarter": 20064,
            "year": 2006,
            "quarter": 4,
            "eps": 1.18,
            "eps_growth_year": -11.28,
            "eps_4q": 3.52,
            "eps_4q_growth_year": 16.72,
            "roe": 6.39,
            "roe_4q": 19.43,
            "gross_profit": 451178,
            "gross_margin": 14.18,
            "gross_margin_4q_avg": 14.74,
            "net_income": 280566,
            "net_income_4q": null,
            "revenue": 3180774,
            "revenue_4q": null,
            "common_shares": 2445737,
            "book_valuer_per_share": 18.77,
            "book_valuer_per_share_4q_avg": 18.31,
            "equity": 4593701,
            "current_ratio": 207.35,
            "debt_ratio": 42.36,
            "inventory_turnover_ratio": 3.54,
            "account_receivable_turnover_ratio": null,
            "reinvestment_rate": -1.38,
            "research_to_sale_ratio": null,
            "price_fair": 113.49,
            "eps_avg_yearly": 3.24,
            "eps_latest_yearly": 4.72,
            "eps_growth_yearly": 111.53
        },
        "20071": {
            "year_quarter": 20071,
            "year": 2007,
            "quarter": 1,
            "eps": 1.25,
            "eps_growth_year": 78.57,
            "eps_4q": 4.08,
            "eps_4q_growth_year": 16.31,
            "roe": 6.24,
            "roe_4q": 22.04,
            "gross_profit": 406191,
            "gross_margin": 16.76,
            "gross_margin_4q_avg": 15.28,
            "net_income": 298516,
            "net_income_4q": null,
            "revenue": 2423344,
            "revenue_4q": null,
            "common_shares": 2462997,
            "book_valuer_per_share": 20.22,
            "book_valuer_per_share_4q_avg": 18.45,
            "equity": 4980254,
            "current_ratio": 182.09,
            "debt_ratio": 40.1,
            "inventory_turnover_ratio": 2.65,
            "account_receivable_turnover_ratio": null,
            "reinvestment_rate": -2.18,
            "research_to_sale_ratio": null,
            "price_fair": 118.48,
            "eps_avg_yearly": 3.39,
            "eps_latest_yearly": 5,
            "eps_growth_yearly": 109.2
        },
        "20072": {
            "year_quarter": 20072,
            "year": 2007,
            "quarter": 2,
            "eps": 0.88,
            "eps_growth_year": 25.71,
            "eps_4q": 4.23,
            "eps_4q_growth_year": 20.49,
            "roe": 4.43,
            "roe_4q": 22.71,
            "gross_profit": 393179,
            "gross_margin": 16.49,
            "gross_margin_4q_avg": 15.67,
            "net_income": 213487,
            "net_income_4q": null,
            "revenue": 2384011,
            "revenue_4q": null,
            "common_shares": 2466247,
            "book_valuer_per_share": 18.9,
            "book_valuer_per_share_4q_avg": 18.78,
            "equity": 4661753,
            "current_ratio": 165.87,
            "debt_ratio": 43.71,
            "inventory_turnover_ratio": 7.59,
            "account_receivable_turnover_ratio": null,
            "reinvestment_rate": -2.6,
            "research_to_sale_ratio": null,
            "price_fair": 119.18,
            "eps_avg_yearly": 3.41,
            "eps_latest_yearly": 3.52,
            "eps_growth_yearly": 97.39
        },
        "20073": {
            "year_quarter": 20073,
            "year": 2007,
            "quarter": 3,
            "eps": 1.39,
            "eps_growth_year": 43.3,
            "eps_4q": 4.27,
            "eps_4q_growth_year": 18.6,
            "roe": 7.9,
            "roe_4q": 24.96,
            "gross_profit": 478693,
            "gross_margin": 16.38,
            "gross_margin_4q_avg": 15.95,
            "net_income": 382970,
            "net_income_4q": null,
            "revenue": 2922142,
            "revenue_4q": null,
            "common_shares": 2797273,
            "book_valuer_per_share": 17.99,
            "book_valuer_per_share_4q_avg": 18.97,
            "equity": 5031711,
            "current_ratio": 180.14,
            "debt_ratio": 41.1,
            "inventory_turnover_ratio": 7.75,
            "account_receivable_turnover_ratio": null,
            "reinvestment_rate": -3.11,
            "research_to_sale_ratio": null,
            "price_fair": 122.15,
            "eps_avg_yearly": 3.49,
            "eps_latest_yearly": 5.56,
            "eps_growth_yearly": 104.07
        },
        "20074": {
            "year_quarter": 20074,
            "year": 2007,
            "quarter": 4,
            "eps": 1.17,
            "eps_growth_year": -0.85,
            "eps_4q": 4.48,
            "eps_4q_growth_year": 27.23,
            "roe": 6.49,
            "roe_4q": 25.060000000000002,
            "gross_profit": 473795,
            "gross_margin": 17.08,
            "gross_margin_4q_avg": 16.68,
            "net_income": 315991,
            "net_income_4q": null,
            "revenue": 2773983,
            "revenue_4q": null,
            "common_shares": 2518168,
            "book_valuer_per_share": 18.7,
            "book_valuer_per_share_4q_avg": 18.95,
            "equity": 4713367,
            "current_ratio": 220.79,
            "debt_ratio": 37.65,
            "inventory_turnover_ratio": 2.45,
            "account_receivable_turnover_ratio": null,
            "reinvestment_rate": -0.48,
            "research_to_sale_ratio": null,
            "price_fair": 123.38,
            "eps_avg_yearly": 3.53,
            "eps_latest_yearly": 4.68,
            "eps_growth_yearly": 100.59
        },
        "20081": {
            "year_quarter": 20081,
            "year": 2008,
            "quarter": 1,
            "eps": 0.84,
            "eps_growth_year": -32.8,
            "eps_4q": 4.52,
            "eps_4q_growth_year": 10.9,
            "roe": 4.34,
            "roe_4q": 23.16,
            "gross_profit": 609051,
            "gross_margin": 20.93,
            "gross_margin_4q_avg": 17.72,
            "net_income": 208045,
            "net_income_4q": null,
            "revenue": 2909830,
            "revenue_4q": null,
            "common_shares": 2524168,
            "book_valuer_per_share": 19.29,
            "book_valuer_per_share_4q_avg": 18.72,
            "equity": 4874423,
            "current_ratio": 253.47,
            "debt_ratio": 32.91,
            "inventory_turnover_ratio": 1.56,
            "account_receivable_turnover_ratio": null,
            "reinvestment_rate": 7.63,
            "research_to_sale_ratio": null,
            "price_fair": 123.38,
            "eps_avg_yearly": 3.53,
            "eps_latest_yearly": 3.36,
            "eps_growth_yearly": 98.15
        },
        "20082": {
            "year_quarter": 20082,
            "year": 2008,
            "quarter": 2,
            "eps": 0.64,
            "eps_growth_year": -27.27,
            "eps_4q": 3.81,
            "eps_4q_growth_year": -9.91,
            "roe": 4.1,
            "roe_4q": 22.83,
            "gross_profit": 580093,
            "gross_margin": 20.12,
            "gross_margin_4q_avg": 18.63,
            "net_income": 183106,
            "net_income_4q": null,
            "revenue": 2883289,
            "revenue_4q": null,
            "common_shares": 2524368,
            "book_valuer_per_share": 16.06,
            "book_valuer_per_share_4q_avg": 18.01,
            "equity": 4058699,
            "current_ratio": 175.26,
            "debt_ratio": 46.19,
            "inventory_turnover_ratio": 1.52,
            "account_receivable_turnover_ratio": null,
            "reinvestment_rate": 8.19,
            "research_to_sale_ratio": null,
            "price_fair": 126.44,
            "eps_avg_yearly": 3.61,
            "eps_latest_yearly": 2.56,
            "eps_growth_yearly": 108.57
        },
        "20083": {
            "year_quarter": 20083,
            "year": 2008,
            "quarter": 3,
            "eps": 1.34,
            "eps_growth_year": -3.6,
            "eps_4q": 3.79,
            "eps_4q_growth_year": -11.2,
            "roe": 9.43,
            "roe_4q": 24.36,
            "gross_profit": 886985,
            "gross_margin": 22.25,
            "gross_margin_4q_avg": 20.1,
            "net_income": 386611,
            "net_income_4q": null,
            "revenue": 3986901,
            "revenue_4q": null,
            "common_shares": 2641296,
            "book_valuer_per_share": 15.66,
            "book_valuer_per_share_4q_avg": 17.43,
            "equity": 4140711,
            "current_ratio": 178.12,
            "debt_ratio": 46.4,
            "inventory_turnover_ratio": 1.88,
            "account_receivable_turnover_ratio": null,
            "reinvestment_rate": 8.89,
            "research_to_sale_ratio": null,
            "price_fair": 129.76,
            "eps_avg_yearly": 3.71,
            "eps_latest_yearly": 5.36,
            "eps_growth_yearly": 78.15
        },
        "20084": {
            "year_quarter": 20084,
            "year": 2008,
            "quarter": 4,
            "eps": 0.26,
            "eps_growth_year": -77.78,
            "eps_4q": 3.08,
            "eps_4q_growth_year": -31.37,
            "roe": 1.74,
            "roe_4q": 19.61,
            "gross_profit": 569285,
            "gross_margin": 20.33,
            "gross_margin_4q_avg": 20.91,
            "net_income": 71707,
            "net_income_4q": null,
            "revenue": 2800659,
            "revenue_4q": null,
            "common_shares": 2642996,
            "book_valuer_per_share": 15.57,
            "book_valuer_per_share_4q_avg": 16.65,
            "equity": 4119527,
            "current_ratio": 229.81,
            "debt_ratio": 34.06,
            "inventory_turnover_ratio": 1.34,
            "account_receivable_turnover_ratio": 2.91,
            "reinvestment_rate": 1.25,
            "research_to_sale_ratio": null,
            "price_fair": 125.56,
            "eps_avg_yearly": 3.59,
            "eps_latest_yearly": 1.04,
            "eps_growth_yearly": 63.73
        },
        "20091": {
            "year_quarter": 20091,
            "year": 2009,
            "quarter": 1,
            "eps": 0.64,
            "eps_growth_year": -23.81,
            "eps_4q": 3.14,
            "eps_4q_growth_year": -30.57,
            "roe": 3.85,
            "roe_4q": 19.119999999999997,
            "gross_profit": 415781,
            "gross_margin": 22.82,
            "gross_margin_4q_avg": 21.38,
            "net_income": 163957,
            "net_income_4q": null,
            "revenue": 1821766,
            "revenue_4q": null,
            "common_shares": 2644646,
            "book_valuer_per_share": 16.63,
            "book_valuer_per_share_4q_avg": 15.98,
            "equity": 4402900,
            "current_ratio": 251.15,
            "debt_ratio": 32.64,
            "inventory_turnover_ratio": 0.89,
            "account_receivable_turnover_ratio": 1.14,
            "reinvestment_rate": 10.29,
            "research_to_sale_ratio": null,
            "price_fair": 129.33,
            "eps_avg_yearly": 3.7,
            "eps_latest_yearly": 2.56,
            "eps_growth_yearly": 118.17
        },
        "20092": {
            "year_quarter": 20092,
            "year": 2009,
            "quarter": 2,
            "eps": 0.46,
            "eps_growth_year": -28.12,
            "eps_4q": 2.86,
            "eps_4q_growth_year": -24.8,
            "roe": 2.72,
            "roe_4q": 17.740000000000002,
            "gross_profit": 454674,
            "gross_margin": 19.2,
            "gross_margin_4q_avg": 21.15,
            "net_income": 118950,
            "net_income_4q": null,
            "revenue": 2368588,
            "revenue_4q": null,
            "common_shares": 2644766,
            "book_valuer_per_share": 16.38,
            "book_valuer_per_share_4q_avg": 16.06,
            "equity": 4338660,
            "current_ratio": 220,
            "debt_ratio": 37.66,
            "inventory_turnover_ratio": 1.26,
            "account_receivable_turnover_ratio": 1.72,
            "reinvestment_rate": 10.25,
            "research_to_sale_ratio": null,
            "price_fair": 127.14,
            "eps_avg_yearly": 3.63,
            "eps_latest_yearly": 1.84,
            "eps_growth_yearly": 51.62
        },
        "20093": {
            "year_quarter": 20093,
            "year": 2009,
            "quarter": 3,
            "eps": 0.78,
            "eps_growth_year": -41.79,
            "eps_4q": 2.03,
            "eps_4q_growth_year": -46.42,
            "roe": 4.96,
            "roe_4q": 13.27,
            "gross_profit": 545757,
            "gross_margin": 18.61,
            "gross_margin_4q_avg": 20.24,
            "net_income": 220997,
            "net_income_4q": null,
            "revenue": 2931887,
            "revenue_4q": null,
            "common_shares": 2902973,
            "book_valuer_per_share": 15.75,
            "book_valuer_per_share_4q_avg": 16.08,
            "equity": 4576620,
            "current_ratio": 226.12,
            "debt_ratio": 36.76,
            "inventory_turnover_ratio": 1.46,
            "account_receivable_turnover_ratio": 1.76,
            "reinvestment_rate": 10.13,
            "research_to_sale_ratio": null,
            "price_fair": 127.14,
            "eps_avg_yearly": 3.63,
            "eps_latest_yearly": 3.12,
            "eps_growth_yearly": 66.55
        },
        "20094": {
            "year_quarter": 20094,
            "year": 2009,
            "quarter": 4,
            "eps": 0.64,
            "eps_growth_year": 146.15,
            "eps_4q": 2.4,
            "eps_4q_growth_year": -22.05,
            "roe": 3.9,
            "roe_4q": 15.43,
            "gross_profit": 535322,
            "gross_margin": 17.55,
            "gross_margin_4q_avg": 19.55,
            "net_income": 182206,
            "net_income_4q": null,
            "revenue": 3050446,
            "revenue_4q": null,
            "common_shares": 2903873,
            "book_valuer_per_share": 16.69,
            "book_valuer_per_share_4q_avg": 16.36,
            "equity": 4777669,
            "current_ratio": 233.47,
            "debt_ratio": 34.88,
            "inventory_turnover_ratio": 1.41,
            "account_receivable_turnover_ratio": 3.65,
            "reinvestment_rate": 11.3,
            "research_to_sale_ratio": null,
            "price_fair": 121.1,
            "eps_avg_yearly": 3.46,
            "eps_latest_yearly": 2.56,
            "eps_growth_yearly": 44.43
        },
        "20101": {
            "year_quarter": 20101,
            "year": 2010,
            "quarter": 1,
            "eps": 0.51,
            "eps_growth_year": -20.31,
            "eps_4q": 2.33,
            "eps_4q_growth_year": -25.84,
            "roe": 2.99,
            "roe_4q": 14.570000000000002,
            "gross_profit": 547989,
            "gross_margin": 20.5,
            "gross_margin_4q_avg": 18.97,
            "net_income": 144679,
            "net_income_4q": null,
            "revenue": 2673707,
            "revenue_4q": null,
            "common_shares": 2908573,
            "book_valuer_per_share": 17.1,
            "book_valuer_per_share_4q_avg": 16.48,
            "equity": 4901210,
            "current_ratio": 248.35,
            "debt_ratio": 33.46,
            "inventory_turnover_ratio": 1.18,
            "account_receivable_turnover_ratio": 1.59,
            "reinvestment_rate": 20.97,
            "research_to_sale_ratio": 1.61,
            "price_fair": 119.44,
            "eps_avg_yearly": 3.41,
            "eps_latest_yearly": 2.04,
            "eps_growth_yearly": 51.19
        },
        "20102": {
            "year_quarter": 20102,
            "year": 2010,
            "quarter": 2,
            "eps": 0.43,
            "eps_growth_year": -7.37,
            "eps_4q": 2.34,
            "eps_4q_growth_year": -18.33,
            "roe": 2.68,
            "roe_4q": 14.530000000000001,
            "gross_profit": 547977,
            "gross_margin": 18.65,
            "gross_margin_4q_avg": 18.83,
            "net_income": 121667,
            "net_income_4q": null,
            "revenue": 2938430,
            "revenue_4q": null,
            "common_shares": 2909833,
            "book_valuer_per_share": 14.63,
            "book_valuer_per_share_4q_avg": 16.04,
            "equity": 4194957,
            "current_ratio": 207.75,
            "debt_ratio": 51.05,
            "inventory_turnover_ratio": 1.26,
            "account_receivable_turnover_ratio": 1.71,
            "reinvestment_rate": 21.92,
            "research_to_sale_ratio": 1.64,
            "price_fair": 117.08,
            "eps_avg_yearly": 3.35,
            "eps_latest_yearly": 1.72,
            "eps_growth_yearly": 47.27
        },
        "20103": {
            "year_quarter": 20103,
            "year": 2010,
            "quarter": 3,
            "eps": 0.41,
            "eps_growth_year": -47.04,
            "eps_4q": 1.98,
            "eps_4q_growth_year": -2.49,
            "roe": 2.8,
            "roe_4q": 12.370000000000001,
            "gross_profit": 459861,
            "gross_margin": 16.22,
            "gross_margin_4q_avg": 18.23,
            "net_income": 118518,
            "net_income_4q": null,
            "revenue": 2835311,
            "revenue_4q": null,
            "common_shares": 2913033,
            "book_valuer_per_share": 14.9,
            "book_valuer_per_share_4q_avg": 15.83,
            "equity": 4278559,
            "current_ratio": 254.88,
            "debt_ratio": 43.6,
            "inventory_turnover_ratio": 1.19,
            "account_receivable_turnover_ratio": 1.65,
            "reinvestment_rate": 28.1,
            "research_to_sale_ratio": 1.52,
            "price_fair": 112.18,
            "eps_avg_yearly": 3.21,
            "eps_latest_yearly": 1.64,
            "eps_growth_yearly": 36.47
        },
        "20104": {
            "year_quarter": 20104,
            "year": 2010,
            "quarter": 4,
            "eps": 0.15,
            "eps_growth_year": -76.1,
            "eps_4q": 1.52,
            "eps_4q_growth_year": -36.82,
            "roe": 1.03,
            "roe_4q": 9.5,
            "gross_profit": 424260,
            "gross_margin": 16.38,
            "gross_margin_4q_avg": 17.94,
            "net_income": 43408,
            "net_income_4q": null,
            "revenue": 2590241,
            "revenue_4q": null,
            "common_shares": 2868533,
            "book_valuer_per_share": 14.58,
            "book_valuer_per_share_4q_avg": 15.3,
            "equity": 4130488,
            "current_ratio": 226.59,
            "debt_ratio": 46.86,
            "inventory_turnover_ratio": 1.14,
            "account_receivable_turnover_ratio": 1.56,
            "reinvestment_rate": 23.62,
            "research_to_sale_ratio": 0.92,
            "price_fair": 74.28,
            "eps_avg_yearly": 2.95,
            "eps_latest_yearly": 0.6,
            "eps_growth_yearly": 15.2
        },
        "20111": {
            "year_quarter": 20111,
            "year": 2011,
            "quarter": 1,
            "eps": 0.23,
            "eps_growth_year": -54.9,
            "eps_4q": 1.23,
            "eps_4q_growth_year": -47.21,
            "roe": 1.54,
            "roe_4q": 8.05,
            "gross_profit": 359604,
            "gross_margin": 17,
            "gross_margin_4q_avg": 17.06,
            "net_income": 64282,
            "net_income_4q": null,
            "revenue": 2115661,
            "revenue_4q": null,
            "common_shares": 2868883,
            "book_valuer_per_share": 14.86,
            "book_valuer_per_share_4q_avg": 14.74,
            "equity": 4210183,
            "current_ratio": 249.71,
            "debt_ratio": 43.72,
            "inventory_turnover_ratio": 1.05,
            "account_receivable_turnover_ratio": 1.41,
            "reinvestment_rate": 35.28,
            "research_to_sale_ratio": 1.78,
            "price_fair": 94.24,
            "eps_avg_yearly": 2.69,
            "eps_latest_yearly": 0.92,
            "eps_growth_yearly": 27.05
        },
        "20112": {
            "year_quarter": 20112,
            "year": 2011,
            "quarter": 2,
            "eps": 0.04,
            "eps_growth_year": -91.64,
            "eps_4q": 0.83,
            "eps_4q_growth_year": -64.34,
            "roe": 0.24,
            "roe_4q": 5.609999999999999,
            "gross_profit": 318646,
            "gross_margin": 15.44,
            "gross_margin_4q_avg": 16.26,
            "net_income": 9839,
            "net_income_4q": null,
            "revenue": 2063737,
            "revenue_4q": null,
            "common_shares": 2868883,
            "book_valuer_per_share": 14.29,
            "book_valuer_per_share_4q_avg": 14.66,
            "equity": 4048931,
            "current_ratio": 177.95,
            "debt_ratio": 42.04,
            "inventory_turnover_ratio": 1.11,
            "account_receivable_turnover_ratio": 1.46,
            "reinvestment_rate": 43.58,
            "research_to_sale_ratio": 1.83,
            "price_fair": 59.08,
            "eps_avg_yearly": 2.48,
            "eps_latest_yearly": 0.16,
            "eps_growth_yearly": 13.8
        },
        "20113": {
            "year_quarter": 20113,
            "year": 2011,
            "quarter": 3,
            "eps": 0.1,
            "eps_growth_year": -76.83,
            "eps_4q": 0.48,
            "eps_4q_growth_year": -75.9,
            "roe": 0.69,
            "roe_4q": 3.5,
            "gross_profit": 321054,
            "gross_margin": 15.05,
            "gross_margin_4q_avg": 15.97,
            "net_income": 29278,
            "net_income_4q": null,
            "revenue": 2132878,
            "revenue_4q": null,
            "common_shares": 3123391,
            "book_valuer_per_share": 14.09,
            "book_valuer_per_share_4q_avg": 14.46,
            "equity": 4400017,
            "current_ratio": 188.61,
            "debt_ratio": 42.6,
            "inventory_turnover_ratio": 1.08,
            "account_receivable_turnover_ratio": 1.37,
            "reinvestment_rate": 47.08,
            "research_to_sale_ratio": 1.76,
            "price_fair": 75.6,
            "eps_avg_yearly": 2.16,
            "eps_latest_yearly": 0.4,
            "eps_growth_yearly": 36.81
        },
        "20114": {
            "year_quarter": 20114,
            "year": 2011,
            "quarter": 4,
            "eps": 0.04,
            "eps_growth_year": -74.59,
            "eps_4q": 0.38,
            "eps_4q_growth_year": -74.85,
            "roe": 0.25,
            "roe_4q": 2.7199999999999998,
            "gross_profit": 367514,
            "gross_margin": 16.99,
            "gross_margin_4q_avg": 16.12,
            "net_income": 11146,
            "net_income_4q": null,
            "revenue": 2163704,
            "revenue_4q": null,
            "common_shares": 3124031,
            "book_valuer_per_share": 14.24,
            "book_valuer_per_share_4q_avg": 14.37,
            "equity": 4376422,
            "current_ratio": 190.69,
            "debt_ratio": 41.49,
            "inventory_turnover_ratio": 1.04,
            "account_receivable_turnover_ratio": 1.41,
            "reinvestment_rate": 39.76,
            "research_to_sale_ratio": 2.81,
            "price_fair": 65.71,
            "eps_avg_yearly": 1.88,
            "eps_latest_yearly": 0.16,
            "eps_growth_yearly": 25.77
        },
        "20121": {
            "year_quarter": 20121,
            "year": 2012,
            "quarter": 1,
            "eps": 0.11,
            "eps_growth_year": -52.17,
            "eps_4q": 0.28,
            "eps_4q_growth_year": -77.54,
            "roe": 0.68,
            "roe_4q": 1.86,
            "gross_profit": 329992,
            "gross_margin": 18.08,
            "gross_margin_4q_avg": 16.39,
            "net_income": 29797,
            "net_income_4q": null,
            "revenue": 1825204,
            "revenue_4q": null,
            "common_shares": 3124031,
            "book_valuer_per_share": 14.5,
            "book_valuer_per_share_4q_avg": 14.28,
            "equity": 4448695,
            "current_ratio": 200.31,
            "debt_ratio": 39.98,
            "inventory_turnover_ratio": 0.89,
            "account_receivable_turnover_ratio": 1.37,
            "reinvestment_rate": 36.85,
            "research_to_sale_ratio": 2.98,
            "price_fair": 59.33,
            "eps_avg_yearly": 1.7,
            "eps_latest_yearly": 0.44,
            "eps_growth_yearly": 76.57
        },
        "20122": {
            "year_quarter": 20122,
            "year": 2012,
            "quarter": 2,
            "eps": 0.07,
            "eps_growth_year": 84.69,
            "eps_4q": 0.31,
            "eps_4q_growth_year": -62.88,
            "roe": 0.41,
            "roe_4q": 2.0300000000000002,
            "gross_profit": 360568,
            "gross_margin": 16.18,
            "gross_margin_4q_avg": 16.58,
            "net_income": 18265,
            "net_income_4q": null,
            "revenue": 2228908,
            "revenue_4q": null,
            "common_shares": 3063781,
            "book_valuer_per_share": 14.38,
            "book_valuer_per_share_4q_avg": 14.3,
            "equity": 4390780,
            "current_ratio": 215.13,
            "debt_ratio": 39.97,
            "inventory_turnover_ratio": 1.16,
            "account_receivable_turnover_ratio": 1.57,
            "reinvestment_rate": 38.71,
            "research_to_sale_ratio": 2.39,
            "price_fair": 54.34,
            "eps_avg_yearly": 1.55,
            "eps_latest_yearly": 0.28,
            "eps_growth_yearly": 73.43
        },
        "20123": {
            "year_quarter": 20123,
            "year": 2012,
            "quarter": 3,
            "eps": 0.14,
            "eps_growth_year": 41.72,
            "eps_4q": 0.35,
            "eps_4q_growth_year": -27.19,
            "roe": 0.93,
            "roe_4q": 2.27,
            "gross_profit": 370704,
            "gross_margin": 16.86,
            "gross_margin_4q_avg": 17.03,
            "net_income": 41160,
            "net_income_4q": null,
            "revenue": 2199310,
            "revenue_4q": null,
            "common_shares": 3051071,
            "book_valuer_per_share": 14.53,
            "book_valuer_per_share_4q_avg": 14.41,
            "equity": 4446461,
            "current_ratio": 216.54,
            "debt_ratio": 40.05,
            "inventory_turnover_ratio": 1.17,
            "account_receivable_turnover_ratio": 1.32,
            "reinvestment_rate": 44.36,
            "research_to_sale_ratio": 2.59,
            "price_fair": 43.84,
            "eps_avg_yearly": 1.25,
            "eps_latest_yearly": 0.56,
            "eps_growth_yearly": 71.09
        },
        "20124": {
            "year_quarter": 20124,
            "year": 2012,
            "quarter": 4,
            "eps": -0.07,
            "eps_growth_year": -290.89,
            "eps_4q": 0.24,
            "eps_4q_growth_year": -36.53,
            "roe": -0.47,
            "roe_4q": 1.5500000000000003,
            "gross_profit": 309759,
            "gross_margin": 15.54,
            "gross_margin_4q_avg": 16.67,
            "net_income": -20457,
            "net_income_4q": null,
            "revenue": 1993059,
            "revenue_4q": null,
            "common_shares": 3051071,
            "book_valuer_per_share": 14.47,
            "book_valuer_per_share_4q_avg": 14.47,
            "equity": 4323965,
            "current_ratio": 242.01,
            "debt_ratio": 36.64,
            "inventory_turnover_ratio": 1.09,
            "account_receivable_turnover_ratio": 1.27,
            "reinvestment_rate": 40.63,
            "research_to_sale_ratio": 2.92,
            "price_fair": 44.33,
            "eps_avg_yearly": 1.27,
            "eps_latest_yearly": 0.56,
            "eps_growth_yearly": 97.32
        },
        "20131": {
            "year_quarter": 20131,
            "year": 2013,
            "quarter": 1,
            "eps": 0.08,
            "eps_growth_year": -27.27,
            "eps_4q": 0.21,
            "eps_4q_growth_year": -24.22,
            "roe": 0.57,
            "roe_4q": 1.44,
            "gross_profit": 344684,
            "gross_margin": 18.16,
            "gross_margin_4q_avg": 16.69,
            "net_income": 25244,
            "net_income_4q": null,
            "revenue": 1898254,
            "revenue_4q": null,
            "common_shares": 3051071,
            "book_valuer_per_share": 14.96,
            "book_valuer_per_share_4q_avg": 14.59,
            "equity": 4458476,
            "current_ratio": 247.9,
            "debt_ratio": 35.39,
            "inventory_turnover_ratio": 1,
            "account_receivable_turnover_ratio": 1.34,
            "reinvestment_rate": 50.82,
            "research_to_sale_ratio": 2.95,
            "price_fair": 41.1,
            "eps_avg_yearly": 1.17,
            "eps_latest_yearly": 0.56,
            "eps_growth_yearly": 62.51
        },
        "20132": {
            "year_quarter": 20132,
            "year": 2013,
            "quarter": 2,
            "eps": 0.16,
            "eps_growth_year": 143.27,
            "eps_4q": 0.3,
            "eps_4q_growth_year": -1.66,
            "roe": 1.17,
            "roe_4q": 2.1999999999999997,
            "gross_profit": 425153,
            "gross_margin": 18.38,
            "gross_margin_4q_avg": 17.24,
            "net_income": 51762,
            "net_income_4q": null,
            "revenue": 2312856,
            "revenue_4q": null,
            "common_shares": 2946001,
            "book_valuer_per_share": 15.04,
            "book_valuer_per_share_4q_avg": 14.75,
            "equity": 4411894,
            "current_ratio": 218.53,
            "debt_ratio": 36.97,
            "inventory_turnover_ratio": 1.21,
            "account_receivable_turnover_ratio": 1.46,
            "reinvestment_rate": 55.24,
            "research_to_sale_ratio": 2.61,
            "price_fair": 38.1,
            "eps_avg_yearly": 1.09,
            "eps_latest_yearly": 0.64,
            "eps_growth_yearly": 99.12
        },
        "20133": {
            "year_quarter": 20133,
            "year": 2013,
            "quarter": 3,
            "eps": 0.04,
            "eps_growth_year": -70.51,
            "eps_4q": 0.2,
            "eps_4q_growth_year": -42.58,
            "roe": 0.33,
            "roe_4q": 1.5999999999999999,
            "gross_profit": 419258,
            "gross_margin": 18.28,
            "gross_margin_4q_avg": 17.59,
            "net_income": 14650,
            "net_income_4q": null,
            "revenue": 2292988,
            "revenue_4q": null,
            "common_shares": 2946001,
            "book_valuer_per_share": 15.06,
            "book_valuer_per_share_4q_avg": 14.88,
            "equity": 4423315,
            "current_ratio": 213.75,
            "debt_ratio": 38.01,
            "inventory_turnover_ratio": 1.27,
            "account_receivable_turnover_ratio": 1.38,
            "reinvestment_rate": 67.74,
            "research_to_sale_ratio": 2.44,
            "price_fair": 30.7,
            "eps_avg_yearly": 0.88,
            "eps_latest_yearly": 0.16,
            "eps_growth_yearly": 57.81
        },
        "20134": {
            "year_quarter": 20134,
            "year": 2013,
            "quarter": 4,
            "eps": -0.26,
            "eps_growth_year": null,
            "eps_4q": 0.01,
            "eps_4q_growth_year": -94.65,
            "roe": -1.67,
            "roe_4q": 0.4,
            "gross_profit": 365498,
            "gross_margin": 16.42,
            "gross_margin_4q_avg": 17.81,
            "net_income": -74020,
            "net_income_4q": null,
            "revenue": 2225795,
            "revenue_4q": null,
            "common_shares": 2908001,
            "book_valuer_per_share": 15,
            "book_valuer_per_share_4q_avg": 15.02,
            "equity": 4438976,
            "current_ratio": 211.36,
            "debt_ratio": 37.76,
            "inventory_turnover_ratio": 1.37,
            "account_receivable_turnover_ratio": 1.48,
            "reinvestment_rate": 48.71,
            "research_to_sale_ratio": 2.69,
            "price_fair": 26.17,
            "eps_avg_yearly": 0.75,
            "eps_latest_yearly": 0.16,
            "eps_growth_yearly": 67.78
        },
        "20141": {
            "year_quarter": 20141,
            "year": 2014,
            "quarter": 1,
            "eps": 0.1,
            "eps_growth_year": 25,
            "eps_4q": 0.04,
            "eps_4q_growth_year": -80.6,
            "roe": 0.67,
            "roe_4q": 0.5,
            "gross_profit": 362720,
            "gross_margin": 19.01,
            "gross_margin_4q_avg": 18.02,
            "net_income": 30067,
            "net_income_4q": null,
            "revenue": 1908191,
            "revenue_4q": null,
            "common_shares": 2908001,
            "book_valuer_per_share": 15.34,
            "book_valuer_per_share_4q_avg": 15.11,
            "equity": 4537712,
            "current_ratio": 273.09,
            "debt_ratio": 29.11,
            "inventory_turnover_ratio": 1.24,
            "account_receivable_turnover_ratio": 1.39,
            "reinvestment_rate": 59.22,
            "research_to_sale_ratio": 2.67,
            "price_fair": 22.4,
            "eps_avg_yearly": 0.64,
            "eps_latest_yearly": 0.16,
            "eps_growth_yearly": 80.2
        },
        "20142": {
            "year_quarter": 20142,
            "year": 2014,
            "quarter": 2,
            "eps": -0.04,
            "eps_growth_year": -125,
            "eps_4q": -0.15,
            "eps_4q_growth_year": -150.67,
            "roe": -0.28,
            "roe_4q": -0.9499999999999997,
            "gross_profit": 327606,
            "gross_margin": 18.07,
            "gross_margin_4q_avg": 17.95,
            "net_income": -12540,
            "net_income_4q": null,
            "revenue": 1813284,
            "revenue_4q": null,
            "common_shares": 2908001,
            "book_valuer_per_share": 15.06,
            "book_valuer_per_share_4q_avg": 15.12,
            "equity": 4389451,
            "current_ratio": 198.74,
            "debt_ratio": 41.7,
            "inventory_turnover_ratio": 1.21,
            "account_receivable_turnover_ratio": 1.49,
            "reinvestment_rate": 186.11,
            "research_to_sale_ratio": 2.19,
            "price_fair": 18.96,
            "eps_avg_yearly": 0.54,
            "eps_latest_yearly": 0.16,
            "eps_growth_yearly": 93.2
        },
        "20143": {
            "year_quarter": 20143,
            "year": 2014,
            "quarter": 3,
            "eps": 0.23,
            "eps_growth_year": 475,
            "eps_4q": 0.04,
            "eps_4q_growth_year": -79.06,
            "roe": 1.7,
            "roe_4q": 0.41999999999999993,
            "gross_profit": 361896,
            "gross_margin": 18.45,
            "gross_margin_4q_avg": 17.99,
            "net_income": 75025,
            "net_income_4q": null,
            "revenue": 1962002,
            "revenue_4q": null,
            "common_shares": 3032503,
            "book_valuer_per_share": 14.76,
            "book_valuer_per_share_4q_avg": 15.04,
            "equity": 4452238,
            "current_ratio": 194.88,
            "debt_ratio": 42.62,
            "inventory_turnover_ratio": 1.27,
            "account_receivable_turnover_ratio": 1.63,
            "reinvestment_rate": 106.81,
            "research_to_sale_ratio": 2.43,
            "price_fair": 15.12,
            "eps_avg_yearly": 0.43,
            "eps_latest_yearly": 0.16,
            "eps_growth_yearly": 104.38
        },
        "20144": {
            "year_quarter": 20144,
            "year": 2014,
            "quarter": 4,
            "eps": 0.13,
            "eps_growth_year": null,
            "eps_4q": 0.43,
            "eps_4q_growth_year": 3237.05,
            "roe": 0.77,
            "roe_4q": 2.8599999999999994,
            "gross_profit": 354438,
            "gross_margin": 18.5,
            "gross_margin_4q_avg": 18.51,
            "net_income": 34390,
            "net_income_4q": null,
            "revenue": 1915366,
            "revenue_4q": null,
            "common_shares": 3032503,
            "book_valuer_per_share": 15.1,
            "book_valuer_per_share_4q_avg": 15.07,
            "equity": 4474642,
            "current_ratio": 210.42,
            "debt_ratio": 39.44,
            "inventory_turnover_ratio": 1.2,
            "account_receivable_turnover_ratio": 1.58,
            "reinvestment_rate": 65.64,
            "research_to_sale_ratio": 3.18,
            "price_fair": 14.84,
            "eps_avg_yearly": 0.42,
            "eps_latest_yearly": 0.52,
            "eps_growth_yearly": 112.35
        },
        "20151": {
            "year_quarter": 20151,
            "year": 2015,
            "quarter": 1,
            "eps": 0.07,
            "eps_growth_year": -30,
            "eps_4q": 0.4,
            "eps_4q_growth_year": 889.82,
            "roe": 0.47,
            "roe_4q": 2.66,
            "gross_profit": 319512,
            "gross_margin": 20.86,
            "gross_margin_4q_avg": 18.97,
            "net_income": 21248,
            "net_income_4q": null,
            "revenue": 1531923,
            "revenue_4q": null,
            "common_shares": 3032503,
            "book_valuer_per_share": 15.2,
            "book_valuer_per_share_4q_avg": 15.03,
            "equity": 4501803,
            "current_ratio": 235.23,
            "debt_ratio": 35.87,
            "inventory_turnover_ratio": 0.9,
            "account_receivable_turnover_ratio": 1.52,
            "reinvestment_rate": 63.02,
            "research_to_sale_ratio": 3.46,
            "price_fair": 12.6,
            "eps_avg_yearly": 0.36,
            "eps_latest_yearly": 0.28,
            "eps_growth_yearly": 72.56
        },
        "20152": {
            "year_quarter": 20152,
            "year": 2015,
            "quarter": 2,
            "eps": 0.11,
            "eps_growth_year": null,
            "eps_4q": 0.53,
            "eps_4q_growth_year": null,
            "roe": 0.77,
            "roe_4q": 3.71,
            "gross_profit": 312179,
            "gross_margin": 19.98,
            "gross_margin_4q_avg": 19.45,
            "net_income": 33922,
            "net_income_4q": null,
            "revenue": 1562415,
            "revenue_4q": null,
            "common_shares": 3032503,
            "book_valuer_per_share": 14.72,
            "book_valuer_per_share_4q_avg": 14.95,
            "equity": 4349670,
            "current_ratio": 227.22,
            "debt_ratio": 36.79,
            "inventory_turnover_ratio": 1.03,
            "account_receivable_turnover_ratio": 1.78,
            "reinvestment_rate": 1.21,
            "research_to_sale_ratio": 2.29,
            "price_fair": 13.58,
            "eps_avg_yearly": 0.39,
            "eps_latest_yearly": 0.44,
            "eps_growth_yearly": 128.46
        },
        "20153": {
            "year_quarter": 20153,
            "year": 2015,
            "quarter": 3,
            "eps": 0.11,
            "eps_growth_year": -52.17,
            "eps_4q": 0.42,
            "eps_4q_growth_year": 913.5,
            "roe": 0.69,
            "roe_4q": 2.7,
            "gross_profit": 276207,
            "gross_margin": 19.59,
            "gross_margin_4q_avg": 19.73,
            "net_income": 29811,
            "net_income_4q": null,
            "revenue": 1409791,
            "revenue_4q": null,
            "common_shares": 3032503,
            "book_valuer_per_share": 15.04,
            "book_valuer_per_share_4q_avg": 15.02,
            "equity": 4298284,
            "current_ratio": 196.81,
            "debt_ratio": 35.43,
            "inventory_turnover_ratio": 1.1,
            "account_receivable_turnover_ratio": 1.59,
            "reinvestment_rate": 23.73,
            "research_to_sale_ratio": 2.59,
            "price_fair": 13.72,
            "eps_avg_yearly": 0.39,
            "eps_latest_yearly": 0.44,
            "eps_growth_yearly": 68.46
        },
        "20154": {
            "year_quarter": 20154,
            "year": 2015,
            "quarter": 4,
            "eps": 0.03,
            "eps_growth_year": -78.61,
            "eps_4q": 0.32,
            "eps_4q_growth_year": -24.95,
            "roe": 0.13,
            "roe_4q": 2.0599999999999996,
            "gross_profit": 250630,
            "gross_margin": 19.46,
            "gross_margin_4q_avg": 19.97,
            "net_income": 5677,
            "net_income_4q": null,
            "revenue": 1287703,
            "revenue_4q": null,
            "common_shares": 3061535,
            "book_valuer_per_share": 14.55,
            "book_valuer_per_share_4q_avg": 14.88,
            "equity": 4289409,
            "current_ratio": 237.57,
            "debt_ratio": 29.89,
            "inventory_turnover_ratio": 1.2,
            "account_receivable_turnover_ratio": 1.66,
            "reinvestment_rate": 18.99,
            "research_to_sale_ratio": 3.1,
            "price_fair": 13.58,
            "eps_avg_yearly": 0.39,
            "eps_latest_yearly": 0.12,
            "eps_growth_yearly": 63.37
        },
        "20161": {
            "year_quarter": 20161,
            "year": 2016,
            "quarter": 1,
            "eps": -0.1,
            "eps_growth_year": -242.86,
            "eps_4q": 0.16,
            "eps_4q_growth_year": -60.08,
            "roe": -0.72,
            "roe_4q": 0.87,
            "gross_profit": 188500,
            "gross_margin": 21.36,
            "gross_margin_4q_avg": 20.1,
            "net_income": -30620,
            "net_income_4q": null,
            "revenue": 882473,
            "revenue_4q": null,
            "common_shares": 3011535,
            "book_valuer_per_share": 14.66,
            "book_valuer_per_share_4q_avg": 14.74,
            "equity": 4176873,
            "current_ratio": 261.94,
            "debt_ratio": 28.04,
            "inventory_turnover_ratio": 0.91,
            "account_receivable_turnover_ratio": 1.64,
            "reinvestment_rate": 55.98,
            "research_to_sale_ratio": 2.66,
            "price_fair": 1.15,
            "eps_avg_yearly": 0.38,
            "eps_latest_yearly": 0.12,
            "eps_growth_yearly": -7.37
        },
        "20162": {
            "year_quarter": 20162,
            "year": 2016,
            "quarter": 2,
            "eps": -0.06,
            "eps_growth_year": -154.55,
            "eps_4q": -0.01,
            "eps_4q_growth_year": -102.43,
            "roe": -0.47,
            "roe_4q": -0.3700000000000001,
            "gross_profit": 196321,
            "gross_margin": 20.55,
            "gross_margin_4q_avg": 20.24,
            "net_income": -19389,
            "net_income_4q": null,
            "revenue": 955432,
            "revenue_4q": null,
            "common_shares": 2915985,
            "book_valuer_per_share": 14.53,
            "book_valuer_per_share_4q_avg": 14.7,
            "equity": 4020389,
            "current_ratio": 238.7,
            "debt_ratio": 29.53,
            "inventory_turnover_ratio": 1.17,
            "account_receivable_turnover_ratio": 2.15,
            "reinvestment_rate": 65.63,
            "research_to_sale_ratio": 1.91,
            "price_fair": 7.86,
            "eps_avg_yearly": 0.4,
            "eps_latest_yearly": 0.12,
            "eps_growth_yearly": 9.89
        },
        "20163": {
            "year_quarter": 20163,
            "year": 2016,
            "quarter": 3,
            "eps": -0.18,
            "eps_growth_year": -263.64,
            "eps_4q": -0.31,
            "eps_4q_growth_year": -173.06,
            "roe": -1.28,
            "roe_4q": -2.34,
            "gross_profit": 167054,
            "gross_margin": 19.22,
            "gross_margin_4q_avg": 20.15,
            "net_income": -51012,
            "net_income_4q": null,
            "revenue": 869378,
            "revenue_4q": null,
            "common_shares": 2870985,
            "book_valuer_per_share": 14.4,
            "book_valuer_per_share_4q_avg": 14.54,
            "equity": 3923243,
            "current_ratio": 220.87,
            "debt_ratio": 31.75,
            "inventory_turnover_ratio": 1.36,
            "account_receivable_turnover_ratio": 1.94,
            "reinvestment_rate": -116.24,
            "research_to_sale_ratio": 1.66,
            "price_fair": 1.11,
            "eps_avg_yearly": 0.37,
            "eps_latest_yearly": 0.12,
            "eps_growth_yearly": -45.84
        },
        "20164": {
            "year_quarter": 20164,
            "year": 2016,
            "quarter": 4,
            "eps": -0.8,
            "eps_growth_year": -2977.99,
            "eps_4q": -1.14,
            "eps_4q_growth_year": -452.9,
            "roe": -5.61,
            "roe_4q": -8.08,
            "gross_profit": 138266,
            "gross_margin": 14.67,
            "gross_margin_4q_avg": 18.95,
            "net_income": -213092,
            "net_income_4q": null,
            "revenue": 942824,
            "revenue_4q": null,
            "common_shares": 2820985,
            "book_valuer_per_share": 13.76,
            "book_valuer_per_share_4q_avg": 14.34,
            "equity": 3668595,
            "current_ratio": 193.95,
            "debt_ratio": 34.25,
            "inventory_turnover_ratio": 1.81,
            "account_receivable_turnover_ratio": 2.39,
            "reinvestment_rate": null,
            "research_to_sale_ratio": 1.71,
            "price_fair": 1.11,
            "eps_avg_yearly": 0.37,
            "eps_latest_yearly": 0.12,
            "eps_growth_yearly": -45.84
        },
        "20171": {
            "year_quarter": 20171,
            "year": 2017,
            "quarter": 1,
            "eps": -0.1,
            "eps_growth_year": null,
            "eps_4q": -1.15,
            "eps_4q_growth_year": -815.13,
            "roe": -0.73,
            "roe_4q": -8.09,
            "gross_profit": 107791,
            "gross_margin": 16.95,
            "gross_margin_4q_avg": 17.85,
            "net_income": -26665,
            "net_income_4q": null,
            "revenue": 635817,
            "revenue_4q": null,
            "common_shares": 2770385,
            "book_valuer_per_share": 13.59,
            "book_valuer_per_share_4q_avg": 14.07,
            "equity": 3596446,
            "current_ratio": 206.73,
            "debt_ratio": 31.05,
            "inventory_turnover_ratio": 1.57,
            "account_receivable_turnover_ratio": 1.88,
            "reinvestment_rate": null,
            "research_to_sale_ratio": 0.87,
            "price_fair": 1.11,
            "eps_avg_yearly": 0.37,
            "eps_latest_yearly": 0.12,
            "eps_growth_yearly": -45.84
        },
        "20172": {
            "year_quarter": 20172,
            "year": 2017,
            "quarter": 2,
            "eps": 0.04,
            "eps_growth_year": null,
            "eps_4q": -1.09,
            "eps_4q_growth_year": null,
            "roe": 0.24,
            "roe_4q": -7.380000000000001,
            "gross_profit": 138614,
            "gross_margin": 22.86,
            "gross_margin_4q_avg": 18.43,
            "net_income": 8398,
            "net_income_4q": null,
            "revenue": 606340,
            "revenue_4q": null,
            "common_shares": 2770385,
            "book_valuer_per_share": 13.77,
            "book_valuer_per_share_4q_avg": 13.88,
            "equity": 3515112,
            "current_ratio": 191.36,
            "debt_ratio": 32.46,
            "inventory_turnover_ratio": 1.89,
            "account_receivable_turnover_ratio": 1.88,
            "reinvestment_rate": null,
            "research_to_sale_ratio": 0.93,
            "price_fair": 0.98,
            "eps_avg_yearly": 0.33,
            "eps_latest_yearly": 0.12,
            "eps_growth_yearly": -120.14
        },
        "20173": {
            "year_quarter": 20173,
            "year": 2017,
            "quarter": 3,
            "eps": 0.22,
            "eps_growth_year": null,
            "eps_4q": -0.69,
            "eps_4q_growth_year": null,
            "roe": 1.51,
            "roe_4q": -4.59,
            "gross_profit": 151589,
            "gross_margin": 24.61,
            "gross_margin_4q_avg": 19.77,
            "net_income": 53154,
            "net_income_4q": null,
            "revenue": 615896,
            "revenue_4q": null,
            "common_shares": 2585385,
            "book_valuer_per_share": 14.08,
            "book_valuer_per_share_4q_avg": 13.8,
            "equity": 3522580,
            "current_ratio": 217.36,
            "debt_ratio": 32.31,
            "inventory_turnover_ratio": 1.95,
            "account_receivable_turnover_ratio": 1.86,
            "reinvestment_rate": null,
            "research_to_sale_ratio": 0.84,
            "price_fair": 15.63,
            "eps_avg_yearly": 0.45,
            "eps_latest_yearly": 0.88,
            "eps_growth_yearly": 229.86
        },
        "20174": {
            "year_quarter": 20174,
            "year": 2017,
            "quarter": 4,
            "eps": 0.04,
            "eps_growth_year": null,
            "eps_4q": 0.2,
            "eps_4q_growth_year": null,
            "roe": 0.21,
            "roe_4q": 1.23,
            "gross_profit": 103306,
            "gross_margin": 21.85,
            "gross_margin_4q_avg": 21.57,
            "net_income": 7346,
            "net_income_4q": null,
            "revenue": 472870,
            "revenue_4q": null,
            "common_shares": 2435385,
            "book_valuer_per_share": 14.03,
            "book_valuer_per_share_4q_avg": 13.87,
            "equity": 3460498,
            "current_ratio": 198.03,
            "debt_ratio": 32.73,
            "inventory_turnover_ratio": 1.42,
            "account_receivable_turnover_ratio": 1.78,
            "reinvestment_rate": null,
            "research_to_sale_ratio": 0.93,
            "price_fair": 14.2,
            "eps_avg_yearly": 0.41,
            "eps_latest_yearly": 0.16,
            "eps_growth_yearly": 150.27
        },
        "20181": {
            "year_quarter": 20181,
            "year": 2018,
            "quarter": 1,
            "eps": 0.28,
            "eps_growth_year": null,
            "eps_4q": 0.59,
            "eps_4q_growth_year": null,
            "roe": 1.94,
            "roe_4q": 3.9000000000000004,
            "gross_profit": 84791,
            "gross_margin": 19.71,
            "gross_margin_4q_avg": 22.26,
            "net_income": 67575,
            "net_income_4q": null,
            "revenue": 430176,
            "revenue_4q": null,
            "common_shares": 2435385,
            "book_valuer_per_share": 14.52,
            "book_valuer_per_share_4q_avg": 14.1,
            "equity": 3503365,
            "current_ratio": 214.77,
            "debt_ratio": 30.3,
            "inventory_turnover_ratio": 1.32,
            "account_receivable_turnover_ratio": 2.63,
            "reinvestment_rate": -18736.25,
            "research_to_sale_ratio": 1.07,
            "price_fair": 17.33,
            "eps_avg_yearly": 0.5,
            "eps_latest_yearly": 1.12,
            "eps_growth_yearly": 431.48
        },
        "20182": {
            "year_quarter": 20182,
            "year": 2018,
            "quarter": 2,
            "eps": 0.09,
            "eps_growth_year": 125,
            "eps_4q": 0.65,
            "eps_4q_growth_year": null,
            "roe": 0.62,
            "roe_4q": 4.28,
            "gross_profit": 112453,
            "gross_margin": 21.27,
            "gross_margin_4q_avg": 21.86,
            "net_income": 21547,
            "net_income_4q": null,
            "revenue": 528707,
            "revenue_4q": null,
            "common_shares": 2435385,
            "book_valuer_per_share": 14.5,
            "book_valuer_per_share_4q_avg": 14.28,
            "equity": 3434215,
            "current_ratio": 219.46,
            "debt_ratio": 29.05,
            "inventory_turnover_ratio": 1.85,
            "account_receivable_turnover_ratio": 3.26,
            "reinvestment_rate": -3277.2,
            "research_to_sale_ratio": 0.38,
            "price_fair": 16.8,
            "eps_avg_yearly": 0.48,
            "eps_latest_yearly": 0.36,
            "eps_growth_yearly": 353.38
        },
        "20183": {
            "year_quarter": 20183,
            "year": 2018,
            "quarter": 3,
            "eps": 0.07,
            "eps_growth_year": -68.18,
            "eps_4q": 0.49,
            "eps_4q_growth_year": null,
            "roe": 0.49,
            "roe_4q": 3.26,
            "gross_profit": 122903,
            "gross_margin": 23.58,
            "gross_margin_4q_avg": 21.6,
            "net_income": 16848,
            "net_income_4q": null,
            "revenue": 521295,
            "revenue_4q": null,
            "common_shares": 2375385,
            "book_valuer_per_share": 14.5,
            "book_valuer_per_share_4q_avg": 14.39,
            "equity": 3433928,
            "current_ratio": 175.1,
            "debt_ratio": 31.46,
            "inventory_turnover_ratio": 2.13,
            "account_receivable_turnover_ratio": 2.3,
            "reinvestment_rate": null,
            "research_to_sale_ratio": 0.32,
            "price_fair": 16.1,
            "eps_avg_yearly": 0.46,
            "eps_latest_yearly": 0.28,
            "eps_growth_yearly": 309.15
        },
        "20184": {
            "year_quarter": 20184,
            "year": 2018,
            "quarter": 4,
            "eps": -0.04,
            "eps_growth_year": -207.41,
            "eps_4q": 0.41,
            "eps_4q_growth_year": 104.03,
            "roe": -0.33,
            "roe_4q": 2.7199999999999998,
            "gross_profit": 128146,
            "gross_margin": 23.75,
            "gross_margin_4q_avg": 22.08,
            "net_income": -10851,
            "net_income_4q": null,
            "revenue": 539602,
            "revenue_4q": null,
            "common_shares": 2345385,
            "book_valuer_per_share": 13.37,
            "book_valuer_per_share_4q_avg": 14.22,
            "equity": 3168811,
            "current_ratio": 180.63,
            "debt_ratio": 32.07,
            "inventory_turnover_ratio": 2.24,
            "account_receivable_turnover_ratio": 2.38,
            "reinvestment_rate": null,
            "research_to_sale_ratio": 0.3,
            "price_fair": 15.87,
            "eps_avg_yearly": 0.45,
            "eps_latest_yearly": 0.28,
            "eps_growth_yearly": 362.83
        },
        "20191": {
            "year_quarter": 20191,
            "year": 2019,
            "quarter": 1,
            "eps": 0.03,
            "eps_growth_year": -89.29,
            "eps_4q": 0.15,
            "eps_4q_growth_year": -74.33,
            "roe": 0.24,
            "roe_4q": 1.02,
            "gross_profit": 99208,
            "gross_margin": 28.23,
            "gross_margin_4q_avg": 24.21,
            "net_income": 7395,
            "net_income_4q": null,
            "revenue": 351485,
            "revenue_4q": null,
            "common_shares": 2345385,
            "book_valuer_per_share": 12.91,
            "book_valuer_per_share_4q_avg": 13.82,
            "equity": 3059711,
            "current_ratio": 178.46,
            "debt_ratio": 33.21,
            "inventory_turnover_ratio": 1.49,
            "account_receivable_turnover_ratio": 2.09,
            "reinvestment_rate": null,
            "research_to_sale_ratio": 0.33,
            "price_fair": 16.63,
            "eps_avg_yearly": 0.48,
            "eps_latest_yearly": 0.28,
            "eps_growth_yearly": 431.26
        },
        "20192": {
            "year_quarter": 20192,
            "year": 2019,
            "quarter": 2,
            "eps": 0.05,
            "eps_growth_year": -44.44,
            "eps_4q": 0.11,
            "eps_4q_growth_year": -83.24,
            "roe": 0.41,
            "roe_4q": 0.8099999999999998,
            "gross_profit": 110524,
            "gross_margin": 29.84,
            "gross_margin_4q_avg": 26.35,
            "net_income": 12407,
            "net_income_4q": null,
            "revenue": 370416,
            "revenue_4q": null,
            "common_shares": 2345385,
            "book_valuer_per_share": 12.76,
            "book_valuer_per_share_4q_avg": 13.39,
            "equity": 3025334,
            "current_ratio": 183.9,
            "debt_ratio": 34.54,
            "inventory_turnover_ratio": 1.53,
            "account_receivable_turnover_ratio": 2.93,
            "reinvestment_rate": null,
            "research_to_sale_ratio": 0.36,
            "price_fair": 15.58,
            "eps_avg_yearly": 0.45,
            "eps_latest_yearly": 0.2,
            "eps_growth_yearly": 436.02
        },
        "20193": {
            "year_quarter": 20193,
            "year": 2019,
            "quarter": 3,
            "eps": 0.05,
            "eps_growth_year": -28.57,
            "eps_4q": 0.08,
            "eps_4q_growth_year": -82.86,
            "roe": 0.42,
            "roe_4q": 0.7399999999999998,
            "gross_profit": 124428,
            "gross_margin": 27.53,
            "gross_margin_4q_avg": 27.34,
            "net_income": 12631,
            "net_income_4q": null,
            "revenue": 451959,
            "revenue_4q": null,
            "common_shares": 2345385,
            "book_valuer_per_share": 12.56,
            "book_valuer_per_share_4q_avg": 12.9,
            "equity": 2978238,
            "current_ratio": 171.36,
            "debt_ratio": 33.06,
            "inventory_turnover_ratio": 1.83,
            "account_receivable_turnover_ratio": 2.93,
            "reinvestment_rate": null,
            "research_to_sale_ratio": 0.36,
            "price_fair": 14.53,
            "eps_avg_yearly": 0.42,
            "eps_latest_yearly": 0.2,
            "eps_growth_yearly": 436.02
        },
        "20194": {
            "year_quarter": 20194,
            "year": 2019,
            "quarter": 4,
            "eps": 0.52,
            "eps_growth_year": null,
            "eps_4q": 0.65,
            "eps_4q_growth_year": 59.19,
            "roe": 3.92,
            "roe_4q": 4.99,
            "gross_profit": 120932,
            "gross_margin": 28.02,
            "gross_margin_4q_avg": 28.41,
            "net_income": 122231,
            "net_income_4q": null,
            "revenue": 431619,
            "revenue_4q": null,
            "common_shares": 2345385,
            "book_valuer_per_share": 13.77,
            "book_valuer_per_share_4q_avg": 13,
            "equity": 3264689,
            "current_ratio": 577.06,
            "debt_ratio": 14.71,
            "inventory_turnover_ratio": 1.55,
            "account_receivable_turnover_ratio": 2.98,
            "reinvestment_rate": null,
            "research_to_sale_ratio": 0.04,
            "price_fair": 23.1,
            "eps_avg_yearly": 0.66,
            "eps_latest_yearly": 2.08,
            "eps_growth_yearly": 942.38
        },
        "20201": {
            "year_quarter": 20201,
            "year": 2020,
            "quarter": 1,
            "eps": 0.07,
            "eps_growth_year": 133.33,
            "eps_4q": 0.69,
            "eps_4q_growth_year": 358.73,
            "roe": 0.53,
            "roe_4q": 5.28,
            "gross_profit": 103778,
            "gross_margin": 30.97,
            "gross_margin_4q_avg": 29.09,
            "net_income": 16912,
            "net_income_4q": null,
            "revenue": 335058,
            "revenue_4q": null,
            "common_shares": 2345385,
            "book_valuer_per_share": 13.14,
            "book_valuer_per_share_4q_avg": 13.06,
            "equity": 3076691,
            "current_ratio": 717.38,
            "debt_ratio": 16.57,
            "inventory_turnover_ratio": 1.18,
            "account_receivable_turnover_ratio": 3.63,
            "reinvestment_rate": -1771.57,
            "research_to_sale_ratio": 0.24,
            "price_fair": 21.62,
            "eps_avg_yearly": 0.62,
            "eps_latest_yearly": 0.28,
            "eps_growth_yearly": 799.21
        },
        "20202": {
            "year_quarter": 20202,
            "year": 2020,
            "quarter": 2,
            "eps": 0.09,
            "eps_growth_year": 80,
            "eps_4q": 0.75,
            "eps_4q_growth_year": 590.57,
            "roe": 0.7,
            "roe_4q": 5.57,
            "gross_profit": 109472,
            "gross_margin": 34.12,
            "gross_margin_4q_avg": 30.16,
            "net_income": 21221,
            "net_income_4q": null,
            "revenue": 320868,
            "revenue_4q": null,
            "common_shares": 2345385,
            "book_valuer_per_share": 13.11,
            "book_valuer_per_share_4q_avg": 13.15,
            "equity": 2997509,
            "current_ratio": 520.61,
            "debt_ratio": 18.98,
            "inventory_turnover_ratio": 1.26,
            "account_receivable_turnover_ratio": 3.66,
            "reinvestment_rate": -916.34,
            "research_to_sale_ratio": 0.25,
            "price_fair": 20.72,
            "eps_avg_yearly": 0.59,
            "eps_latest_yearly": 0.36,
            "eps_growth_yearly": 730.72
        },
        "20203": {
            "year_quarter": 20203,
            "year": 2020,
            "quarter": 3,
            "eps": 0.33,
            "eps_growth_year": 560,
            "eps_4q": 1.04,
            "eps_4q_growth_year": 1131.04,
            "roe": 2.46,
            "roe_4q": 7.61,
            "gross_profit": 172986,
            "gross_margin": 32.9,
            "gross_margin_4q_avg": 31.5,
            "net_income": 74510,
            "net_income_4q": null,
            "revenue": 525725,
            "revenue_4q": null,
            "common_shares": 2345385,
            "book_valuer_per_share": 13.47,
            "book_valuer_per_share_4q_avg": 13.37,
            "equity": 3057591,
            "current_ratio": 477.76,
            "debt_ratio": 19.69,
            "inventory_turnover_ratio": 1.86,
            "account_receivable_turnover_ratio": 3.82,
            "reinvestment_rate": -204.95,
            "research_to_sale_ratio": 0.05,
            "price_fair": 23.04,
            "eps_avg_yearly": 0.66,
            "eps_latest_yearly": 1.32,
            "eps_growth_yearly": 761.26
        },
        "20204": {
            "year_quarter": 20204,
            "year": 2020,
            "quarter": 4,
            "eps": 0.15,
            "eps_growth_year": -70.32,
            "eps_4q": 0.65,
            "eps_4q_growth_year": 0.84,
            "roe": 1.13,
            "roe_4q": 4.82,
            "gross_profit": 129335,
            "gross_margin": 27.42,
            "gross_margin_4q_avg": 31.35,
            "net_income": 34262,
            "net_income_4q": null,
            "revenue": 471618,
            "revenue_4q": null,
            "common_shares": 2245285,
            "book_valuer_per_share": 13.22,
            "book_valuer_per_share_4q_avg": 13.24,
            "equity": 3002175,
            "current_ratio": 524.47,
            "debt_ratio": 18.81,
            "inventory_turnover_ratio": 1.44,
            "account_receivable_turnover_ratio": 3.01,
            "reinvestment_rate": -82.48,
            "research_to_sale_ratio": 0.06,
            "price_fair": 22.87,
            "eps_avg_yearly": 0.65,
            "eps_latest_yearly": 0.6,
            "eps_growth_yearly": 679.64
        },
        "20211": {
            "year_quarter": 20211,
            "year": 2021,
            "quarter": 1,
            "eps": 0.22,
            "eps_growth_year": 214.29,
            "eps_4q": 0.8,
            "eps_4q_growth_year": 15.35,
            "roe": 1.67,
            "roe_4q": 5.96,
            "gross_profit": 122833,
            "gross_margin": 28.45,
            "gross_margin_4q_avg": 30.72,
            "net_income": 50516,
            "net_income_4q": null,
            "revenue": 431782,
            "revenue_4q": null,
            "common_shares": 2245285,
            "book_valuer_per_share": 13.46,
            "book_valuer_per_share_4q_avg": 13.32,
            "equity": 3056221,
            "current_ratio": 639.58,
            "debt_ratio": 19.17,
            "inventory_turnover_ratio": 1.14,
            "account_receivable_turnover_ratio": 3.73,
            "reinvestment_rate": -74.92,
            "research_to_sale_ratio": 0.06,
            "price_fair": 23.48,
            "eps_avg_yearly": 0.67,
            "eps_latest_yearly": 0.88,
            "eps_growth_yearly": 641.72
        },
        "20212": {
            "year_quarter": 20212,
            "year": 2021,
            "quarter": 2,
            "eps": -0.17,
            "eps_growth_year": -288.89,
            "eps_4q": 0.54,
            "eps_4q_growth_year": -27.7,
            "roe": -1.28,
            "roe_4q": 3.9799999999999995,
            "gross_profit": 20024,
            "gross_margin": 8.47,
            "gross_margin_4q_avg": 24.31,
            "net_income": -38675,
            "net_income_4q": null,
            "revenue": 236360,
            "revenue_4q": null,
            "common_shares": 2245285,
            "book_valuer_per_share": 13.21,
            "book_valuer_per_share_4q_avg": 13.34,
            "equity": 2968054,
            "current_ratio": 697.21,
            "debt_ratio": 18.26,
            "inventory_turnover_ratio": 0.7,
            "account_receivable_turnover_ratio": 2.83,
            "reinvestment_rate": -102.71,
            "research_to_sale_ratio": 0.11,
            "price_fair": 23.48,
            "eps_avg_yearly": 0.67,
            "eps_latest_yearly": 0.88,
            "eps_growth_yearly": 641.72
        },
        "20213": {
            "year_quarter": 20213,
            "year": 2021,
            "quarter": 3,
            "eps": 0.11,
            "eps_growth_year": -66.67,
            "eps_4q": 0.32,
            "eps_4q_growth_year": -68.76,
            "roe": 0.86,
            "roe_4q": 2.38,
            "gross_profit": 104292,
            "gross_margin": 30.94,
            "gross_margin_4q_avg": 23.82,
            "net_income": 25249,
            "net_income_4q": null,
            "revenue": 337042,
            "revenue_4q": null,
            "common_shares": 2245285,
            "book_valuer_per_share": 13,
            "book_valuer_per_share_4q_avg": 13.22,
            "equity": 2911830,
            "current_ratio": 668.39,
            "debt_ratio": 18.34,
            "inventory_turnover_ratio": 0.62,
            "account_receivable_turnover_ratio": 3.62,
            "reinvestment_rate": -81.08,
            "research_to_sale_ratio": 0.08,
            "price_fair": 22.87,
            "eps_avg_yearly": 0.65,
            "eps_latest_yearly": 0.88,
            "eps_growth_yearly": 545.2
        },
        "20214": {
            "year_quarter": 20214,
            "year": 2021,
            "quarter": 4,
            "eps": 0.06,
            "eps_growth_year": -61.36,
            "eps_4q": 0.23,
            "eps_4q_growth_year": -64.99,
            "roe": 0.46,
            "roe_4q": 1.71,
            "gross_profit": 94967,
            "gross_margin": 26.33,
            "gross_margin_4q_avg": 23.55,
            "net_income": 13487,
            "net_income_4q": null,
            "revenue": 360729,
            "revenue_4q": null,
            "common_shares": 2215285,
            "book_valuer_per_share": 13.16,
            "book_valuer_per_share_4q_avg": 13.21,
            "equity": 2946745,
            "current_ratio": 698.53,
            "debt_ratio": 17.75,
            "inventory_turnover_ratio": 0.7,
            "account_receivable_turnover_ratio": 3.04,
            "reinvestment_rate": -75.56,
            "research_to_sale_ratio": 0.08,
            "price_fair": 23.1,
            "eps_avg_yearly": 0.66,
            "eps_latest_yearly": 0.24,
            "eps_growth_yearly": 557.32
        },
        "20221": {
            "year_quarter": 20221,
            "year": 2022,
            "quarter": 1,
            "eps": 0.04,
            "eps_growth_year": -81.82,
            "eps_4q": 0.04,
            "eps_4q_growth_year": -95.59,
            "roe": 0.26,
            "roe_4q": 0.30000000000000004,
            "gross_profit": 76232,
            "gross_margin": 26.96,
            "gross_margin_4q_avg": 23.18,
            "net_income": 7567,
            "net_income_4q": null,
            "revenue": 282811,
            "revenue_4q": null,
            "common_shares": 2215285,
            "book_valuer_per_share": 13.21,
            "book_valuer_per_share_4q_avg": 13.15,
            "equity": 2959967,
            "current_ratio": 799.54,
            "debt_ratio": 15.8,
            "inventory_turnover_ratio": 0.65,
            "account_receivable_turnover_ratio": 2.64,
            "reinvestment_rate": 89.3,
            "research_to_sale_ratio": 0.31,
            "price_fair": 20.3,
            "eps_avg_yearly": 0.58,
            "eps_latest_yearly": 0.16,
            "eps_growth_yearly": 346.21
        },
        "20222": {
            "year_quarter": 20222,
            "year": 2022,
            "quarter": 2,
            "eps": 0.08,
            "eps_growth_year": null,
            "eps_4q": 0.29,
            "eps_4q_growth_year": -47.21,
            "roe": 0.58,
            "roe_4q": 2.16,
            "gross_profit": 93136,
            "gross_margin": 35.41,
            "gross_margin_4q_avg": 29.91,
            "net_income": 17125,
            "net_income_4q": null,
            "revenue": 262992,
            "revenue_4q": null,
            "common_shares": 2215285,
            "book_valuer_per_share": 13.22,
            "book_valuer_per_share_4q_avg": 13.15,
            "equity": 2960807,
            "current_ratio": 705.34,
            "debt_ratio": 16.21,
            "inventory_turnover_ratio": 0.6,
            "account_receivable_turnover_ratio": 3.03,
            "reinvestment_rate": 90.87,
            "research_to_sale_ratio": 0.1,
            "price_fair": 20.18,
            "eps_avg_yearly": 0.58,
            "eps_latest_yearly": 0.32,
            "eps_growth_yearly": 402.16
        },
        "20223": {
            "year_quarter": 20223,
            "year": 2022,
            "quarter": 3,
            "eps": 0.17,
            "eps_growth_year": 54.55,
            "eps_4q": 0.35,
            "eps_4q_growth_year": 6.92,
            "roe": 1.31,
            "roe_4q": 2.6100000000000003,
            "gross_profit": 75372,
            "gross_margin": 24.53,
            "gross_margin_4q_avg": 28.31,
            "net_income": 38670,
            "net_income_4q": null,
            "revenue": 307283,
            "revenue_4q": null,
            "common_shares": 2215285,
            "book_valuer_per_share": 13.15,
            "book_valuer_per_share_4q_avg": 13.19,
            "equity": 2944545,
            "current_ratio": 892.45,
            "debt_ratio": 15.56,
            "inventory_turnover_ratio": 0.9,
            "account_receivable_turnover_ratio": 5.15,
            "reinvestment_rate": 73.5,
            "research_to_sale_ratio": 0.33,
            "price_fair": 21.35,
            "eps_avg_yearly": 0.61,
            "eps_latest_yearly": 0.68,
            "eps_growth_yearly": 447.07
        },
        "20224": {
            "year_quarter": 20224,
            "year": 2022,
            "quarter": 4,
            "eps": -0.04,
            "eps_growth_year": -170.49,
            "eps_4q": 0.25,
            "eps_4q_growth_year": 7.71,
            "roe": -0.32,
            "roe_4q": 1.8299999999999998,
            "gross_profit": 43954,
            "gross_margin": 26.23,
            "gross_margin_4q_avg": 28.28,
            "net_income": -9566,
            "net_income_4q": null,
            "revenue": 167589,
            "revenue_4q": null,
            "common_shares": 2215285,
            "book_valuer_per_share": 13.27,
            "book_valuer_per_share_4q_avg": 13.21,
            "equity": 2972116,
            "current_ratio": 851.64,
            "debt_ratio": 14.8,
            "inventory_turnover_ratio": 0.52,
            "account_receivable_turnover_ratio": 3.11,
            "reinvestment_rate": 88.84,
            "research_to_sale_ratio": -0.03,
            "price_fair": 21.35,
            "eps_avg_yearly": 0.61,
            "eps_latest_yearly": 0.68,
            "eps_growth_yearly": 447.07
        },
        "20231": {
            "year_quarter": 20231,
            "year": 2023,
            "quarter": 1,
            "eps": 0.08,
            "eps_growth_year": 100,
            "eps_4q": 0.29,
            "eps_4q_growth_year": 731.96,
            "roe": 0.61,
            "roe_4q": 2.18,
            "gross_profit": 69908,
            "gross_margin": 39.91,
            "gross_margin_4q_avg": 31.52,
            "net_income": 18169,
            "net_income_4q": null,
            "revenue": 175149,
            "revenue_4q": null,
            "common_shares": 2215285,
            "book_valuer_per_share": 13.33,
            "book_valuer_per_share_4q_avg": 13.24,
            "equity": 2984190,
            "current_ratio": 1111.42,
            "debt_ratio": 13.58,
            "inventory_turnover_ratio": 0.49,
            "account_receivable_turnover_ratio": 2.71,
            "reinvestment_rate": 18.69,
            "research_to_sale_ratio": 0.74,
            "price_fair": 21.35,
            "eps_avg_yearly": 0.61,
            "eps_latest_yearly": 0.68,
            "eps_growth_yearly": 447.07
        },
        "20232": {
            "year_quarter": 20232,
            "year": 2023,
            "quarter": 2,
            "eps": 0.13,
            "eps_growth_year": 62.5,
            "eps_4q": 0.34,
            "eps_4q_growth_year": 19.01,
            "roe": 0.92,
            "roe_4q": 2.52,
            "gross_profit": 61223,
            "gross_margin": 35.05,
            "gross_margin_4q_avg": 31.43,
            "net_income": 27575,
            "net_income_4q": null,
            "revenue": 174667,
            "revenue_4q": null,
            "common_shares": 2215285,
            "book_valuer_per_share": 13.38,
            "book_valuer_per_share_4q_avg": 13.28,
            "equity": 2994298,
            "current_ratio": 686.64,
            "debt_ratio": 16.88,
            "inventory_turnover_ratio": 0.6,
            "account_receivable_turnover_ratio": 2.84,
            "reinvestment_rate": 24.13,
            "research_to_sale_ratio": 1.02,
            "price_fair": 22.28,
            "eps_avg_yearly": 0.64,
            "eps_latest_yearly": 0.52,
            "eps_growth_yearly": 445.68
        },
        "20233": {
            "year_quarter": 20233,
            "year": 2023,
            "quarter": 3,
            "eps": 0.14,
            "eps_growth_year": -17.65,
            "eps_4q": 0.31,
            "eps_4q_growth_year": -11.48,
            "roe": 1.03,
            "roe_4q": 2.24,
            "gross_profit": 92204,
            "gross_margin": 41.42,
            "gross_margin_4q_avg": 35.65,
            "net_income": 30978,
            "net_income_4q": null,
            "revenue": 222622,
            "revenue_4q": null,
            "common_shares": 2215285,
            "book_valuer_per_share": 13.58,
            "book_valuer_per_share_4q_avg": 13.39,
            "equity": 3039289,
            "current_ratio": 614.26,
            "debt_ratio": 15.71,
            "inventory_turnover_ratio": 0.72,
            "account_receivable_turnover_ratio": 3.47,
            "reinvestment_rate": 18.61,
            "research_to_sale_ratio": 0.81,
            "price_fair": 23.33,
            "eps_avg_yearly": 0.67,
            "eps_latest_yearly": 0.56,
            "eps_growth_yearly": 448.24
        }
    },
    "months": {
        "2001-06": {
            "month": "2001-06",
            "price": "30.04",
            "revenue": 380430
        },
        "2001-07": {
            "month": "2001-07",
            "price": "22.20",
            "revenue": 359996
        },
        "2001-08": {
            "month": "2001-08",
            "price": "20.52",
            "revenue": 427100
        },
        "2001-09": {
            "month": "2001-09",
            "price": "16.78",
            "revenue": 535320
        },
        "2001-10": {
            "month": "2001-10",
            "price": "15.90",
            "revenue": 525804
        },
        "2001-11": {
            "month": "2001-11",
            "price": "18.63",
            "revenue": 532363
        },
        "2001-12": {
            "month": "2001-12",
            "price": "28.34",
            "revenue": 484350
        },
        "2002-01": {
            "month": "2002-01",
            "price": "37.05",
            "revenue": 529590
        },
        "2002-02": {
            "month": "2002-02",
            "price": "46.28",
            "revenue": 551432
        },
        "2002-03": {
            "month": "2002-03",
            "price": "51.34",
            "revenue": 620655
        },
        "2002-04": {
            "month": "2002-04",
            "price": "48.41",
            "revenue": 503270
        },
        "2002-05": {
            "month": "2002-05",
            "price": "39.74",
            "revenue": 457948
        },
        "2002-06": {
            "month": "2002-06",
            "price": "40.47",
            "revenue": 418445
        },
        "2002-07": {
            "month": "2002-07",
            "price": "35.88",
            "revenue": 542275
        },
        "2002-08": {
            "month": "2002-08",
            "price": "41.05",
            "revenue": 654853
        },
        "2002-09": {
            "month": "2002-09",
            "price": "41.40",
            "revenue": 745892
        },
        "2002-10": {
            "month": "2002-10",
            "price": "36.56",
            "revenue": 874525
        },
        "2002-11": {
            "month": "2002-11",
            "price": "37.17",
            "revenue": 828281
        },
        "2002-12": {
            "month": "2002-12",
            "price": "34.10",
            "revenue": 677243
        },
        "2003-01": {
            "month": "2003-01",
            "price": "31.84",
            "revenue": 705698
        },
        "2003-02": {
            "month": "2003-02",
            "price": "29.65",
            "revenue": 657978
        },
        "2003-03": {
            "month": "2003-03",
            "price": "27.77",
            "revenue": 602909
        },
        "2003-04": {
            "month": "2003-04",
            "price": "29.09",
            "revenue": 637739
        },
        "2003-05": {
            "month": "2003-05",
            "price": "31.88",
            "revenue": 616727
        },
        "2003-06": {
            "month": "2003-06",
            "price": "35.65",
            "revenue": 669122
        },
        "2003-07": {
            "month": "2003-07",
            "price": "38.00",
            "revenue": 783510
        },
        "2003-08": {
            "month": "2003-08",
            "price": "38.04",
            "revenue": 973796
        },
        "2003-09": {
            "month": "2003-09",
            "price": "37.90",
            "revenue": 1151426
        },
        "2003-10": {
            "month": "2003-10",
            "price": "37.70",
            "revenue": 1122751
        },
        "2003-11": {
            "month": "2003-11",
            "price": "36.14",
            "revenue": 1083837
        },
        "2003-12": {
            "month": "2003-12",
            "price": "34.98",
            "revenue": 738222
        },
        "2004-01": {
            "month": "2004-01",
            "price": "37.17",
            "revenue": 691026
        },
        "2004-02": {
            "month": "2004-02",
            "price": "38.50",
            "revenue": 730907
        },
        "2004-03": {
            "month": "2004-03",
            "price": "37.30",
            "revenue": 800052
        },
        "2004-04": {
            "month": "2004-04",
            "price": "37.22",
            "revenue": 747670
        },
        "2004-05": {
            "month": "2004-05",
            "price": "33.65",
            "revenue": 748646
        },
        "2004-06": {
            "month": "2004-06",
            "price": "33.62",
            "revenue": 782038
        },
        "2004-07": {
            "month": "2004-07",
            "price": "32.48",
            "revenue": 823091
        },
        "2004-08": {
            "month": "2004-08",
            "price": "26.30",
            "revenue": 853135
        },
        "2004-09": {
            "month": "2004-09",
            "price": "24.00",
            "revenue": 1074163
        },
        "2004-10": {
            "month": "2004-10",
            "price": "23.22",
            "revenue": 1055081
        },
        "2004-11": {
            "month": "2004-11",
            "price": "22.02",
            "revenue": 848772
        },
        "2004-12": {
            "month": "2004-12",
            "price": "21.32",
            "revenue": 699799
        },
        "2005-01": {
            "month": "2005-01",
            "price": "22.86",
            "revenue": 713520
        },
        "2005-02": {
            "month": "2005-02",
            "price": "24.85",
            "revenue": 537624
        },
        "2005-03": {
            "month": "2005-03",
            "price": "25.19",
            "revenue": 727453
        },
        "2005-04": {
            "month": "2005-04",
            "price": "22.94",
            "revenue": 755124
        },
        "2005-05": {
            "month": "2005-05",
            "price": "20.85",
            "revenue": 760200
        },
        "2005-06": {
            "month": "2005-06",
            "price": "23.63",
            "revenue": 698112
        },
        "2005-07": {
            "month": "2005-07",
            "price": "25.74",
            "revenue": 617202
        },
        "2005-08": {
            "month": "2005-08",
            "price": "24.20",
            "revenue": 922136
        },
        "2005-09": {
            "month": "2005-09",
            "price": "23.16",
            "revenue": 1191487
        },
        "2005-10": {
            "month": "2005-10",
            "price": "23.38",
            "revenue": 1532635
        },
        "2005-11": {
            "month": "2005-11",
            "price": "24.25",
            "revenue": 1430836
        },
        "2005-12": {
            "month": "2005-12",
            "price": "26.98",
            "revenue": 923392
        },
        "2006-01": {
            "month": "2006-01",
            "price": "26.64",
            "revenue": 990958
        },
        "2006-02": {
            "month": "2006-02",
            "price": "26.44",
            "revenue": 821467
        },
        "2006-03": {
            "month": "2006-03",
            "price": "27.31",
            "revenue": 1029357
        },
        "2006-04": {
            "month": "2006-04",
            "price": "29.62",
            "revenue": 955703
        },
        "2006-05": {
            "month": "2006-05",
            "price": "29.88",
            "revenue": 888418
        },
        "2006-06": {
            "month": "2006-06",
            "price": "27.95",
            "revenue": 892806
        },
        "2006-07": {
            "month": "2006-07",
            "price": "28.38",
            "revenue": 1026854
        },
        "2006-08": {
            "month": "2006-08",
            "price": "26.71",
            "revenue": 1064853
        },
        "2006-09": {
            "month": "2006-09",
            "price": "25.78",
            "revenue": 1314188
        },
        "2006-10": {
            "month": "2006-10",
            "price": "29.60",
            "revenue": 1507638
        },
        "2006-11": {
            "month": "2006-11",
            "price": "33.25",
            "revenue": 1479838
        },
        "2006-12": {
            "month": "2006-12",
            "price": "34.98",
            "revenue": 1048647
        },
        "2007-01": {
            "month": "2007-01",
            "price": "35.38",
            "revenue": 1060846
        },
        "2007-02": {
            "month": "2007-02",
            "price": "37.16",
            "revenue": 914325
        },
        "2007-03": {
            "month": "2007-03",
            "price": "39.34",
            "revenue": 1103984
        },
        "2007-04": {
            "month": "2007-04",
            "price": "43.10",
            "revenue": 1009212
        },
        "2007-05": {
            "month": "2007-05",
            "price": "46.68",
            "revenue": 964779
        },
        "2007-06": {
            "month": "2007-06",
            "price": "49.74",
            "revenue": 949206
        },
        "2007-07": {
            "month": "2007-07",
            "price": "60.33",
            "revenue": 1063362
        },
        "2007-08": {
            "month": "2007-08",
            "price": "59.89",
            "revenue": 1219601
        },
        "2007-09": {
            "month": "2007-09",
            "price": "60.72",
            "revenue": 1515804
        },
        "2007-10": {
            "month": "2007-10",
            "price": "64.90",
            "revenue": 1473291
        },
        "2007-11": {
            "month": "2007-11",
            "price": "58.81",
            "revenue": 1232037
        },
        "2007-12": {
            "month": "2007-12",
            "price": "51.72",
            "revenue": 986435
        },
        "2008-01": {
            "month": "2008-01",
            "price": "40.83",
            "revenue": 1093290
        },
        "2008-02": {
            "month": "2008-02",
            "price": "40.14",
            "revenue": 773671
        },
        "2008-03": {
            "month": "2008-03",
            "price": "39.31",
            "revenue": 1043158
        },
        "2008-04": {
            "month": "2008-04",
            "price": "42.10",
            "revenue": 964301
        },
        "2008-05": {
            "month": "2008-05",
            "price": "45.63",
            "revenue": 1012625
        },
        "2008-06": {
            "month": "2008-06",
            "price": "42.37",
            "revenue": 906399
        },
        "2008-07": {
            "month": "2008-07",
            "price": "36.03",
            "revenue": 1127300
        },
        "2008-08": {
            "month": "2008-08",
            "price": "32.20",
            "revenue": 1293282
        },
        "2008-09": {
            "month": "2008-09",
            "price": "28.47",
            "revenue": 1566368
        },
        "2008-10": {
            "month": "2008-10",
            "price": "22.84",
            "revenue": 1428897
        },
        "2008-11": {
            "month": "2008-11",
            "price": "19.55",
            "revenue": 871729
        },
        "2008-12": {
            "month": "2008-12",
            "price": "16.31",
            "revenue": 500497
        },
        "2009-01": {
            "month": "2009-01",
            "price": "15.75",
            "revenue": 531496
        },
        "2009-02": {
            "month": "2009-02",
            "price": "16.83",
            "revenue": 567508
        },
        "2009-03": {
            "month": "2009-03",
            "price": "19.80",
            "revenue": 722771
        },
        "2009-04": {
            "month": "2009-04",
            "price": "23.73",
            "revenue": 835185
        },
        "2009-05": {
            "month": "2009-05",
            "price": "26.66",
            "revenue": 788141
        },
        "2009-06": {
            "month": "2009-06",
            "price": "26.11",
            "revenue": 745400
        },
        "2009-07": {
            "month": "2009-07",
            "price": "29.81",
            "revenue": 824079
        },
        "2009-08": {
            "month": "2009-08",
            "price": "31.54",
            "revenue": 983505
        },
        "2009-09": {
            "month": "2009-09",
            "price": "33.12",
            "revenue": 1124414
        },
        "2009-10": {
            "month": "2009-10",
            "price": "33.74",
            "revenue": 1120470
        },
        "2009-11": {
            "month": "2009-11",
            "price": "31.06",
            "revenue": 1029308
        },
        "2009-12": {
            "month": "2009-12",
            "price": "31.24",
            "revenue": 903810
        },
        "2010-01": {
            "month": "2010-01",
            "price": "31.46",
            "revenue": 838772
        },
        "2010-02": {
            "month": "2010-02",
            "price": "28.49",
            "revenue": 813737
        },
        "2010-03": {
            "month": "2010-03",
            "price": "29.90",
            "revenue": 1017306
        },
        "2010-04": {
            "month": "2010-04",
            "price": "32.87",
            "revenue": 1003281
        },
        "2010-05": {
            "month": "2010-05",
            "price": "31.92",
            "revenue": 1026042
        },
        "2010-06": {
            "month": "2010-06",
            "price": "31.72",
            "revenue": 908397
        },
        "2010-07": {
            "month": "2010-07",
            "price": "31.75",
            "revenue": 857086
        },
        "2010-08": {
            "month": "2010-08",
            "price": "28.22",
            "revenue": 938028
        },
        "2010-09": {
            "month": "2010-09",
            "price": "28.27",
            "revenue": 1035700
        },
        "2010-10": {
            "month": "2010-10",
            "price": "26.75",
            "revenue": 850160
        },
        "2010-11": {
            "month": "2010-11",
            "price": "24.45",
            "revenue": 992550
        },
        "2010-12": {
            "month": "2010-12",
            "price": "25.39",
            "revenue": 745147
        },
        "2011-01": {
            "month": "2011-01",
            "price": "24.34",
            "revenue": 689428
        },
        "2011-02": {
            "month": "2011-02",
            "price": "22.45",
            "revenue": 572552
        },
        "2011-03": {
            "month": "2011-03",
            "price": "21.76",
            "revenue": 850882
        },
        "2011-04": {
            "month": "2011-04",
            "price": "23.73",
            "revenue": 703941
        },
        "2011-05": {
            "month": "2011-05",
            "price": "20.86",
            "revenue": 708856
        },
        "2011-06": {
            "month": "2011-06",
            "price": "18.15",
            "revenue": 650612
        },
        "2011-07": {
            "month": "2011-07",
            "price": "15.97",
            "revenue": 624378
        },
        "2011-08": {
            "month": "2011-08",
            "price": "13.49",
            "revenue": 655896
        },
        "2011-09": {
            "month": "2011-09",
            "price": "12.48",
            "revenue": 849511
        },
        "2011-10": {
            "month": "2011-10",
            "price": "12.59",
            "revenue": 801755
        },
        "2011-11": {
            "month": "2011-11",
            "price": "12.77",
            "revenue": 710352
        },
        "2011-12": {
            "month": "2011-12",
            "price": "10.83",
            "revenue": 665880
        },
        "2012-01": {
            "month": "2012-01",
            "price": "10.94",
            "revenue": 632789
        },
        "2012-02": {
            "month": "2012-02",
            "price": "12.66",
            "revenue": 531209
        },
        "2012-03": {
            "month": "2012-03",
            "price": "12.93",
            "revenue": 652653
        },
        "2012-04": {
            "month": "2012-04",
            "price": "11.18",
            "revenue": 698290
        },
        "2012-05": {
            "month": "2012-05",
            "price": "10.54",
            "revenue": 782650
        },
        "2012-06": {
            "month": "2012-06",
            "price": "10.12",
            "revenue": 748887
        },
        "2012-07": {
            "month": "2012-07",
            "price": "10.19",
            "revenue": 671209
        },
        "2012-08": {
            "month": "2012-08",
            "price": "10.20",
            "revenue": 729009
        },
        "2012-09": {
            "month": "2012-09",
            "price": "10.82",
            "revenue": 790522
        },
        "2012-10": {
            "month": "2012-10",
            "price": "9.71",
            "revenue": 689170
        },
        "2012-11": {
            "month": "2012-11",
            "price": "8.54",
            "revenue": 704228
        },
        "2012-12": {
            "month": "2012-12",
            "price": "9.29",
            "revenue": 597340
        },
        "2013-01": {
            "month": "2013-01",
            "price": "9.28",
            "revenue": 704428
        },
        "2013-02": {
            "month": "2013-02",
            "price": "8.97",
            "revenue": 479208
        },
        "2013-03": {
            "month": "2013-03",
            "price": "9.05",
            "revenue": 714320
        },
        "2013-04": {
            "month": "2013-04",
            "price": "9.11",
            "revenue": 743040
        },
        "2013-05": {
            "month": "2013-05",
            "price": "10.14",
            "revenue": 824252
        },
        "2013-06": {
            "month": "2013-06",
            "price": "11.20",
            "revenue": 745393
        },
        "2013-07": {
            "month": "2013-07",
            "price": "10.96",
            "revenue": 687674
        },
        "2013-08": {
            "month": "2013-08",
            "price": "10.25",
            "revenue": 724506
        },
        "2013-09": {
            "month": "2013-09",
            "price": "11.68",
            "revenue": 880773
        },
        "2013-10": {
            "month": "2013-10",
            "price": "12.68",
            "revenue": 763153
        },
        "2013-11": {
            "month": "2013-11",
            "price": "11.61",
            "revenue": 835828
        },
        "2013-12": {
            "month": "2013-12",
            "price": "11.80",
            "revenue": 663946
        },
        "2014-01": {
            "month": "2014-01",
            "price": "12.41",
            "revenue": 713277
        },
        "2014-02": {
            "month": "2014-02",
            "price": "14.04",
            "revenue": 494219
        },
        "2014-03": {
            "month": "2014-03",
            "price": "14.82",
            "revenue": 694132
        },
        "2014-04": {
            "month": "2014-04",
            "price": "14.17",
            "revenue": 597524
        },
        "2014-05": {
            "month": "2014-05",
            "price": "13.21",
            "revenue": 677540
        },
        "2014-06": {
            "month": "2014-06",
            "price": "14.41",
            "revenue": 537925
        },
        "2014-07": {
            "month": "2014-07",
            "price": "13.84",
            "revenue": 604331
        },
        "2014-08": {
            "month": "2014-08",
            "price": "12.44",
            "revenue": 641449
        },
        "2014-09": {
            "month": "2014-09",
            "price": "12.01",
            "revenue": 720987
        },
        "2014-10": {
            "month": "2014-10",
            "price": "10.69",
            "revenue": 653930
        },
        "2014-11": {
            "month": "2014-11",
            "price": "10.62",
            "revenue": 646111
        },
        "2014-12": {
            "month": "2014-12",
            "price": "11.54",
            "revenue": 614158
        },
        "2015-01": {
            "month": "2015-01",
            "price": "11.81",
            "revenue": 581871
        },
        "2015-02": {
            "month": "2015-02",
            "price": "11.52",
            "revenue": 454892
        },
        "2015-03": {
            "month": "2015-03",
            "price": "11.38",
            "revenue": 498275
        },
        "2015-04": {
            "month": "2015-04",
            "price": "11.36",
            "revenue": 547768
        },
        "2015-05": {
            "month": "2015-05",
            "price": "10.86",
            "revenue": 471376
        },
        "2015-06": {
            "month": "2015-06",
            "price": "10.23",
            "revenue": 542235
        },
        "2015-07": {
            "month": "2015-07",
            "price": "10.38",
            "revenue": 374791
        },
        "2015-08": {
            "month": "2015-08",
            "price": "9.48",
            "revenue": 517117
        },
        "2015-09": {
            "month": "2015-09",
            "price": "9.36",
            "revenue": 511445
        },
        "2015-10": {
            "month": "2015-10",
            "price": "9.71",
            "revenue": 416791
        },
        "2015-11": {
            "month": "2015-11",
            "price": "9.34",
            "revenue": 403967
        },
        "2015-12": {
            "month": "2015-12",
            "price": "9.04",
            "revenue": 469022
        },
        "2016-01": {
            "month": "2016-01",
            "price": "9.01",
            "revenue": 327575
        },
        "2016-02": {
            "month": "2016-02",
            "price": "9.15",
            "revenue": 206746
        },
        "2016-03": {
            "month": "2016-03",
            "price": "9.80",
            "revenue": 348005
        },
        "2016-04": {
            "month": "2016-04",
            "price": "9.80",
            "revenue": 319712
        },
        "2016-05": {
            "month": "2016-05",
            "price": "8.72",
            "revenue": 311427
        },
        "2016-06": {
            "month": "2016-06",
            "price": "9.35",
            "revenue": 324805
        },
        "2016-07": {
            "month": "2016-07",
            "price": "9.14",
            "revenue": 276517
        },
        "2016-08": {
            "month": "2016-08",
            "price": "9.35",
            "revenue": 259705
        },
        "2016-09": {
            "month": "2016-09",
            "price": "9.21",
            "revenue": 326197
        },
        "2016-10": {
            "month": "2016-10",
            "price": "9.09",
            "revenue": 277510
        },
        "2016-11": {
            "month": "2016-11",
            "price": "8.71",
            "revenue": 282022
        },
        "2016-12": {
            "month": "2016-12",
            "price": "8.93",
            "revenue": 331837
        },
        "2017-01": {
            "month": "2017-01",
            "price": "8.94",
            "revenue": 217877
        },
        "2017-02": {
            "month": "2017-02",
            "price": "9.00",
            "revenue": 139411
        },
        "2017-03": {
            "month": "2017-03",
            "price": "9.06",
            "revenue": 283406
        },
        "2017-04": {
            "month": "2017-04",
            "price": "9.09",
            "revenue": 184278
        },
        "2017-05": {
            "month": "2017-05",
            "price": "9.02",
            "revenue": 200705
        },
        "2017-06": {
            "month": "2017-06",
            "price": "8.99",
            "revenue": 222343
        },
        "2017-07": {
            "month": "2017-07",
            "price": "8.91",
            "revenue": 205061
        },
        "2017-08": {
            "month": "2017-08",
            "price": "9.03",
            "revenue": 190763
        },
        "2017-09": {
            "month": "2017-09",
            "price": "10.06",
            "revenue": 226647
        },
        "2017-10": {
            "month": "2017-10",
            "price": "10.16",
            "revenue": 115625
        },
        "2017-11": {
            "month": "2017-11",
            "price": "10.28",
            "revenue": 172657
        },
        "2017-12": {
            "month": "2017-12",
            "price": "10.20",
            "revenue": 206016
        },
        "2018-01": {
            "month": "2018-01",
            "price": "10.59",
            "revenue": 205672
        },
        "2018-02": {
            "month": "2018-02",
            "price": "10.01",
            "revenue": 109895
        },
        "2018-03": {
            "month": "2018-03",
            "price": "10.46",
            "revenue": 123062
        },
        "2018-04": {
            "month": "2018-04",
            "price": "10.26",
            "revenue": 191620
        },
        "2018-05": {
            "month": "2018-05",
            "price": "11.57",
            "revenue": 164851
        },
        "2018-06": {
            "month": "2018-06",
            "price": "12.11",
            "revenue": 165191
        },
        "2018-07": {
            "month": "2018-07",
            "price": "10.92",
            "revenue": 147419
        },
        "2018-08": {
            "month": "2018-08",
            "price": "10.96",
            "revenue": 201166
        },
        "2018-09": {
            "month": "2018-09",
            "price": "10.49",
            "revenue": 177360
        },
        "2018-10": {
            "month": "2018-10",
            "price": "9.01",
            "revenue": 143672
        },
        "2018-11": {
            "month": "2018-11",
            "price": "8.57",
            "revenue": 187395
        },
        "2018-12": {
            "month": "2018-12",
            "price": "8.95",
            "revenue": 212835
        },
        "2019-01": {
            "month": "2019-01",
            "price": "9.05",
            "revenue": 145041
        },
        "2019-02": {
            "month": "2019-02",
            "price": "9.28",
            "revenue": 76185
        },
        "2019-03": {
            "month": "2019-03",
            "price": "9.12",
            "revenue": 131893
        },
        "2019-04": {
            "month": "2019-04",
            "price": "9.11",
            "revenue": 133692
        },
        "2019-05": {
            "month": "2019-05",
            "price": "8.61",
            "revenue": 119038
        },
        "2019-06": {
            "month": "2019-06",
            "price": "8.29",
            "revenue": 112740
        },
        "2019-07": {
            "month": "2019-07",
            "price": "8.25",
            "revenue": 117564
        },
        "2019-08": {
            "month": "2019-08",
            "price": "8.01",
            "revenue": 170090
        },
        "2019-09": {
            "month": "2019-09",
            "price": "8.06",
            "revenue": 164034
        },
        "2019-10": {
            "month": "2019-10",
            "price": "8.11",
            "revenue": 156614
        },
        "2019-11": {
            "month": "2019-11",
            "price": "8.01",
            "revenue": 153669
        },
        "2019-12": {
            "month": "2019-12",
            "price": "8.12",
            "revenue": 123547
        },
        "2020-01": {
            "month": "2020-01",
            "price": "8.18",
            "revenue": 152946
        },
        "2020-02": {
            "month": "2020-02",
            "price": "7.73",
            "revenue": 38598
        },
        "2020-03": {
            "month": "2020-03",
            "price": "6.71",
            "revenue": 143508
        },
        "2020-04": {
            "month": "2020-04",
            "price": "7.76",
            "revenue": 116524
        },
        "2020-05": {
            "month": "2020-05",
            "price": "8.14",
            "revenue": 103893
        },
        "2020-06": {
            "month": "2020-06",
            "price": "8.80",
            "revenue": 100648
        },
        "2020-07": {
            "month": "2020-07",
            "price": "8.94",
            "revenue": 126101
        },
        "2020-08": {
            "month": "2020-08",
            "price": "9.04",
            "revenue": 170324
        },
        "2020-09": {
            "month": "2020-09",
            "price": "10.21",
            "revenue": 229285
        },
        "2020-10": {
            "month": "2020-10",
            "price": "10.70",
            "revenue": 185580
        },
        "2020-11": {
            "month": "2020-11",
            "price": "11.23",
            "revenue": 139751
        },
        "2020-12": {
            "month": "2020-12",
            "price": "11.73",
            "revenue": 146294
        },
        "2021-01": {
            "month": "2021-01",
            "price": "11.08",
            "revenue": 174796
        },
        "2021-02": {
            "month": "2021-02",
            "price": "10.82",
            "revenue": 91816
        },
        "2021-03": {
            "month": "2021-03",
            "price": "11.54",
            "revenue": 165596
        },
        "2021-04": {
            "month": "2021-04",
            "price": "14.40",
            "revenue": 87361
        },
        "2021-05": {
            "month": "2021-05",
            "price": "12.56",
            "revenue": 59041
        },
        "2021-06": {
            "month": "2021-06",
            "price": "12.19",
            "revenue": 89936
        },
        "2021-07": {
            "month": "2021-07",
            "price": "11.83",
            "revenue": 100339
        },
        "2021-08": {
            "month": "2021-08",
            "price": "10.63",
            "revenue": 116718
        },
        "2021-09": {
            "month": "2021-09",
            "price": "10.03",
            "revenue": 119985
        },
        "2021-10": {
            "month": "2021-10",
            "price": "9.92",
            "revenue": 128457
        },
        "2021-11": {
            "month": "2021-11",
            "price": "10.70",
            "revenue": 110445
        },
        "2021-12": {
            "month": "2021-12",
            "price": "11.50",
            "revenue": 121826
        },
        "2022-01": {
            "month": "2022-01",
            "price": "11.90",
            "revenue": 142025
        },
        "2022-02": {
            "month": "2022-02",
            "price": "11.93",
            "revenue": 49736
        },
        "2022-03": {
            "month": "2022-03",
            "price": "11.17",
            "revenue": 91049
        },
        "2022-04": {
            "month": "2022-04",
            "price": "10.73",
            "revenue": 126928
        },
        "2022-05": {
            "month": "2022-05",
            "price": "10.21",
            "revenue": 53161
        },
        "2022-06": {
            "month": "2022-06",
            "price": "10.42",
            "revenue": 82891
        },
        "2022-07": {
            "month": "2022-07",
            "price": "9.64",
            "revenue": 130910
        },
        "2022-08": {
            "month": "2022-08",
            "price": "10.81",
            "revenue": 108515
        },
        "2022-09": {
            "month": "2022-09",
            "price": "10.75",
            "revenue": 67858
        },
        "2022-10": {
            "month": "2022-10",
            "price": "9.89",
            "revenue": 61418
        },
        "2022-11": {
            "month": "2022-11",
            "price": "9.92",
            "revenue": 41344
        },
        "2022-12": {
            "month": "2022-12",
            "price": "10.09",
            "revenue": 64827
        },
        "2023-01": {
            "month": "2023-01",
            "price": "10.17",
            "revenue": 51589
        },
        "2023-02": {
            "month": "2023-02",
            "price": "10.30",
            "revenue": 52372
        },
        "2023-03": {
            "month": "2023-03",
            "price": "10.48",
            "revenue": 71188
        },
        "2023-04": {
            "month": "2023-04",
            "price": "10.62",
            "revenue": 65359
        },
        "2023-05": {
            "month": "2023-05",
            "price": "10.71",
            "revenue": 56603
        },
        "2023-06": {
            "month": "2023-06",
            "price": "11.68",
            "revenue": 52705
        },
        "2023-07": {
            "month": "2023-07",
            "price": "11.80",
            "revenue": 81514
        },
        "2023-08": {
            "month": "2023-08",
            "price": "11.16",
            "revenue": 64641
        },
        "2023-09": {
            "month": "2023-09",
            "price": "11.12",
            "revenue": 76467
        },
        "2023-10": {
            "month": "2023-10",
            "price": "11.88",
            "revenue": 59858
        },
        "2023-11": {
            "month": "2023-11",
            "price": "11.81",
            "revenue": 69565
        },
        "2023-12": {
            "month": "2023-12",
            "price": "13.72",
            "revenue": 67688
        }
    }
}
