{
    "summary": {
        "stock_name": "燿華",
        "stock_id": "2367",
        "category": "電子零組件",
        "main_business": "印刷電路板",
        "website_url": "https://www.pcbut.com.tw",
        "ceo": "洪顯青",
        "pe_ratio": 46,
        "report_year_from": 2001,
        "report_year_to": 2023,
        "age": 22,
        "eps_negative_percentage": 35,
        "eps_growth_avg": {
            "last_all": -0.61,
            "last_2y": -100,
            "last_4y": -1.2,
            "last_8y": 0.5,
            "last_12y": 0.37,
            "last_16y": -3.37,
            "last_20y": -0.61,
            "at_2006_last_3y": 43.96,
            "at_2007_last_3y": 44.46,
            "at_2008_last_3y": -2.9,
            "at_2009_last_3y": -10.87,
            "at_2010_last_3y": -47.82,
            "at_2011_last_3y": -29.81,
            "at_2012_last_3y": -33.33,
            "at_2013_last_3y": 0,
            "at_2014_last_3y": 33.33,
            "at_2015_last_3y": 2.2,
            "at_2016_last_3y": 2.2,
            "at_2017_last_3y": 2.2,
            "at_2018_last_3y": -32.34,
            "at_2019_last_3y": -1.2,
            "at_2020_last_3y": -1.2,
            "at_2021_last_3y": -1.2,
            "at_2022_last_3y": 0,
            "at_2023_last_3y": 0,
            "at_2006_last_all": 43.96,
            "at_2007_last_all": 44.46,
            "at_2008_last_all": 17.68,
            "at_2009_last_all": -1.93,
            "at_2010_last_all": -1.93,
            "at_2011_last_all": 12.63,
            "at_2012_last_all": -1.45,
            "at_2013_last_all": -1.45,
            "at_2014_last_all": 9.82,
            "at_2015_last_all": 9.5,
            "at_2016_last_all": -0.45,
            "at_2017_last_all": -0.45,
            "at_2018_last_all": -0.72,
            "at_2019_last_all": 7.03,
            "at_2020_last_all": -0.61,
            "at_2021_last_all": -0.61,
            "at_2022_last_all": -0.61,
            "at_2023_last_all": -0.61
        },
        "latest_eps": 0.39,
        "latest_price": 18,
        "latest_roe": 2.7,
        "latest_gross_margin": 2.5,
        "latest_equity": 10196803,
        "latest_revenue": 3462899,
        "latest_gross_profit": 86569,
        "latest_net_income": -395542,
        "latest_debt_ratio": 55.94,
        "latest_current_ratio": 96.7,
        "latest_account_receivable_turnover_ratio": 0.83,
        "latest_inventory_turnover_ratio": 1.27,
        "latest_reinvestment_rate": null,
        "latest_research_to_sale_ratio": 0.65
    },
    "eps_dividends": {
        "1996": {
            "cash": 0,
            "stock": 3,
            "eps": 0
        },
        "1997": {
            "cash": 0,
            "stock": 3.8,
            "eps": 0
        },
        "2001": {
            "cash": 0.3,
            "stock": 0.5,
            "eps": -0.39
        },
        "2002": {
            "cash": 0,
            "stock": 0,
            "eps": -0.68
        },
        "2003": {
            "cash": 0,
            "stock": 0,
            "eps": 0.23
        },
        "2004": {
            "cash": 0,
            "stock": 0,
            "eps": 0.69
        },
        "2005": {
            "cash": 0.25,
            "stock": 0.75,
            "eps": 0.22
        },
        "2006": {
            "cash": 0.3,
            "stock": 0,
            "eps": 2.59
        },
        "2007": {
            "cash": 1.47,
            "stock": 0.49,
            "eps": 3.78
        },
        "2008": {
            "cash": 2,
            "stock": 0.5,
            "eps": 0.4
        },
        "2009": {
            "cash": 0,
            "stock": 0,
            "eps": -0.68
        },
        "2010": {
            "cash": 0,
            "stock": 0,
            "eps": 0.31
        },
        "2011": {
            "cash": 0.85,
            "stock": 0,
            "eps": 0.97
        },
        "2012": {
            "cash": 0,
            "stock": 0,
            "eps": -0.88
        },
        "2013": {
            "cash": 0,
            "stock": 0,
            "eps": 0.43
        },
        "2014": {
            "cash": 0.4,
            "stock": 0,
            "eps": 0.91
        },
        "2015": {
            "cash": 0.7,
            "stock": 0,
            "eps": 0.97
        },
        "2016": {
            "cash": 0.7,
            "stock": 0,
            "eps": -1.24
        },
        "2017": {
            "cash": 0,
            "stock": 0,
            "eps": 1.11
        },
        "2018": {
            "cash": 0.3,
            "stock": 0.2,
            "eps": 1.07
        },
        "2019": {
            "cash": 0.4,
            "stock": 0,
            "eps": 2.8
        },
        "2020": {
            "cash": 0.8,
            "stock": 0,
            "eps": -2.32
        },
        "2021": {
            "cash": 0,
            "stock": 0,
            "eps": -0.39
        },
        "2022": {
            "cash": 0,
            "stock": 0,
            "eps": 0.64
        },
        "2023": {
            "cash": 0.3,
            "stock": 0,
            "eps": -0.59
        }
    },
    "dividends": {
        "1996-05-16": {
            "cash": 0,
            "stock": 3
        },
        "1997-05-07": {
            "cash": 0,
            "stock": 3.8
        },
        "2001-06-26": {
            "cash": 0.3,
            "stock": 0.5
        },
        "2005-04-26": {
            "cash": 0.25,
            "stock": 0.75
        },
        "2006-02-17": {
            "cash": 0.3,
            "stock": 0
        },
        "2007-03-27": {
            "cash": 1.47,
            "stock": 0.49
        },
        "2008-02-21": {
            "cash": 2,
            "stock": 0.5
        },
        "2011-01-01": {
            "cash": 0.7,
            "stock": 0
        },
        "2011-03-03": {
            "cash": 0.15,
            "stock": 0
        },
        "2014-06-27": {
            "cash": 0.4,
            "stock": 0
        },
        "2015-08-13": {
            "cash": 0.7,
            "stock": 0
        },
        "2016-08-04": {
            "cash": 0.7,
            "stock": 0
        },
        "2018-09-13": {
            "cash": 0.3,
            "stock": 0.2
        },
        "2019-08-15": {
            "cash": 0.4,
            "stock": 0
        },
        "2020-09-18": {
            "cash": 0.8,
            "stock": 0
        },
        "2023-05-03": {
            "cash": 0.3,
            "stock": 0
        }
    },
    "prices": {
        "200101": "13.22",
        "200102": "17.59",
        "200103": "16.75",
        "200104": "18.13",
        "200105": "14.11",
        "200106": "13.47",
        "200107": "10.79",
        "200108": "10.38",
        "200109": "9.17",
        "200110": "8.38",
        "200111": "9.29",
        "200112": "11.32",
        "200201": "12.62",
        "200202": "12.46",
        "200203": "14.52",
        "200204": "18.16",
        "200205": "17.80",
        "200206": "16.00",
        "200207": "14.30",
        "200208": "12.65",
        "200209": "11.28",
        "200210": "10.87",
        "200211": "11.25",
        "200212": "10.89",
        "200301": "10.78",
        "200302": "10.15",
        "200303": "9.22",
        "200304": "8.47",
        "200305": "7.51",
        "200306": "9.86",
        "200307": "11.10",
        "200308": "9.83",
        "200309": "10.40",
        "200310": "11.63",
        "200311": "16.62",
        "200312": "19.19",
        "200401": "21.10",
        "200402": "22.27",
        "200403": "20.50",
        "200404": "22.20",
        "200405": "21.93",
        "200406": "16.61",
        "200407": "14.83",
        "200408": "15.75",
        "200409": "19.00",
        "200410": "16.06",
        "200411": "14.14",
        "200412": "12.50",
        "200501": "10.51",
        "200502": "11.22",
        "200503": "11.73",
        "200504": "10.98",
        "200505": "9.40",
        "200506": "11.25",
        "200507": "11.82",
        "200508": "10.44",
        "200509": "10.45",
        "200510": "10.33",
        "200511": "10.47",
        "200512": "12.07",
        "200601": "14.76",
        "200602": "14.08",
        "200603": "13.60",
        "200604": "14.49",
        "200605": "13.90",
        "200606": "12.16",
        "200607": "11.48",
        "200608": "12.23",
        "200609": "12.68",
        "200610": "13.26",
        "200611": "14.75",
        "200612": "17.44",
        "200701": "17.48",
        "200702": "17.60",
        "200703": "16.92",
        "200704": "22.14",
        "200705": "25.93",
        "200706": "29.92",
        "200707": "33.36",
        "200708": "32.14",
        "200709": "33.47",
        "200710": "34.32",
        "200711": "34.33",
        "200712": "29.93",
        "200801": "25.84",
        "200802": "25.49",
        "200803": "26.87",
        "200804": "28.05",
        "200805": "27.16",
        "200806": "24.79",
        "200807": "21.81",
        "200808": "18.66",
        "200809": "13.97",
        "200810": "11.01",
        "200811": "7.36",
        "200812": "6.80",
        "200901": "7.06",
        "200902": "6.87",
        "200903": "8.69",
        "200904": "11.29",
        "200905": "11.68",
        "200906": "9.96",
        "200907": "9.94",
        "200908": "10.30",
        "200909": "10.91",
        "200910": "11.75",
        "200911": "11.91",
        "200912": "13.37",
        "201001": "12.72",
        "201002": "10.70",
        "201003": "12.04",
        "201004": "12.58",
        "201005": "10.95",
        "201006": "10.40",
        "201007": "11.25",
        "201008": "13.17",
        "201009": "14.93",
        "201010": "14.35",
        "201011": "14.45",
        "201012": "19.72",
        "201101": "18.86",
        "201102": "19.35",
        "201103": "17.97",
        "201104": "18.07",
        "201105": "19.19",
        "201106": "18.12",
        "201107": "16.80",
        "201108": "14.39",
        "201109": "13.67",
        "201110": "13.87",
        "201111": "13.52",
        "201112": "12.24",
        "201201": "12.37",
        "201202": "14.01",
        "201203": "14.30",
        "201204": "12.41",
        "201205": "11.44",
        "201206": "10.87",
        "201207": "10.34",
        "201208": "9.94",
        "201209": "10.46",
        "201210": "9.42",
        "201211": "9.20",
        "201212": "9.65",
        "201301": "9.93",
        "201302": "9.76",
        "201303": "9.63",
        "201304": "9.25",
        "201305": "10.24",
        "201306": "10.86",
        "201307": "11.25",
        "201308": "11.70",
        "201309": "13.13",
        "201310": "12.82",
        "201311": "11.57",
        "201312": "11.54",
        "201401": "12.25",
        "201402": "11.97",
        "201403": "12.34",
        "201404": "12.28",
        "201405": "12.11",
        "201406": "12.27",
        "201407": "12.21",
        "201408": "12.03",
        "201409": "13.25",
        "201410": "12.83",
        "201411": "12.22",
        "201412": "12.96",
        "201501": "13.47",
        "201502": "14.11",
        "201503": "15.17",
        "201504": "14.81",
        "201505": "12.72",
        "201506": "12.10",
        "201507": "12.15",
        "201508": "10.61",
        "201509": "10.46",
        "201510": "11.10",
        "201511": "11.84",
        "201512": "12.89",
        "201601": "11.52",
        "201602": "11.66",
        "201603": "12.30",
        "201604": "11.42",
        "201605": "10.23",
        "201606": "10.34",
        "201607": "10.08",
        "201608": "9.93",
        "201609": "10.10",
        "201610": "10.00",
        "201611": "9.45",
        "201612": "9.31",
        "201701": "9.36",
        "201702": "10.72",
        "201703": "11.41",
        "201704": "11.41",
        "201705": "10.77",
        "201706": "10.92",
        "201707": "10.50",
        "201708": "10.66",
        "201709": "10.99",
        "201710": "11.89",
        "201711": "15.86",
        "201712": "21.88",
        "201801": "24.05",
        "201802": "20.96",
        "201803": "19.67",
        "201804": "21.39",
        "201805": "22.24",
        "201806": "22.49",
        "201807": "21.08",
        "201808": "19.69",
        "201809": "16.81",
        "201810": "13.96",
        "201811": "13.65",
        "201812": "14.90",
        "201901": "14.46",
        "201902": "18.65",
        "201903": "21.02",
        "201904": "20.52",
        "201905": "18.39",
        "201906": "19.86",
        "201907": "22.98",
        "201908": "23.61",
        "201909": "33.53",
        "201910": "35.19",
        "201911": "34.93",
        "201912": "32.50",
        "202001": "32.56",
        "202002": "29.26",
        "202003": "21.71",
        "202004": "21.66",
        "202005": "22.92",
        "202006": "25.02",
        "202007": "25.82",
        "202008": "24.08",
        "202009": "21.53",
        "202010": "21.91",
        "202011": "21.87",
        "202012": "22.87",
        "202101": "21.68",
        "202102": "20.60",
        "202103": "21.98",
        "202104": "22.15",
        "202105": "20.37",
        "202106": "22.05",
        "202107": "21.84",
        "202108": "19.72",
        "202109": "18.74",
        "202110": "17.36",
        "202111": "19.26",
        "202112": "19.13",
        "202201": "18.84",
        "202202": "18.60",
        "202203": "17.87",
        "202204": "17.05",
        "202205": "16.38",
        "202206": "17.40",
        "202207": "16.61",
        "202208": "19.73",
        "202209": "22.57",
        "202210": "18.34",
        "202211": "18.70",
        "202212": "18.34",
        "202301": "17.83",
        "202302": "18.64",
        "202303": "18.60",
        "202304": "18.50",
        "202305": "17.88",
        "202306": "18.12"
    },
    "quarters": {
        "20011": {
            "year_quarter": 20011,
            "year": 2001,
            "quarter": 1,
            "eps": -0.21,
            "eps_growth_year": -205,
            "eps_4q": -0.27,
            "eps_4q_growth_year": -124.01,
            "roe": -1.19,
            "roe_4q": -1.19,
            "gross_profit": 162715,
            "gross_margin": 13.4,
            "gross_margin_4q_avg": 13.4,
            "net_income": -72078,
            "revenue": 1214189,
            "common_shares": 3447500,
            "book_valuer_per_share": 17.4,
            "book_valuer_per_share_4q_avg": 17.4,
            "equity": 5999492,
            "current_ratio": 73.58,
            "debt_ratio": 39.18,
            "inventory_turnover_ratio": 2.08,
            "account_receivable_turnover_ratio": null,
            "reinvestment_rate": null,
            "research_to_sale_ratio": null,
            "price_fair": 0,
            "eps_avg_yearly": 0,
            "eps_latest_yearly": 0,
            "eps_growth_yearly": 0
        },
        "20012": {
            "year_quarter": 20012,
            "year": 2001,
            "quarter": 2,
            "eps": -0.28,
            "eps_growth_year": null,
            "eps_4q": -0.39,
            "eps_4q_growth_year": -177.64,
            "roe": -1.65,
            "roe_4q": -2.84,
            "gross_profit": 90264,
            "gross_margin": 9.13,
            "gross_margin_4q_avg": 11.27,
            "net_income": -97085,
            "revenue": 988310,
            "common_shares": 3447500,
            "book_valuer_per_share": 16.67,
            "book_valuer_per_share_4q_avg": 17.04,
            "equity": 5746078,
            "current_ratio": 72.79,
            "debt_ratio": 39,
            "inventory_turnover_ratio": 2.92,
            "account_receivable_turnover_ratio": null,
            "reinvestment_rate": null,
            "research_to_sale_ratio": null,
            "price_fair": 0,
            "eps_avg_yearly": 0,
            "eps_latest_yearly": 0,
            "eps_growth_yearly": 0
        },
        "20013": {
            "year_quarter": 20013,
            "year": 2001,
            "quarter": 3,
            "eps": -0.07,
            "eps_growth_year": -275,
            "eps_4q": -0.49,
            "eps_4q_growth_year": -195.48,
            "roe": -0.4,
            "roe_4q": -3.2399999999999998,
            "gross_profit": 263115,
            "gross_margin": 22.74,
            "gross_margin_4q_avg": 15.09,
            "net_income": -23129,
            "revenue": 1157065,
            "common_shares": 3447500,
            "book_valuer_per_share": 16.48,
            "book_valuer_per_share_4q_avg": 16.85,
            "equity": 5681957,
            "current_ratio": 74.36,
            "debt_ratio": 36.73,
            "inventory_turnover_ratio": 3.58,
            "account_receivable_turnover_ratio": null,
            "reinvestment_rate": null,
            "research_to_sale_ratio": null,
            "price_fair": 0,
            "eps_avg_yearly": 0,
            "eps_latest_yearly": 0,
            "eps_growth_yearly": 0
        },
        "20014": {
            "year_quarter": 20014,
            "year": 2001,
            "quarter": 4,
            "eps": 0.17,
            "eps_growth_year": 183.33,
            "eps_4q": -0.38,
            "eps_4q_growth_year": -449.77,
            "roe": 0.96,
            "roe_4q": -2.28,
            "gross_profit": 259892,
            "gross_margin": 19.44,
            "gross_margin_4q_avg": 16.18,
            "net_income": 59739,
            "revenue": 1336928,
            "common_shares": 3621412,
            "book_valuer_per_share": 16.12,
            "book_valuer_per_share_4q_avg": 16.67,
            "equity": 6720737,
            "current_ratio": 73.11,
            "debt_ratio": 39.49,
            "inventory_turnover_ratio": 3.47,
            "account_receivable_turnover_ratio": null,
            "reinvestment_rate": null,
            "research_to_sale_ratio": null,
            "price_fair": 0,
            "eps_avg_yearly": 0,
            "eps_latest_yearly": 0,
            "eps_growth_yearly": 0
        },
        "20021": {
            "year_quarter": 20021,
            "year": 2002,
            "quarter": 1,
            "eps": 0.27,
            "eps_growth_year": null,
            "eps_4q": 0.1,
            "eps_4q_growth_year": null,
            "roe": 1.49,
            "roe_4q": 0.40000000000000036,
            "gross_profit": 248051,
            "gross_margin": 20.83,
            "gross_margin_4q_avg": 18.04,
            "net_income": 94557,
            "revenue": 1191042,
            "common_shares": 3621412,
            "book_valuer_per_share": 16.41,
            "book_valuer_per_share_4q_avg": 16.42,
            "equity": 5942640,
            "current_ratio": 87.71,
            "debt_ratio": 33.74,
            "inventory_turnover_ratio": 3.25,
            "account_receivable_turnover_ratio": null,
            "reinvestment_rate": null,
            "research_to_sale_ratio": null,
            "price_fair": 37.8,
            "eps_avg_yearly": 1.08,
            "eps_latest_yearly": 1.08,
            "eps_growth_yearly": 235.29
        },
        "20022": {
            "year_quarter": 20022,
            "year": 2002,
            "quarter": 2,
            "eps": 0.05,
            "eps_growth_year": null,
            "eps_4q": 0.4,
            "eps_4q_growth_year": null,
            "roe": 0.31,
            "roe_4q": 2.36,
            "gross_profit": 270430,
            "gross_margin": 18.81,
            "gross_margin_4q_avg": 20.46,
            "net_income": 18675,
            "revenue": 1437379,
            "common_shares": 3621412,
            "book_valuer_per_share": 16.45,
            "book_valuer_per_share_4q_avg": 16.37,
            "equity": 5955499,
            "current_ratio": 98.55,
            "debt_ratio": 36.77,
            "inventory_turnover_ratio": 5.85,
            "account_receivable_turnover_ratio": null,
            "reinvestment_rate": null,
            "research_to_sale_ratio": null,
            "price_fair": 1.92,
            "eps_avg_yearly": 0.64,
            "eps_latest_yearly": 0.2,
            "eps_growth_yearly": -45.32
        },
        "20023": {
            "year_quarter": 20023,
            "year": 2002,
            "quarter": 3,
            "eps": -0.1,
            "eps_growth_year": null,
            "eps_4q": 0.38,
            "eps_4q_growth_year": null,
            "roe": -0.58,
            "roe_4q": 2.1799999999999997,
            "gross_profit": 297920,
            "gross_margin": 20.26,
            "gross_margin_4q_avg": 19.84,
            "net_income": -34848,
            "revenue": 1470209,
            "common_shares": 3621412,
            "book_valuer_per_share": 16.46,
            "book_valuer_per_share_4q_avg": 16.36,
            "equity": 5960364,
            "current_ratio": 90.68,
            "debt_ratio": 34.26,
            "inventory_turnover_ratio": 5.31,
            "account_receivable_turnover_ratio": null,
            "reinvestment_rate": null,
            "research_to_sale_ratio": null,
            "price_fair": 1.92,
            "eps_avg_yearly": 0.64,
            "eps_latest_yearly": 0.2,
            "eps_growth_yearly": -45.32
        },
        "20024": {
            "year_quarter": 20024,
            "year": 2002,
            "quarter": 4,
            "eps": -0.9,
            "eps_growth_year": -629.41,
            "eps_4q": -0.33,
            "eps_4q_growth_year": null,
            "roe": -5.19,
            "roe_4q": -3.9700000000000006,
            "gross_profit": 287020,
            "gross_margin": 18.53,
            "gross_margin_4q_avg": 19.61,
            "net_income": -319087,
            "revenue": 1549036,
            "common_shares": 3621412,
            "book_valuer_per_share": 15.96,
            "book_valuer_per_share_4q_avg": 16.32,
            "equity": 6344665,
            "current_ratio": 76.41,
            "debt_ratio": 43.17,
            "inventory_turnover_ratio": 2.95,
            "account_receivable_turnover_ratio": null,
            "reinvestment_rate": 11200763.16,
            "research_to_sale_ratio": null,
            "price_fair": 1.92,
            "eps_avg_yearly": 0.64,
            "eps_latest_yearly": 0.2,
            "eps_growth_yearly": -45.32
        },
        "20031": {
            "year_quarter": 20031,
            "year": 2003,
            "quarter": 1,
            "eps": -0.07,
            "eps_growth_year": -125.93,
            "eps_4q": -0.96,
            "eps_4q_growth_year": -1082.68,
            "roe": -0.44,
            "roe_4q": -5.900000000000001,
            "gross_profit": 134574,
            "gross_margin": 12.24,
            "gross_margin_4q_avg": 17.46,
            "net_income": -26478,
            "revenue": 1099799,
            "common_shares": 3621412,
            "book_valuer_per_share": 15.89,
            "book_valuer_per_share_4q_avg": 16.19,
            "equity": 5753313,
            "current_ratio": 94.69,
            "debt_ratio": 32.73,
            "inventory_turnover_ratio": 2.38,
            "account_receivable_turnover_ratio": null,
            "reinvestment_rate": null,
            "research_to_sale_ratio": null,
            "price_fair": 1.92,
            "eps_avg_yearly": 0.64,
            "eps_latest_yearly": 0.2,
            "eps_growth_yearly": -45.32
        },
        "20032": {
            "year_quarter": 20032,
            "year": 2003,
            "quarter": 2,
            "eps": 0,
            "eps_growth_year": -100,
            "eps_4q": -1.05,
            "eps_4q_growth_year": -361.79,
            "roe": 0,
            "roe_4q": -6.210000000000001,
            "gross_profit": 173974,
            "gross_margin": 14.28,
            "gross_margin_4q_avg": 16.33,
            "net_income": 68,
            "revenue": 1218447,
            "common_shares": 3621412,
            "book_valuer_per_share": 15.87,
            "book_valuer_per_share_4q_avg": 16.05,
            "equity": 5745994,
            "current_ratio": 95.1,
            "debt_ratio": 32.5,
            "inventory_turnover_ratio": 5.41,
            "account_receivable_turnover_ratio": null,
            "reinvestment_rate": null,
            "research_to_sale_ratio": null,
            "price_fair": 1.92,
            "eps_avg_yearly": 0.64,
            "eps_latest_yearly": 0.2,
            "eps_growth_yearly": -45.32
        },
        "20033": {
            "year_quarter": 20033,
            "year": 2003,
            "quarter": 3,
            "eps": -0.16,
            "eps_growth_year": null,
            "eps_4q": -1.11,
            "eps_4q_growth_year": -392.19,
            "roe": -1.02,
            "roe_4q": -6.65,
            "gross_profit": 203661,
            "gross_margin": 14.69,
            "gross_margin_4q_avg": 14.94,
            "net_income": -58078,
            "revenue": 1386206,
            "common_shares": 3621412,
            "book_valuer_per_share": 15.63,
            "book_valuer_per_share_4q_avg": 15.84,
            "equity": 5661096,
            "current_ratio": 121.53,
            "debt_ratio": 33.24,
            "inventory_turnover_ratio": 5.09,
            "account_receivable_turnover_ratio": null,
            "reinvestment_rate": null,
            "research_to_sale_ratio": null,
            "price_fair": 1.92,
            "eps_avg_yearly": 0.64,
            "eps_latest_yearly": 0.2,
            "eps_growth_yearly": -45.32
        },
        "20034": {
            "year_quarter": 20034,
            "year": 2003,
            "quarter": 4,
            "eps": 0.46,
            "eps_growth_year": null,
            "eps_4q": 0.22,
            "eps_4q_growth_year": null,
            "roe": 2.89,
            "roe_4q": 1.4300000000000002,
            "gross_profit": 459213,
            "gross_margin": 21.43,
            "gross_margin_4q_avg": 15.66,
            "net_income": 164571,
            "revenue": 2143022,
            "common_shares": 3560552,
            "book_valuer_per_share": 16.12,
            "book_valuer_per_share_4q_avg": 15.88,
            "equity": 5738354,
            "current_ratio": 94.26,
            "debt_ratio": 46.84,
            "inventory_turnover_ratio": 3.99,
            "account_receivable_turnover_ratio": null,
            "reinvestment_rate": null,
            "research_to_sale_ratio": null,
            "price_fair": 1.92,
            "eps_avg_yearly": 0.64,
            "eps_latest_yearly": 0.2,
            "eps_growth_yearly": -45.32
        },
        "20041": {
            "year_quarter": 20041,
            "year": 2004,
            "quarter": 1,
            "eps": 0.6,
            "eps_growth_year": null,
            "eps_4q": 0.9,
            "eps_4q_growth_year": null,
            "roe": 3.65,
            "roe_4q": 5.52,
            "gross_profit": 509155,
            "gross_margin": 21.54,
            "gross_margin_4q_avg": 17.99,
            "net_income": 214224,
            "revenue": 2364184,
            "common_shares": 3560552,
            "book_valuer_per_share": 16.83,
            "book_valuer_per_share_4q_avg": 16.11,
            "equity": 5991173,
            "current_ratio": 143.11,
            "debt_ratio": 35.32,
            "inventory_turnover_ratio": 3.72,
            "account_receivable_turnover_ratio": null,
            "reinvestment_rate": null,
            "research_to_sale_ratio": null,
            "price_fair": 24.99,
            "eps_avg_yearly": 1.23,
            "eps_latest_yearly": 2.4,
            "eps_growth_yearly": 10.37
        },
        "20042": {
            "year_quarter": 20042,
            "year": 2004,
            "quarter": 2,
            "eps": -0.26,
            "eps_growth_year": null,
            "eps_4q": 0.64,
            "eps_4q_growth_year": null,
            "roe": -1.55,
            "roe_4q": 3.97,
            "gross_profit": 462706,
            "gross_margin": 19.92,
            "gross_margin_4q_avg": 19.4,
            "net_income": -91162,
            "revenue": 2322253,
            "common_shares": 3560552,
            "book_valuer_per_share": 16.26,
            "book_valuer_per_share_4q_avg": 16.21,
            "equity": 5789084,
            "current_ratio": 143.4,
            "debt_ratio": 35.75,
            "inventory_turnover_ratio": 4.55,
            "account_receivable_turnover_ratio": null,
            "reinvestment_rate": null,
            "research_to_sale_ratio": null,
            "price_fair": 24.99,
            "eps_avg_yearly": 1.23,
            "eps_latest_yearly": 2.4,
            "eps_growth_yearly": 10.37
        },
        "20043": {
            "year_quarter": 20043,
            "year": 2004,
            "quarter": 3,
            "eps": 0.28,
            "eps_growth_year": null,
            "eps_4q": 1.1,
            "eps_4q_growth_year": null,
            "roe": 1.69,
            "roe_4q": 6.68,
            "gross_profit": 307329,
            "gross_margin": 15.53,
            "gross_margin_4q_avg": 19.61,
            "net_income": 98569,
            "revenue": 1978380,
            "common_shares": 3560552,
            "book_valuer_per_share": 16.5,
            "book_valuer_per_share_4q_avg": 16.43,
            "equity": 5875121,
            "current_ratio": 121.39,
            "debt_ratio": 34.76,
            "inventory_turnover_ratio": 4.25,
            "account_receivable_turnover_ratio": null,
            "reinvestment_rate": null,
            "research_to_sale_ratio": null,
            "price_fair": 24.99,
            "eps_avg_yearly": 1.23,
            "eps_latest_yearly": 2.4,
            "eps_growth_yearly": 10.37
        },
        "20044": {
            "year_quarter": 20044,
            "year": 2004,
            "quarter": 4,
            "eps": 0.07,
            "eps_growth_year": -84.78,
            "eps_4q": 0.68,
            "eps_4q_growth_year": 205.24,
            "roe": 0.43,
            "roe_4q": 4.22,
            "gross_profit": 342825,
            "gross_margin": 16.47,
            "gross_margin_4q_avg": 18.37,
            "net_income": 25298,
            "revenue": 2081761,
            "common_shares": 3560552,
            "book_valuer_per_share": 16.35,
            "book_valuer_per_share_4q_avg": 16.49,
            "equity": 5821641,
            "current_ratio": 95.9,
            "debt_ratio": 47.99,
            "inventory_turnover_ratio": 4.27,
            "account_receivable_turnover_ratio": null,
            "reinvestment_rate": null,
            "research_to_sale_ratio": null,
            "price_fair": 2.97,
            "eps_avg_yearly": 0.99,
            "eps_latest_yearly": 0.28,
            "eps_growth_yearly": -67.22
        },
        "20051": {
            "year_quarter": 20051,
            "year": 2005,
            "quarter": 1,
            "eps": -0.86,
            "eps_growth_year": -243.33,
            "eps_4q": -0.76,
            "eps_4q_growth_year": -185.08,
            "roe": -5.22,
            "roe_4q": -4.65,
            "gross_profit": 168626,
            "gross_margin": 11.31,
            "gross_margin_4q_avg": 15.81,
            "net_income": -294321,
            "revenue": 1490569,
            "common_shares": 3560552,
            "book_valuer_per_share": 15.34,
            "book_valuer_per_share_4q_avg": 16.11,
            "equity": 5460362,
            "current_ratio": 153.72,
            "debt_ratio": 36.51,
            "inventory_turnover_ratio": 3.98,
            "account_receivable_turnover_ratio": null,
            "reinvestment_rate": null,
            "research_to_sale_ratio": null,
            "price_fair": 2.97,
            "eps_avg_yearly": 0.99,
            "eps_latest_yearly": 0.28,
            "eps_growth_yearly": -67.22
        },
        "20052": {
            "year_quarter": 20052,
            "year": 2005,
            "quarter": 2,
            "eps": -0.44,
            "eps_growth_year": null,
            "eps_4q": -0.91,
            "eps_4q_growth_year": -240.52,
            "roe": -2.85,
            "roe_4q": -5.950000000000001,
            "gross_profit": 122566,
            "gross_margin": 9.62,
            "gross_margin_4q_avg": 13.23,
            "net_income": -152109,
            "revenue": 1273972,
            "common_shares": 3560552,
            "book_valuer_per_share": 14.64,
            "book_valuer_per_share_4q_avg": 15.71,
            "equity": 5214393,
            "current_ratio": 149.72,
            "debt_ratio": 36.84,
            "inventory_turnover_ratio": 4.66,
            "account_receivable_turnover_ratio": null,
            "reinvestment_rate": null,
            "research_to_sale_ratio": null,
            "price_fair": 2.97,
            "eps_avg_yearly": 0.99,
            "eps_latest_yearly": 0.28,
            "eps_growth_yearly": -67.22
        },
        "20053": {
            "year_quarter": 20053,
            "year": 2005,
            "quarter": 3,
            "eps": 0.43,
            "eps_growth_year": 53.57,
            "eps_4q": -0.72,
            "eps_4q_growth_year": -165.92,
            "roe": 2.97,
            "roe_4q": -4.67,
            "gross_profit": 241070,
            "gross_margin": 14.05,
            "gross_margin_4q_avg": 12.86,
            "net_income": 157039,
            "revenue": 1715577,
            "common_shares": 3817832,
            "book_valuer_per_share": 14.07,
            "book_valuer_per_share_4q_avg": 15.1,
            "equity": 5373139,
            "current_ratio": 161.94,
            "debt_ratio": 40.13,
            "inventory_turnover_ratio": 4.32,
            "account_receivable_turnover_ratio": null,
            "reinvestment_rate": null,
            "research_to_sale_ratio": null,
            "price_fair": 2.97,
            "eps_avg_yearly": 0.99,
            "eps_latest_yearly": 0.28,
            "eps_growth_yearly": -67.22
        },
        "20054": {
            "year_quarter": 20054,
            "year": 2005,
            "quarter": 4,
            "eps": 1.09,
            "eps_growth_year": 1457.14,
            "eps_4q": 0.3,
            "eps_4q_growth_year": -56.32,
            "roe": 6.05,
            "roe_4q": 0.9500000000000002,
            "gross_profit": 338708,
            "gross_margin": 14.52,
            "gross_margin_4q_avg": 12.38,
            "net_income": 398517,
            "revenue": 2332591,
            "common_shares": 3817832,
            "book_valuer_per_share": 14.87,
            "book_valuer_per_share_4q_avg": 14.73,
            "equity": 7796753,
            "current_ratio": 104.03,
            "debt_ratio": 49.63,
            "inventory_turnover_ratio": 2.69,
            "account_receivable_turnover_ratio": null,
            "reinvestment_rate": 1326.95,
            "research_to_sale_ratio": null,
            "price_fair": 58.24,
            "eps_avg_yearly": 1.66,
            "eps_latest_yearly": 4.36,
            "eps_growth_yearly": 69.01
        },
        "20061": {
            "year_quarter": 20061,
            "year": 2006,
            "quarter": 1,
            "eps": 0.24,
            "eps_growth_year": null,
            "eps_4q": 1.31,
            "eps_4q_growth_year": null,
            "roe": 1.32,
            "roe_4q": 7.49,
            "gross_profit": 252901,
            "gross_margin": 10.05,
            "gross_margin_4q_avg": 12.06,
            "net_income": 90458,
            "revenue": 2515190,
            "common_shares": 3817832,
            "book_valuer_per_share": 15.54,
            "book_valuer_per_share_4q_avg": 14.78,
            "equity": 5933264,
            "current_ratio": 138.77,
            "debt_ratio": 40.19,
            "inventory_turnover_ratio": 3.03,
            "account_receivable_turnover_ratio": null,
            "reinvestment_rate": -225.28,
            "research_to_sale_ratio": null,
            "price_fair": 4.92,
            "eps_avg_yearly": 1.64,
            "eps_latest_yearly": 0.96,
            "eps_growth_yearly": -40.43
        },
        "20062": {
            "year_quarter": 20062,
            "year": 2006,
            "quarter": 2,
            "eps": 0.28,
            "eps_growth_year": null,
            "eps_4q": 2.02,
            "eps_4q_growth_year": null,
            "roe": 1.75,
            "roe_4q": 12.090000000000002,
            "gross_profit": 422610,
            "gross_margin": 17.81,
            "gross_margin_4q_avg": 14.11,
            "net_income": 103669,
            "revenue": 2372424,
            "common_shares": 3817832,
            "book_valuer_per_share": 15.45,
            "book_valuer_per_share_4q_avg": 14.98,
            "equity": 5898688,
            "current_ratio": 132.87,
            "debt_ratio": 41.32,
            "inventory_turnover_ratio": 4.59,
            "account_receivable_turnover_ratio": null,
            "reinvestment_rate": 16.57,
            "research_to_sale_ratio": null,
            "price_fair": 63.84,
            "eps_avg_yearly": 1.82,
            "eps_latest_yearly": 1.12,
            "eps_growth_yearly": 38.09
        },
        "20063": {
            "year_quarter": 20063,
            "year": 2006,
            "quarter": 3,
            "eps": 0.77,
            "eps_growth_year": 79.07,
            "eps_4q": 2.37,
            "eps_4q_growth_year": null,
            "roe": 4.72,
            "roe_4q": 13.84,
            "gross_profit": 506188,
            "gross_margin": 20.45,
            "gross_margin_4q_avg": 15.71,
            "net_income": 285212,
            "revenue": 2474864,
            "common_shares": 3817832,
            "book_valuer_per_share": 16.2,
            "book_valuer_per_share_4q_avg": 15.52,
            "equity": 6183816,
            "current_ratio": 140.43,
            "debt_ratio": 41.12,
            "inventory_turnover_ratio": 4.46,
            "account_receivable_turnover_ratio": null,
            "reinvestment_rate": 52.22,
            "research_to_sale_ratio": null,
            "price_fair": 71.17,
            "eps_avg_yearly": 2.03,
            "eps_latest_yearly": 3.08,
            "eps_growth_yearly": 148.41
        },
        "20064": {
            "year_quarter": 20064,
            "year": 2006,
            "quarter": 4,
            "eps": 1.3,
            "eps_growth_year": 19.27,
            "eps_4q": 2.59,
            "eps_4q_growth_year": 768.11,
            "roe": 6.25,
            "roe_4q": 14.04,
            "gross_profit": 679325,
            "gross_margin": 25.28,
            "gross_margin_4q_avg": 18.4,
            "net_income": 482648,
            "revenue": 2687662,
            "common_shares": 3817832,
            "book_valuer_per_share": 17.36,
            "book_valuer_per_share_4q_avg": 16.14,
            "equity": 9264790,
            "current_ratio": 114.61,
            "debt_ratio": 44.77,
            "inventory_turnover_ratio": 2.58,
            "account_receivable_turnover_ratio": null,
            "reinvestment_rate": 272.72,
            "research_to_sale_ratio": null,
            "price_fair": 87,
            "eps_avg_yearly": 2.49,
            "eps_latest_yearly": 5.2,
            "eps_growth_yearly": 166.54
        },
        "20071": {
            "year_quarter": 20071,
            "year": 2007,
            "quarter": 1,
            "eps": 1.12,
            "eps_growth_year": 366.67,
            "eps_4q": 3.45,
            "eps_4q_growth_year": 162.94,
            "roe": 5.12,
            "roe_4q": 17.84,
            "gross_profit": 679010,
            "gross_margin": 26.44,
            "gross_margin_4q_avg": 22.5,
            "net_income": 419716,
            "revenue": 2568078,
            "common_shares": 3817832,
            "book_valuer_per_share": 18.66,
            "book_valuer_per_share_4q_avg": 16.92,
            "equity": 7122876,
            "current_ratio": 187.98,
            "debt_ratio": 37.02,
            "inventory_turnover_ratio": 2.25,
            "account_receivable_turnover_ratio": null,
            "reinvestment_rate": 28.03,
            "research_to_sale_ratio": null,
            "price_fair": 95.73,
            "eps_avg_yearly": 2.74,
            "eps_latest_yearly": 4.48,
            "eps_growth_yearly": 138.8
        },
        "20072": {
            "year_quarter": 20072,
            "year": 2007,
            "quarter": 2,
            "eps": 0.91,
            "eps_growth_year": 225,
            "eps_4q": 4.07,
            "eps_4q_growth_year": 101.12,
            "roe": 4.84,
            "roe_4q": 20.93,
            "gross_profit": 528765,
            "gross_margin": 22.69,
            "gross_margin_4q_avg": 23.72,
            "net_income": 341731,
            "revenue": 2330372,
            "common_shares": 3817832,
            "book_valuer_per_share": 18.37,
            "book_valuer_per_share_4q_avg": 17.65,
            "equity": 7012192,
            "current_ratio": 170.94,
            "debt_ratio": 39.18,
            "inventory_turnover_ratio": 3,
            "account_receivable_turnover_ratio": null,
            "reinvestment_rate": 29.85,
            "research_to_sale_ratio": null,
            "price_fair": 99.24,
            "eps_avg_yearly": 2.84,
            "eps_latest_yearly": 3.64,
            "eps_growth_yearly": 115.04
        },
        "20073": {
            "year_quarter": 20073,
            "year": 2007,
            "quarter": 3,
            "eps": 1.21,
            "eps_growth_year": 57.14,
            "eps_4q": 4.33,
            "eps_4q_growth_year": 82.85,
            "roe": 6.53,
            "roe_4q": 22.740000000000002,
            "gross_profit": 589505,
            "gross_margin": 21.65,
            "gross_margin_4q_avg": 24.02,
            "net_income": 481944,
            "revenue": 2723037,
            "common_shares": 4048637,
            "book_valuer_per_share": 19.14,
            "book_valuer_per_share_4q_avg": 18.38,
            "equity": 7749422,
            "current_ratio": 190.47,
            "debt_ratio": 36.11,
            "inventory_turnover_ratio": 3.49,
            "account_receivable_turnover_ratio": null,
            "reinvestment_rate": 39.6,
            "research_to_sale_ratio": null,
            "price_fair": 106.26,
            "eps_avg_yearly": 3.04,
            "eps_latest_yearly": 4.84,
            "eps_growth_yearly": 116.72
        },
        "20074": {
            "year_quarter": 20074,
            "year": 2007,
            "quarter": 4,
            "eps": 0.54,
            "eps_growth_year": -58.46,
            "eps_4q": 3.64,
            "eps_4q_growth_year": 40.4,
            "roe": 2.39,
            "roe_4q": 18.88,
            "gross_profit": 688966,
            "gross_margin": 22.98,
            "gross_margin_4q_avg": 23.44,
            "net_income": 216742,
            "revenue": 2998115,
            "common_shares": 4048637,
            "book_valuer_per_share": 19.6,
            "book_valuer_per_share_4q_avg": 18.94,
            "equity": 10404229,
            "current_ratio": 111.41,
            "debt_ratio": 48.29,
            "inventory_turnover_ratio": 2.61,
            "account_receivable_turnover_ratio": null,
            "reinvestment_rate": 249.37,
            "research_to_sale_ratio": null,
            "price_fair": 103.47,
            "eps_avg_yearly": 2.96,
            "eps_latest_yearly": 2.16,
            "eps_growth_yearly": 85.98
        },
        "20081": {
            "year_quarter": 20081,
            "year": 2008,
            "quarter": 1,
            "eps": 0.34,
            "eps_growth_year": -69.64,
            "eps_4q": 2.76,
            "eps_4q_growth_year": -19.86,
            "roe": 1.54,
            "roe_4q": 15.3,
            "gross_profit": 604237,
            "gross_margin": 17.14,
            "gross_margin_4q_avg": 21.12,
            "net_income": 145440,
            "revenue": 3524758,
            "common_shares": 4048637,
            "book_valuer_per_share": 20.55,
            "book_valuer_per_share_4q_avg": 19.42,
            "equity": 8423624,
            "current_ratio": 107.05,
            "debt_ratio": 48.08,
            "inventory_turnover_ratio": 2.9,
            "account_receivable_turnover_ratio": null,
            "reinvestment_rate": 178.47,
            "research_to_sale_ratio": null,
            "price_fair": 100.16,
            "eps_avg_yearly": 2.86,
            "eps_latest_yearly": 1.36,
            "eps_growth_yearly": 61.44
        },
        "20082": {
            "year_quarter": 20082,
            "year": 2008,
            "quarter": 2,
            "eps": -0.12,
            "eps_growth_year": -113.19,
            "eps_4q": 1.88,
            "eps_4q_growth_year": -53.86,
            "roe": 0.25,
            "roe_4q": 10.71,
            "gross_profit": 693790,
            "gross_margin": 13.81,
            "gross_margin_4q_avg": 18.9,
            "net_income": 19707,
            "revenue": 5024154,
            "common_shares": 4208831,
            "book_valuer_per_share": 17.46,
            "book_valuer_per_share_4q_avg": 19.19,
            "equity": 7533546,
            "current_ratio": 81.16,
            "debt_ratio": 55.01,
            "inventory_turnover_ratio": 4.76,
            "account_receivable_turnover_ratio": null,
            "reinvestment_rate": 190.05,
            "research_to_sale_ratio": null,
            "price_fair": 100.16,
            "eps_avg_yearly": 2.86,
            "eps_latest_yearly": 1.36,
            "eps_growth_yearly": 61.44
        },
        "20083": {
            "year_quarter": 20083,
            "year": 2008,
            "quarter": 3,
            "eps": 0.42,
            "eps_growth_year": -65.29,
            "eps_4q": 1.14,
            "eps_4q_growth_year": -73.73,
            "roe": 2.45,
            "roe_4q": 6.630000000000001,
            "gross_profit": 407218,
            "gross_margin": 14.4,
            "gross_margin_4q_avg": 17.08,
            "net_income": 183297,
            "revenue": 2827160,
            "common_shares": 4482912,
            "book_valuer_per_share": 16.41,
            "book_valuer_per_share_4q_avg": 18.51,
            "equity": 7455169,
            "current_ratio": 88.18,
            "debt_ratio": 56.84,
            "inventory_turnover_ratio": 2.33,
            "account_receivable_turnover_ratio": null,
            "reinvestment_rate": 176.02,
            "research_to_sale_ratio": null,
            "price_fair": 100.16,
            "eps_avg_yearly": 2.86,
            "eps_latest_yearly": 1.36,
            "eps_growth_yearly": 61.44
        },
        "20084": {
            "year_quarter": 20084,
            "year": 2008,
            "quarter": 4,
            "eps": -0.24,
            "eps_growth_year": -144.44,
            "eps_4q": 0.3,
            "eps_4q_growth_year": -91.8,
            "roe": -1.44,
            "roe_4q": 2.8000000000000003,
            "gross_profit": 304441,
            "gross_margin": 19.07,
            "gross_margin_4q_avg": 16.11,
            "net_income": -106140,
            "revenue": 1596337,
            "common_shares": 4482912,
            "book_valuer_per_share": 16.12,
            "book_valuer_per_share_4q_avg": 17.64,
            "equity": 7319528,
            "current_ratio": 88.71,
            "debt_ratio": 56.57,
            "inventory_turnover_ratio": 1.33,
            "account_receivable_turnover_ratio": 1.16,
            "reinvestment_rate": 121.24,
            "research_to_sale_ratio": null,
            "price_fair": 109.2,
            "eps_avg_yearly": 3.12,
            "eps_latest_yearly": 1.36,
            "eps_growth_yearly": 97.59
        },
        "20091": {
            "year_quarter": 20091,
            "year": 2009,
            "quarter": 1,
            "eps": -0.48,
            "eps_growth_year": -241.18,
            "eps_4q": -0.38,
            "eps_4q_growth_year": -113.91,
            "roe": -2.93,
            "roe_4q": -1.67,
            "gross_profit": 127344,
            "gross_margin": 5.85,
            "gross_margin_4q_avg": 13.28,
            "net_income": -214291,
            "revenue": 2177620,
            "common_shares": 4482912,
            "book_valuer_per_share": 16.07,
            "book_valuer_per_share_4q_avg": 16.52,
            "equity": 7296483,
            "current_ratio": 87.17,
            "debt_ratio": 54.01,
            "inventory_turnover_ratio": 2.63,
            "account_receivable_turnover_ratio": 0.88,
            "reinvestment_rate": 175.91,
            "research_to_sale_ratio": null,
            "price_fair": 109.2,
            "eps_avg_yearly": 3.12,
            "eps_latest_yearly": 1.36,
            "eps_growth_yearly": 97.59
        },
        "20092": {
            "year_quarter": 20092,
            "year": 2009,
            "quarter": 2,
            "eps": -0.1,
            "eps_growth_year": null,
            "eps_4q": -0.38,
            "eps_4q_growth_year": -119.99,
            "roe": -0.68,
            "roe_4q": -2.6000000000000005,
            "gross_profit": 433096,
            "gross_margin": 19.75,
            "gross_margin_4q_avg": 14.77,
            "net_income": -49296,
            "revenue": 2192491,
            "common_shares": 4482912,
            "book_valuer_per_share": 15.93,
            "book_valuer_per_share_4q_avg": 16.13,
            "equity": 7211597,
            "current_ratio": 89.3,
            "debt_ratio": 53.77,
            "inventory_turnover_ratio": 2.52,
            "account_receivable_turnover_ratio": 1.01,
            "reinvestment_rate": 162.26,
            "research_to_sale_ratio": null,
            "price_fair": 109.2,
            "eps_avg_yearly": 3.12,
            "eps_latest_yearly": 1.36,
            "eps_growth_yearly": 97.59
        },
        "20093": {
            "year_quarter": 20093,
            "year": 2009,
            "quarter": 3,
            "eps": 0.24,
            "eps_growth_year": -42.86,
            "eps_4q": -0.5,
            "eps_4q_growth_year": -144.29,
            "roe": 1.61,
            "roe_4q": -3.44,
            "gross_profit": 458068,
            "gross_margin": 12.56,
            "gross_margin_4q_avg": 14.31,
            "net_income": 117435,
            "revenue": 3645952,
            "common_shares": 4482912,
            "book_valuer_per_share": 16.19,
            "book_valuer_per_share_4q_avg": 16.08,
            "equity": 7333264,
            "current_ratio": 94.41,
            "debt_ratio": 52.78,
            "inventory_turnover_ratio": 4.78,
            "account_receivable_turnover_ratio": 1.58,
            "reinvestment_rate": 158.21,
            "research_to_sale_ratio": null,
            "price_fair": 109.2,
            "eps_avg_yearly": 3.12,
            "eps_latest_yearly": 1.36,
            "eps_growth_yearly": 97.59
        },
        "20094": {
            "year_quarter": 20094,
            "year": 2009,
            "quarter": 4,
            "eps": -0.34,
            "eps_growth_year": null,
            "eps_4q": -0.67,
            "eps_4q_growth_year": -325,
            "roe": -1.93,
            "roe_4q": -3.93,
            "gross_profit": 232160,
            "gross_margin": 8.31,
            "gross_margin_4q_avg": 11.62,
            "net_income": -141356,
            "revenue": 2793279,
            "common_shares": 4482912,
            "book_valuer_per_share": 16.66,
            "book_valuer_per_share_4q_avg": 16.21,
            "equity": 7318473,
            "current_ratio": 98.95,
            "debt_ratio": 52.25,
            "inventory_turnover_ratio": 3.78,
            "account_receivable_turnover_ratio": 2.17,
            "reinvestment_rate": 8.16,
            "research_to_sale_ratio": null,
            "price_fair": 104.38,
            "eps_avg_yearly": 2.98,
            "eps_latest_yearly": 1.36,
            "eps_growth_yearly": 40.21
        },
        "20101": {
            "year_quarter": 20101,
            "year": 2010,
            "quarter": 1,
            "eps": -0.32,
            "eps_growth_year": null,
            "eps_4q": -0.51,
            "eps_4q_growth_year": null,
            "roe": -1.83,
            "roe_4q": -2.8299999999999996,
            "gross_profit": 140015,
            "gross_margin": 6.01,
            "gross_margin_4q_avg": 11.66,
            "net_income": -132882,
            "revenue": 2329339,
            "common_shares": 4482912,
            "book_valuer_per_share": 16.43,
            "book_valuer_per_share_4q_avg": 16.3,
            "equity": 7221915,
            "current_ratio": 107.3,
            "debt_ratio": 50.49,
            "inventory_turnover_ratio": 2.94,
            "account_receivable_turnover_ratio": 1.04,
            "reinvestment_rate": 208.06,
            "research_to_sale_ratio": null,
            "price_fair": 113.23,
            "eps_avg_yearly": 3.24,
            "eps_latest_yearly": 1.36,
            "eps_growth_yearly": 84.23
        },
        "20102": {
            "year_quarter": 20102,
            "year": 2010,
            "quarter": 2,
            "eps": 0.14,
            "eps_growth_year": null,
            "eps_4q": -0.27,
            "eps_4q_growth_year": null,
            "roe": 0.94,
            "roe_4q": -1.2100000000000002,
            "gross_profit": 340056,
            "gross_margin": 11.05,
            "gross_margin_4q_avg": 9.48,
            "net_income": 68201,
            "revenue": 3077738,
            "common_shares": 4482912,
            "book_valuer_per_share": 16.65,
            "book_valuer_per_share_4q_avg": 16.48,
            "equity": 7325530,
            "current_ratio": 109.06,
            "debt_ratio": 51.54,
            "inventory_turnover_ratio": 3.3,
            "account_receivable_turnover_ratio": 1.34,
            "reinvestment_rate": 196.83,
            "research_to_sale_ratio": null,
            "price_fair": 123.8,
            "eps_avg_yearly": 3.54,
            "eps_latest_yearly": 1.36,
            "eps_growth_yearly": 86.74
        },
        "20103": {
            "year_quarter": 20103,
            "year": 2010,
            "quarter": 3,
            "eps": 0.3,
            "eps_growth_year": 24.41,
            "eps_4q": -0.22,
            "eps_4q_growth_year": null,
            "roe": 1.88,
            "roe_4q": -0.9400000000000002,
            "gross_profit": 523038,
            "gross_margin": 14.64,
            "gross_margin_4q_avg": 10,
            "net_income": 140497,
            "revenue": 3572944,
            "common_shares": 4482912,
            "book_valuer_per_share": 17.37,
            "book_valuer_per_share_4q_avg": 16.78,
            "equity": 7646128,
            "current_ratio": 103.84,
            "debt_ratio": 51.8,
            "inventory_turnover_ratio": 3.32,
            "account_receivable_turnover_ratio": 1.24,
            "reinvestment_rate": 215.64,
            "research_to_sale_ratio": null,
            "price_fair": 114.4,
            "eps_avg_yearly": 3.27,
            "eps_latest_yearly": 1.2,
            "eps_growth_yearly": 52.05
        },
        "20104": {
            "year_quarter": 20104,
            "year": 2010,
            "quarter": 4,
            "eps": 0.19,
            "eps_growth_year": null,
            "eps_4q": 0.31,
            "eps_4q_growth_year": null,
            "roe": 0.94,
            "roe_4q": 1.9299999999999997,
            "gross_profit": 583412,
            "gross_margin": 15.24,
            "gross_margin_4q_avg": 11.74,
            "net_income": 72332,
            "revenue": 3826979,
            "common_shares": 4482912,
            "book_valuer_per_share": 17.1,
            "book_valuer_per_share_4q_avg": 16.89,
            "equity": 7754401,
            "current_ratio": 102.11,
            "debt_ratio": 53.28,
            "inventory_turnover_ratio": 3.12,
            "account_receivable_turnover_ratio": 1.15,
            "reinvestment_rate": -30.64,
            "research_to_sale_ratio": null,
            "price_fair": 7.9,
            "eps_avg_yearly": 2.63,
            "eps_latest_yearly": 0.76,
            "eps_growth_yearly": -8.24
        },
        "20111": {
            "year_quarter": 20111,
            "year": 2011,
            "quarter": 1,
            "eps": 0.64,
            "eps_growth_year": null,
            "eps_4q": 1.26,
            "eps_4q_growth_year": null,
            "roe": 3.78,
            "roe_4q": 7.539999999999999,
            "gross_profit": 538540,
            "gross_margin": 14.64,
            "gross_margin_4q_avg": 13.89,
            "net_income": 303088,
            "revenue": 3678271,
            "common_shares": 4497477,
            "book_valuer_per_share": 17.86,
            "book_valuer_per_share_4q_avg": 17.25,
            "equity": 8299323,
            "current_ratio": 105.61,
            "debt_ratio": 52.14,
            "inventory_turnover_ratio": 2.76,
            "account_receivable_turnover_ratio": 1.03,
            "reinvestment_rate": 361.99,
            "research_to_sale_ratio": null,
            "price_fair": 82.6,
            "eps_avg_yearly": 2.36,
            "eps_latest_yearly": 2.56,
            "eps_growth_yearly": 135.01
        },
        "20112": {
            "year_quarter": 20112,
            "year": 2011,
            "quarter": 2,
            "eps": 0.14,
            "eps_growth_year": -3.02,
            "eps_4q": 1.04,
            "eps_4q_growth_year": null,
            "roe": 0.8,
            "roe_4q": 7.3999999999999995,
            "gross_profit": 471459,
            "gross_margin": 12.18,
            "gross_margin_4q_avg": 14.18,
            "net_income": 72118,
            "revenue": 3869341,
            "common_shares": 5497477,
            "book_valuer_per_share": 17.26,
            "book_valuer_per_share_4q_avg": 17.4,
            "equity": 9806678,
            "current_ratio": 124.72,
            "debt_ratio": 47.91,
            "inventory_turnover_ratio": 2.95,
            "account_receivable_turnover_ratio": 1.06,
            "reinvestment_rate": 510.86,
            "research_to_sale_ratio": null,
            "price_fair": 67.2,
            "eps_avg_yearly": 1.92,
            "eps_latest_yearly": 0.56,
            "eps_growth_yearly": 101.08
        },
        "20113": {
            "year_quarter": 20113,
            "year": 2011,
            "quarter": 3,
            "eps": 0.4,
            "eps_growth_year": 32.79,
            "eps_4q": 1.17,
            "eps_4q_growth_year": null,
            "roe": 2.23,
            "roe_4q": 7.75,
            "gross_profit": 448524,
            "gross_margin": 11.59,
            "gross_margin_4q_avg": 13.41,
            "net_income": 229281,
            "revenue": 3870101,
            "common_shares": 5790294,
            "book_valuer_per_share": 18.03,
            "book_valuer_per_share_4q_avg": 17.56,
            "equity": 10731033,
            "current_ratio": 114.21,
            "debt_ratio": 47.93,
            "inventory_turnover_ratio": 2.85,
            "account_receivable_turnover_ratio": 0.95,
            "reinvestment_rate": 804.53,
            "research_to_sale_ratio": null,
            "price_fair": 51,
            "eps_avg_yearly": 1.46,
            "eps_latest_yearly": 1.6,
            "eps_growth_yearly": 188.37
        },
        "20114": {
            "year_quarter": 20114,
            "year": 2011,
            "quarter": 4,
            "eps": -0.21,
            "eps_growth_year": -209.24,
            "eps_4q": 0.82,
            "eps_4q_growth_year": 165.28,
            "roe": -1.4,
            "roe_4q": 5.41,
            "gross_profit": 255136,
            "gross_margin": 7.61,
            "gross_margin_4q_avg": 11.51,
            "net_income": -148765,
            "revenue": 3350927,
            "common_shares": 5790294,
            "book_valuer_per_share": 17.8,
            "book_valuer_per_share_4q_avg": 17.74,
            "equity": 10542571,
            "current_ratio": 112.51,
            "debt_ratio": 47.4,
            "inventory_turnover_ratio": 2.87,
            "account_receivable_turnover_ratio": 0.84,
            "reinvestment_rate": -9.22,
            "research_to_sale_ratio": null,
            "price_fair": 46.9,
            "eps_avg_yearly": 1.34,
            "eps_latest_yearly": 1.6,
            "eps_growth_yearly": 256.68
        },
        "20121": {
            "year_quarter": 20121,
            "year": 2012,
            "quarter": 1,
            "eps": -0.15,
            "eps_growth_year": -123.44,
            "eps_4q": 0.17,
            "eps_4q_growth_year": -86.21,
            "roe": -0.93,
            "roe_4q": 0.7,
            "gross_profit": 169013,
            "gross_margin": 5.99,
            "gross_margin_4q_avg": 9.34,
            "net_income": -97468,
            "revenue": 2820522,
            "common_shares": 5790294,
            "book_valuer_per_share": 17.85,
            "book_valuer_per_share_4q_avg": 17.74,
            "equity": 10497028,
            "current_ratio": 117.96,
            "debt_ratio": 43.96,
            "inventory_turnover_ratio": 3.04,
            "account_receivable_turnover_ratio": 0.88,
            "reinvestment_rate": 1041.17,
            "research_to_sale_ratio": null,
            "price_fair": 46.76,
            "eps_avg_yearly": 1.34,
            "eps_latest_yearly": 1.6,
            "eps_growth_yearly": 337.64
        },
        "20122": {
            "year_quarter": 20122,
            "year": 2012,
            "quarter": 2,
            "eps": -0.1,
            "eps_growth_year": -174.87,
            "eps_4q": -0.06,
            "eps_4q_growth_year": -105.73,
            "roe": -0.7,
            "roe_4q": -0.7999999999999998,
            "gross_profit": 247350,
            "gross_margin": 8.34,
            "gross_margin_4q_avg": 8.38,
            "net_income": -71768,
            "revenue": 2965105,
            "common_shares": 5790294,
            "book_valuer_per_share": 16.95,
            "book_valuer_per_share_4q_avg": 17.66,
            "equity": 10021051,
            "current_ratio": 105.27,
            "debt_ratio": 46.61,
            "inventory_turnover_ratio": 3.11,
            "account_receivable_turnover_ratio": 1,
            "reinvestment_rate": 1167.44,
            "research_to_sale_ratio": null,
            "price_fair": 46.76,
            "eps_avg_yearly": 1.34,
            "eps_latest_yearly": 1.6,
            "eps_growth_yearly": 337.64
        },
        "20123": {
            "year_quarter": 20123,
            "year": 2012,
            "quarter": 3,
            "eps": -0.18,
            "eps_growth_year": -145.9,
            "eps_4q": -0.64,
            "eps_4q_growth_year": -154.75,
            "roe": -1.17,
            "roe_4q": -4.199999999999999,
            "gross_profit": 227029,
            "gross_margin": 8.32,
            "gross_margin_4q_avg": 7.57,
            "net_income": -115787,
            "revenue": 2730141,
            "common_shares": 5790294,
            "book_valuer_per_share": 16.63,
            "book_valuer_per_share_4q_avg": 17.31,
            "equity": 9814623,
            "current_ratio": 106.14,
            "debt_ratio": 44.99,
            "inventory_turnover_ratio": 2.63,
            "account_receivable_turnover_ratio": 0.91,
            "reinvestment_rate": null,
            "research_to_sale_ratio": null,
            "price_fair": 46.76,
            "eps_avg_yearly": 1.34,
            "eps_latest_yearly": 1.6,
            "eps_growth_yearly": 337.64
        },
        "20124": {
            "year_quarter": 20124,
            "year": 2012,
            "quarter": 4,
            "eps": -0.45,
            "eps_growth_year": null,
            "eps_4q": -0.89,
            "eps_4q_growth_year": -209.11,
            "roe": -2.98,
            "roe_4q": -5.78,
            "gross_profit": 261257,
            "gross_margin": 7.71,
            "gross_margin_4q_avg": 7.59,
            "net_income": -286101,
            "revenue": 3386914,
            "common_shares": 5790294,
            "book_valuer_per_share": 16.29,
            "book_valuer_per_share_4q_avg": 16.93,
            "equity": 9369804,
            "current_ratio": 120.15,
            "debt_ratio": 49.17,
            "inventory_turnover_ratio": 2.88,
            "account_receivable_turnover_ratio": 1.06,
            "reinvestment_rate": null,
            "research_to_sale_ratio": null,
            "price_fair": 46.76,
            "eps_avg_yearly": 1.34,
            "eps_latest_yearly": 1.6,
            "eps_growth_yearly": 337.64
        },
        "20131": {
            "year_quarter": 20131,
            "year": 2013,
            "quarter": 1,
            "eps": 0,
            "eps_growth_year": null,
            "eps_4q": -0.74,
            "eps_4q_growth_year": -528.2,
            "roe": 0.01,
            "roe_4q": -4.840000000000001,
            "gross_profit": 193586,
            "gross_margin": 6.49,
            "gross_margin_4q_avg": 7.72,
            "net_income": 685,
            "revenue": 2984439,
            "common_shares": 5717934,
            "book_valuer_per_share": 16.11,
            "book_valuer_per_share_4q_avg": 16.5,
            "equity": 9269066,
            "current_ratio": 108.25,
            "debt_ratio": 48.2,
            "inventory_turnover_ratio": 2.51,
            "account_receivable_turnover_ratio": 0.86,
            "reinvestment_rate": 18135.89,
            "research_to_sale_ratio": 0.4,
            "price_fair": 46.76,
            "eps_avg_yearly": 1.34,
            "eps_latest_yearly": 1.6,
            "eps_growth_yearly": 337.64
        },
        "20132": {
            "year_quarter": 20132,
            "year": 2013,
            "quarter": 2,
            "eps": 0.32,
            "eps_growth_year": null,
            "eps_4q": -0.32,
            "eps_4q_growth_year": null,
            "roe": 2.1,
            "roe_4q": -2.04,
            "gross_profit": 480595,
            "gross_margin": 14.12,
            "gross_margin_4q_avg": 9.16,
            "net_income": 196272,
            "revenue": 3402645,
            "common_shares": 5717934,
            "book_valuer_per_share": 16.5,
            "book_valuer_per_share_4q_avg": 16.38,
            "equity": 9451302,
            "current_ratio": 114.49,
            "debt_ratio": 48.68,
            "inventory_turnover_ratio": 2.64,
            "account_receivable_turnover_ratio": 0.95,
            "reinvestment_rate": 1244.4,
            "research_to_sale_ratio": 0.3,
            "price_fair": 46.76,
            "eps_avg_yearly": 1.34,
            "eps_latest_yearly": 1.6,
            "eps_growth_yearly": 337.64
        },
        "20133": {
            "year_quarter": 20133,
            "year": 2013,
            "quarter": 3,
            "eps": 0.11,
            "eps_growth_year": null,
            "eps_4q": -0.02,
            "eps_4q_growth_year": null,
            "roe": 0.7,
            "roe_4q": -0.17000000000000037,
            "gross_profit": 418493,
            "gross_margin": 11.33,
            "gross_margin_4q_avg": 9.91,
            "net_income": 66376,
            "revenue": 3692146,
            "common_shares": 5691184,
            "book_valuer_per_share": 16.57,
            "book_valuer_per_share_4q_avg": 16.37,
            "equity": 9490688,
            "current_ratio": 120.18,
            "debt_ratio": 49.07,
            "inventory_turnover_ratio": 2.87,
            "account_receivable_turnover_ratio": 0.99,
            "reinvestment_rate": 1610.33,
            "research_to_sale_ratio": 0.21,
            "price_fair": 41.53,
            "eps_avg_yearly": 1.19,
            "eps_latest_yearly": 0.44,
            "eps_growth_yearly": 237.62
        },
        "20134": {
            "year_quarter": 20134,
            "year": 2013,
            "quarter": 4,
            "eps": 0,
            "eps_growth_year": null,
            "eps_4q": 0.44,
            "eps_4q_growth_year": null,
            "roe": -0.04,
            "roe_4q": 2.7699999999999996,
            "gross_profit": 280661,
            "gross_margin": 8.77,
            "gross_margin_4q_avg": 10.18,
            "net_income": -4186,
            "revenue": 3198671,
            "common_shares": 5691184,
            "book_valuer_per_share": 16.61,
            "book_valuer_per_share_4q_avg": 16.45,
            "equity": 9508412,
            "current_ratio": 122.9,
            "debt_ratio": 47.33,
            "inventory_turnover_ratio": 2.72,
            "account_receivable_turnover_ratio": 0.88,
            "reinvestment_rate": 728.35,
            "research_to_sale_ratio": 0.47,
            "price_fair": 41.53,
            "eps_avg_yearly": 1.19,
            "eps_latest_yearly": 0.44,
            "eps_growth_yearly": 237.62
        },
        "20141": {
            "year_quarter": 20141,
            "year": 2014,
            "quarter": 1,
            "eps": -0.1,
            "eps_growth_year": null,
            "eps_4q": 0.34,
            "eps_4q_growth_year": null,
            "roe": -0.62,
            "roe_4q": 2.14,
            "gross_profit": 228840,
            "gross_margin": 8.49,
            "gross_margin_4q_avg": 10.68,
            "net_income": -59324,
            "revenue": 2696534,
            "common_shares": 5691184,
            "book_valuer_per_share": 16.57,
            "book_valuer_per_share_4q_avg": 16.56,
            "equity": 9486130,
            "current_ratio": 121.89,
            "debt_ratio": 46.14,
            "inventory_turnover_ratio": 2.34,
            "account_receivable_turnover_ratio": 0.82,
            "reinvestment_rate": 640.38,
            "research_to_sale_ratio": 0.39,
            "price_fair": 41.53,
            "eps_avg_yearly": 1.19,
            "eps_latest_yearly": 0.44,
            "eps_growth_yearly": 237.62
        },
        "20142": {
            "year_quarter": 20142,
            "year": 2014,
            "quarter": 2,
            "eps": 0.14,
            "eps_growth_year": -56.25,
            "eps_4q": 0.15,
            "eps_4q_growth_year": null,
            "roe": 0.84,
            "roe_4q": 0.8799999999999999,
            "gross_profit": 452522,
            "gross_margin": 13.09,
            "gross_margin_4q_avg": 10.42,
            "net_income": 78706,
            "revenue": 3456667,
            "common_shares": 5691184,
            "book_valuer_per_share": 16.23,
            "book_valuer_per_share_4q_avg": 16.5,
            "equity": 9291780,
            "current_ratio": 116.69,
            "debt_ratio": 48.64,
            "inventory_turnover_ratio": 2.7,
            "account_receivable_turnover_ratio": 0.99,
            "reinvestment_rate": 547.89,
            "research_to_sale_ratio": 0.31,
            "price_fair": 41.53,
            "eps_avg_yearly": 1.19,
            "eps_latest_yearly": 0.44,
            "eps_growth_yearly": 237.62
        },
        "20143": {
            "year_quarter": 20143,
            "year": 2014,
            "quarter": 3,
            "eps": 0.39,
            "eps_growth_year": 254.55,
            "eps_4q": 0.43,
            "eps_4q_growth_year": null,
            "roe": 2.36,
            "roe_4q": 2.5399999999999996,
            "gross_profit": 536075,
            "gross_margin": 13.99,
            "gross_margin_4q_avg": 11.09,
            "net_income": 222307,
            "revenue": 3831185,
            "common_shares": 5691184,
            "book_valuer_per_share": 16.67,
            "book_valuer_per_share_4q_avg": 16.52,
            "equity": 9531260,
            "current_ratio": 145.3,
            "debt_ratio": 48.43,
            "inventory_turnover_ratio": 2.93,
            "account_receivable_turnover_ratio": 0.93,
            "reinvestment_rate": 398.18,
            "research_to_sale_ratio": 0.26,
            "price_fair": 43.63,
            "eps_avg_yearly": 1.25,
            "eps_latest_yearly": 1.56,
            "eps_growth_yearly": 280.47
        },
        "20144": {
            "year_quarter": 20144,
            "year": 2014,
            "quarter": 4,
            "eps": 0.48,
            "eps_growth_year": 13052.06,
            "eps_4q": 0.9,
            "eps_4q_growth_year": 106.04,
            "roe": 2.79,
            "roe_4q": 5.37,
            "gross_profit": 636389,
            "gross_margin": 16.35,
            "gross_margin_4q_avg": 12.98,
            "net_income": 271519,
            "revenue": 3891607,
            "common_shares": 5663184,
            "book_valuer_per_share": 17.31,
            "book_valuer_per_share_4q_avg": 16.7,
            "equity": 9901463,
            "current_ratio": 147.52,
            "debt_ratio": 46.87,
            "inventory_turnover_ratio": 3.07,
            "account_receivable_turnover_ratio": 0.88,
            "reinvestment_rate": 255.77,
            "research_to_sale_ratio": 0.47,
            "price_fair": 50.4,
            "eps_avg_yearly": 1.44,
            "eps_latest_yearly": 1.92,
            "eps_growth_yearly": 320.3
        },
        "20151": {
            "year_quarter": 20151,
            "year": 2015,
            "quarter": 1,
            "eps": 0.26,
            "eps_growth_year": null,
            "eps_4q": 1.27,
            "eps_4q_growth_year": 274.92,
            "roe": 1.43,
            "roe_4q": 7.42,
            "gross_profit": 557027,
            "gross_margin": 16.24,
            "gross_margin_4q_avg": 14.92,
            "net_income": 142815,
            "revenue": 3429315,
            "common_shares": 5663184,
            "book_valuer_per_share": 17.51,
            "book_valuer_per_share_4q_avg": 16.93,
            "equity": 10006996,
            "current_ratio": 152.27,
            "debt_ratio": 44.63,
            "inventory_turnover_ratio": 2.94,
            "account_receivable_turnover_ratio": 0.81,
            "reinvestment_rate": 184.23,
            "research_to_sale_ratio": 0.29,
            "price_fair": 41.53,
            "eps_avg_yearly": 1.19,
            "eps_latest_yearly": 1.04,
            "eps_growth_yearly": 131.85
        },
        "20152": {
            "year_quarter": 20152,
            "year": 2015,
            "quarter": 2,
            "eps": -0.08,
            "eps_growth_year": -157.14,
            "eps_4q": 1.06,
            "eps_4q_growth_year": 602.69,
            "roe": -0.49,
            "roe_4q": 6.09,
            "gross_profit": 386288,
            "gross_margin": 12.7,
            "gross_margin_4q_avg": 14.82,
            "net_income": -47612,
            "revenue": 3041054,
            "common_shares": 5663184,
            "book_valuer_per_share": 16.67,
            "book_valuer_per_share_4q_avg": 17.04,
            "equity": 9489767,
            "current_ratio": 130.92,
            "debt_ratio": 48.55,
            "inventory_turnover_ratio": 2.59,
            "account_receivable_turnover_ratio": 0.79,
            "reinvestment_rate": -47.11,
            "research_to_sale_ratio": 0.34,
            "price_fair": 45.92,
            "eps_avg_yearly": 1.31,
            "eps_latest_yearly": 1.04,
            "eps_growth_yearly": 220.72
        },
        "20153": {
            "year_quarter": 20153,
            "year": 2015,
            "quarter": 3,
            "eps": 0.53,
            "eps_growth_year": 35.9,
            "eps_4q": 1.21,
            "eps_4q_growth_year": 182.37,
            "roe": 3.07,
            "roe_4q": 6.8,
            "gross_profit": 585312,
            "gross_margin": 16.37,
            "gross_margin_4q_avg": 15.42,
            "net_income": 294551,
            "revenue": 3575656,
            "common_shares": 5663184,
            "book_valuer_per_share": 17.31,
            "book_valuer_per_share_4q_avg": 17.2,
            "equity": 9719762,
            "current_ratio": 122.02,
            "debt_ratio": 48.4,
            "inventory_turnover_ratio": 2.73,
            "account_receivable_turnover_ratio": 0.9,
            "reinvestment_rate": -341.87,
            "research_to_sale_ratio": 0.25,
            "price_fair": 43.4,
            "eps_avg_yearly": 1.24,
            "eps_latest_yearly": 1.04,
            "eps_growth_yearly": 90.19
        },
        "20154": {
            "year_quarter": 20154,
            "year": 2015,
            "quarter": 4,
            "eps": 0.26,
            "eps_growth_year": -46.04,
            "eps_4q": 0.98,
            "eps_4q_growth_year": 8.57,
            "roe": 1.39,
            "roe_4q": 5.3999999999999995,
            "gross_profit": 597925,
            "gross_margin": 15.98,
            "gross_margin_4q_avg": 15.32,
            "net_income": 135825,
            "revenue": 3742887,
            "common_shares": 5559654,
            "book_valuer_per_share": 17.5,
            "book_valuer_per_share_4q_avg": 17.25,
            "equity": 9809476,
            "current_ratio": 116.32,
            "debt_ratio": 49.16,
            "inventory_turnover_ratio": 2.86,
            "account_receivable_turnover_ratio": 0.85,
            "reinvestment_rate": -70.07,
            "research_to_sale_ratio": 0.5,
            "price_fair": 42,
            "eps_avg_yearly": 1.2,
            "eps_latest_yearly": 1.04,
            "eps_growth_yearly": 31.4
        },
        "20161": {
            "year_quarter": 20161,
            "year": 2016,
            "quarter": 1,
            "eps": -0.48,
            "eps_growth_year": -284.62,
            "eps_4q": 0.24,
            "eps_4q_growth_year": -81.39,
            "roe": -2.83,
            "roe_4q": 1.1399999999999997,
            "gross_profit": 138259,
            "gross_margin": 4.88,
            "gross_margin_4q_avg": 12.48,
            "net_income": -273558,
            "revenue": 2835399,
            "common_shares": 5559654,
            "book_valuer_per_share": 16.94,
            "book_valuer_per_share_4q_avg": 17.11,
            "equity": 9490219,
            "current_ratio": 117.02,
            "debt_ratio": 48.1,
            "inventory_turnover_ratio": 2.59,
            "account_receivable_turnover_ratio": 0.71,
            "reinvestment_rate": -38.54,
            "research_to_sale_ratio": 0.39,
            "price_fair": 42,
            "eps_avg_yearly": 1.2,
            "eps_latest_yearly": 1.04,
            "eps_growth_yearly": 31.4
        },
        "20162": {
            "year_quarter": 20162,
            "year": 2016,
            "quarter": 2,
            "eps": -1.07,
            "eps_growth_year": null,
            "eps_4q": -0.75,
            "eps_4q_growth_year": -170.98,
            "roe": -6.71,
            "roe_4q": -5.079999999999998,
            "gross_profit": -107444,
            "gross_margin": -4.12,
            "gross_margin_4q_avg": 8.28,
            "net_income": -600650,
            "revenue": 2605797,
            "common_shares": 5559654,
            "book_valuer_per_share": 15.02,
            "book_valuer_per_share_4q_avg": 16.69,
            "equity": 8414050,
            "current_ratio": 109.24,
            "debt_ratio": 52.01,
            "inventory_turnover_ratio": 2.76,
            "account_receivable_turnover_ratio": 0.78,
            "reinvestment_rate": -279.68,
            "research_to_sale_ratio": 0.51,
            "price_fair": 42,
            "eps_avg_yearly": 1.2,
            "eps_latest_yearly": 1.04,
            "eps_growth_yearly": 31.4
        },
        "20163": {
            "year_quarter": 20163,
            "year": 2016,
            "quarter": 3,
            "eps": -0.24,
            "eps_growth_year": -145.28,
            "eps_4q": -1.55,
            "eps_4q_growth_year": -228.14,
            "roe": -1.59,
            "roe_4q": -9.74,
            "gross_profit": 285048,
            "gross_margin": 8.44,
            "gross_margin_4q_avg": 6.3,
            "net_income": -131525,
            "revenue": 3378699,
            "common_shares": 5559654,
            "book_valuer_per_share": 14.72,
            "book_valuer_per_share_4q_avg": 16.05,
            "equity": 8128090,
            "current_ratio": 112.41,
            "debt_ratio": 57.42,
            "inventory_turnover_ratio": 2.79,
            "account_receivable_turnover_ratio": 0.97,
            "reinvestment_rate": 514.14,
            "research_to_sale_ratio": 0.31,
            "price_fair": 42,
            "eps_avg_yearly": 1.2,
            "eps_latest_yearly": 1.04,
            "eps_growth_yearly": 31.4
        },
        "20164": {
            "year_quarter": 20164,
            "year": 2016,
            "quarter": 4,
            "eps": 0.55,
            "eps_growth_year": 111.06,
            "eps_4q": -1.29,
            "eps_4q_growth_year": -231.73,
            "roe": 3.53,
            "roe_4q": -7.6000000000000005,
            "gross_profit": 471188,
            "gross_margin": 12.3,
            "gross_margin_4q_avg": 5.38,
            "net_income": 290053,
            "revenue": 3829932,
            "common_shares": 5559654,
            "book_valuer_per_share": 15.25,
            "book_valuer_per_share_4q_avg": 15.48,
            "equity": 8296548,
            "current_ratio": 109.25,
            "debt_ratio": 58.18,
            "inventory_turnover_ratio": 2.6,
            "account_receivable_turnover_ratio": 0.93,
            "reinvestment_rate": 78.89,
            "research_to_sale_ratio": 0.5,
            "price_fair": 42,
            "eps_avg_yearly": 1.2,
            "eps_latest_yearly": 1.04,
            "eps_growth_yearly": 31.4
        },
        "20171": {
            "year_quarter": 20171,
            "year": 2017,
            "quarter": 1,
            "eps": -0.44,
            "eps_growth_year": null,
            "eps_4q": -1.24,
            "eps_4q_growth_year": -624.33,
            "roe": -2.97,
            "roe_4q": -7.74,
            "gross_profit": 243301,
            "gross_margin": 6.56,
            "gross_margin_4q_avg": 5.8,
            "net_income": -240631,
            "revenue": 3708271,
            "common_shares": 5400284,
            "book_valuer_per_share": 14.54,
            "book_valuer_per_share_4q_avg": 14.88,
            "equity": 7906637,
            "current_ratio": 91.97,
            "debt_ratio": 60.79,
            "inventory_turnover_ratio": 2.53,
            "account_receivable_turnover_ratio": 0.88,
            "reinvestment_rate": 396.01,
            "research_to_sale_ratio": 0.32,
            "price_fair": 42,
            "eps_avg_yearly": 1.2,
            "eps_latest_yearly": 1.04,
            "eps_growth_yearly": 31.4
        },
        "20172": {
            "year_quarter": 20172,
            "year": 2017,
            "quarter": 2,
            "eps": 0.05,
            "eps_growth_year": null,
            "eps_4q": -0.08,
            "eps_4q_growth_year": null,
            "roe": 0.32,
            "roe_4q": -0.7100000000000006,
            "gross_profit": 409129,
            "gross_margin": 10.55,
            "gross_margin_4q_avg": 9.46,
            "net_income": 25743,
            "revenue": 3879684,
            "common_shares": 5437472,
            "book_valuer_per_share": 14.59,
            "book_valuer_per_share_4q_avg": 14.78,
            "equity": 7989539,
            "current_ratio": 108.16,
            "debt_ratio": 61.24,
            "inventory_turnover_ratio": 2.29,
            "account_receivable_turnover_ratio": 0.92,
            "reinvestment_rate": 780.24,
            "research_to_sale_ratio": 0.31,
            "price_fair": 42,
            "eps_avg_yearly": 1.2,
            "eps_latest_yearly": 1.04,
            "eps_growth_yearly": 31.4
        },
        "20173": {
            "year_quarter": 20173,
            "year": 2017,
            "quarter": 3,
            "eps": 0.34,
            "eps_growth_year": null,
            "eps_4q": 0.5,
            "eps_4q_growth_year": null,
            "roe": 2.21,
            "roe_4q": 3.0899999999999994,
            "gross_profit": 704456,
            "gross_margin": 15.94,
            "gross_margin_4q_avg": 11.34,
            "net_income": 179490,
            "revenue": 4419353,
            "common_shares": 5442956,
            "book_valuer_per_share": 15.07,
            "book_valuer_per_share_4q_avg": 14.86,
            "equity": 8255002,
            "current_ratio": 110.92,
            "debt_ratio": 62.27,
            "inventory_turnover_ratio": 1.96,
            "account_receivable_turnover_ratio": 0.96,
            "reinvestment_rate": 540.81,
            "research_to_sale_ratio": 0.37,
            "price_fair": 48.44,
            "eps_avg_yearly": 1.38,
            "eps_latest_yearly": 1.36,
            "eps_growth_yearly": 547.9
        },
        "20174": {
            "year_quarter": 20174,
            "year": 2017,
            "quarter": 4,
            "eps": 1.16,
            "eps_growth_year": 112.17,
            "eps_4q": 1.12,
            "eps_4q_growth_year": null,
            "roe": 7.73,
            "roe_4q": 7.290000000000001,
            "gross_profit": 1427099,
            "gross_margin": 23.3,
            "gross_margin_4q_avg": 14.09,
            "net_income": 687045,
            "revenue": 6124015,
            "common_shares": 6009991,
            "book_valuer_per_share": 15.78,
            "book_valuer_per_share_4q_avg": 15,
            "equity": 9527953,
            "current_ratio": 117.74,
            "debt_ratio": 57.54,
            "inventory_turnover_ratio": 2.2,
            "account_receivable_turnover_ratio": 1.19,
            "reinvestment_rate": 179.13,
            "research_to_sale_ratio": 0.19,
            "price_fair": 67.43,
            "eps_avg_yearly": 1.93,
            "eps_latest_yearly": 4.64,
            "eps_growth_yearly": 617.37
        },
        "20181": {
            "year_quarter": 20181,
            "year": 2018,
            "quarter": 1,
            "eps": 0.08,
            "eps_growth_year": null,
            "eps_4q": 1.58,
            "eps_4q_growth_year": null,
            "roe": 0.44,
            "roe_4q": 10.7,
            "gross_profit": 593314,
            "gross_margin": 13.36,
            "gross_margin_4q_avg": 15.79,
            "net_income": 42265,
            "revenue": 4441207,
            "common_shares": 6072619,
            "book_valuer_per_share": 15.88,
            "book_valuer_per_share_4q_avg": 15.33,
            "equity": 9676616,
            "current_ratio": 114.06,
            "debt_ratio": 55.52,
            "inventory_turnover_ratio": 1.72,
            "account_receivable_turnover_ratio": 0.93,
            "reinvestment_rate": 160.58,
            "research_to_sale_ratio": 0.3,
            "price_fair": 59.4,
            "eps_avg_yearly": 1.7,
            "eps_latest_yearly": 0.32,
            "eps_growth_yearly": 475.97
        },
        "20182": {
            "year_quarter": 20182,
            "year": 2018,
            "quarter": 2,
            "eps": 0.16,
            "eps_growth_year": 220,
            "eps_4q": 1.66,
            "eps_4q_growth_year": null,
            "roe": 0.94,
            "roe_4q": 11.32,
            "gross_profit": 499384,
            "gross_margin": 10.96,
            "gross_margin_4q_avg": 15.89,
            "net_income": 90250,
            "revenue": 4555340,
            "common_shares": 6072619,
            "book_valuer_per_share": 15.66,
            "book_valuer_per_share_4q_avg": 15.6,
            "equity": 9539341,
            "current_ratio": 107.46,
            "debt_ratio": 57.43,
            "inventory_turnover_ratio": 1.68,
            "account_receivable_turnover_ratio": 1.01,
            "reinvestment_rate": 184.94,
            "research_to_sale_ratio": 0.27,
            "price_fair": 54.78,
            "eps_avg_yearly": 1.57,
            "eps_latest_yearly": 0.64,
            "eps_growth_yearly": 466.47
        },
        "20183": {
            "year_quarter": 20183,
            "year": 2018,
            "quarter": 3,
            "eps": 0.38,
            "eps_growth_year": 11.76,
            "eps_4q": 1.74,
            "eps_4q_growth_year": 246.38,
            "roe": 2.42,
            "roe_4q": 11.530000000000001,
            "gross_profit": 790296,
            "gross_margin": 14.86,
            "gross_margin_4q_avg": 15.62,
            "net_income": 231695,
            "revenue": 5316971,
            "common_shares": 6194072,
            "book_valuer_per_share": 15.53,
            "book_valuer_per_share_4q_avg": 15.71,
            "equity": 9648086,
            "current_ratio": 107.14,
            "debt_ratio": 58.05,
            "inventory_turnover_ratio": 1.85,
            "account_receivable_turnover_ratio": 1.04,
            "reinvestment_rate": 209.92,
            "research_to_sale_ratio": 0.45,
            "price_fair": 54.6,
            "eps_avg_yearly": 1.56,
            "eps_latest_yearly": 1.52,
            "eps_growth_yearly": 445.94
        },
        "20184": {
            "year_quarter": 20184,
            "year": 2018,
            "quarter": 4,
            "eps": 0.45,
            "eps_growth_year": -61.22,
            "eps_4q": 1.06,
            "eps_4q_growth_year": -5.48,
            "roe": 2.81,
            "roe_4q": 6.61,
            "gross_profit": 824770,
            "gross_margin": 15.78,
            "gross_margin_4q_avg": 13.74,
            "net_income": 274913,
            "revenue": 5226091,
            "common_shares": 6194072,
            "book_valuer_per_share": 15.94,
            "book_valuer_per_share_4q_avg": 15.75,
            "equity": 9898944,
            "current_ratio": 111.95,
            "debt_ratio": 55.5,
            "inventory_turnover_ratio": 1.93,
            "account_receivable_turnover_ratio": 1.02,
            "reinvestment_rate": 195.4,
            "research_to_sale_ratio": 0.61,
            "price_fair": 54.08,
            "eps_avg_yearly": 1.55,
            "eps_latest_yearly": 1.8,
            "eps_growth_yearly": 443.61
        },
        "20191": {
            "year_quarter": 20191,
            "year": 2019,
            "quarter": 1,
            "eps": 0.33,
            "eps_growth_year": 312.5,
            "eps_4q": 1.31,
            "eps_4q_growth_year": -17.01,
            "roe": 2,
            "roe_4q": 8.17,
            "gross_profit": 757240,
            "gross_margin": 15.67,
            "gross_margin_4q_avg": 14.32,
            "net_income": 200909,
            "revenue": 4831710,
            "common_shares": 6194072,
            "book_valuer_per_share": 16.4,
            "book_valuer_per_share_4q_avg": 15.88,
            "equity": 10179425,
            "current_ratio": 112.56,
            "debt_ratio": 55.62,
            "inventory_turnover_ratio": 1.87,
            "account_receivable_turnover_ratio": 1,
            "reinvestment_rate": 219.09,
            "research_to_sale_ratio": 0.26,
            "price_fair": 55.3,
            "eps_avg_yearly": 1.58,
            "eps_latest_yearly": 1.32,
            "eps_growth_yearly": 453.19
        },
        "20192": {
            "year_quarter": 20192,
            "year": 2019,
            "quarter": 2,
            "eps": 0.81,
            "eps_growth_year": 406.25,
            "eps_4q": 1.97,
            "eps_4q_growth_year": 18.89,
            "roe": 4.91,
            "roe_4q": 12.14,
            "gross_profit": 1200313,
            "gross_margin": 21.29,
            "gross_margin_4q_avg": 16.9,
            "net_income": 504389,
            "revenue": 5638092,
            "common_shares": 6194072,
            "book_valuer_per_share": 16.73,
            "book_valuer_per_share_4q_avg": 16.15,
            "equity": 10383733,
            "current_ratio": 118.55,
            "debt_ratio": 56.35,
            "inventory_turnover_ratio": 2.11,
            "account_receivable_turnover_ratio": 1.13,
            "reinvestment_rate": 192.27,
            "research_to_sale_ratio": 0.22,
            "price_fair": 61.76,
            "eps_avg_yearly": 1.76,
            "eps_latest_yearly": 3.24,
            "eps_growth_yearly": 467.48
        },
        "20193": {
            "year_quarter": 20193,
            "year": 2019,
            "quarter": 3,
            "eps": 1.08,
            "eps_growth_year": 184.21,
            "eps_4q": 2.68,
            "eps_4q_growth_year": 54.18,
            "roe": 6.27,
            "roe_4q": 15.99,
            "gross_profit": 1569633,
            "gross_margin": 25.3,
            "gross_margin_4q_avg": 19.51,
            "net_income": 668469,
            "revenue": 6203982,
            "common_shares": 6194072,
            "book_valuer_per_share": 17.65,
            "book_valuer_per_share_4q_avg": 16.68,
            "equity": 10953200,
            "current_ratio": 118.66,
            "debt_ratio": 55.15,
            "inventory_turnover_ratio": 2.26,
            "account_receivable_turnover_ratio": 1.14,
            "reinvestment_rate": 166.22,
            "research_to_sale_ratio": 0.22,
            "price_fair": 70.7,
            "eps_avg_yearly": 2.02,
            "eps_latest_yearly": 4.32,
            "eps_growth_yearly": 434.07
        },
        "20194": {
            "year_quarter": 20194,
            "year": 2019,
            "quarter": 4,
            "eps": 0.58,
            "eps_growth_year": 28.14,
            "eps_4q": 2.8,
            "eps_4q_growth_year": 164.27,
            "roe": 3.21,
            "roe_4q": 16.39,
            "gross_profit": 1523784,
            "gross_margin": 26.53,
            "gross_margin_4q_avg": 22.2,
            "net_income": 357320,
            "revenue": 5744542,
            "common_shares": 6194072,
            "book_valuer_per_share": 18.27,
            "book_valuer_per_share_4q_avg": 17.26,
            "equity": 11335652,
            "current_ratio": 118.7,
            "debt_ratio": 54.68,
            "inventory_turnover_ratio": 1.93,
            "account_receivable_turnover_ratio": 1.04,
            "reinvestment_rate": 96.2,
            "research_to_sale_ratio": 0.46,
            "price_fair": 75.18,
            "eps_avg_yearly": 2.15,
            "eps_latest_yearly": 2.32,
            "eps_growth_yearly": 435.93
        },
        "20201": {
            "year_quarter": 20201,
            "year": 2020,
            "quarter": 1,
            "eps": 0.02,
            "eps_growth_year": -93.94,
            "eps_4q": 2.49,
            "eps_4q_growth_year": 90.13,
            "roe": 0.12,
            "roe_4q": 14.51,
            "gross_profit": 503928,
            "gross_margin": 13.87,
            "gross_margin_4q_avg": 21.75,
            "net_income": 13662,
            "revenue": 3632062,
            "common_shares": 6194072,
            "book_valuer_per_share": 18.01,
            "book_valuer_per_share_4q_avg": 17.67,
            "equity": 11156367,
            "current_ratio": 119.02,
            "debt_ratio": 54.25,
            "inventory_turnover_ratio": 1.27,
            "account_receivable_turnover_ratio": 0.81,
            "reinvestment_rate": 100.63,
            "research_to_sale_ratio": 0.66,
            "price_fair": 68.6,
            "eps_avg_yearly": 1.96,
            "eps_latest_yearly": 0.08,
            "eps_growth_yearly": 361.19
        },
        "20202": {
            "year_quarter": 20202,
            "year": 2020,
            "quarter": 2,
            "eps": -1.11,
            "eps_growth_year": -237.04,
            "eps_4q": 0.57,
            "eps_4q_growth_year": -71.21,
            "roe": -6.41,
            "roe_4q": 3.1899999999999995,
            "gross_profit": -382679,
            "gross_margin": -17.01,
            "gross_margin_4q_avg": 12.17,
            "net_income": -688086,
            "revenue": 2249610,
            "common_shares": 6194072,
            "book_valuer_per_share": 16.65,
            "book_valuer_per_share_4q_avg": 17.65,
            "equity": 10311950,
            "current_ratio": 126.13,
            "debt_ratio": 54.95,
            "inventory_turnover_ratio": 0.98,
            "account_receivable_turnover_ratio": 0.74,
            "reinvestment_rate": 99.36,
            "research_to_sale_ratio": 1.29,
            "price_fair": 68.6,
            "eps_avg_yearly": 1.96,
            "eps_latest_yearly": 0.08,
            "eps_growth_yearly": 361.19
        },
        "20203": {
            "year_quarter": 20203,
            "year": 2020,
            "quarter": 3,
            "eps": -0.67,
            "eps_growth_year": -162.04,
            "eps_4q": -1.19,
            "eps_4q_growth_year": -144.38,
            "roe": -4.11,
            "roe_4q": -7.19,
            "gross_profit": -129852,
            "gross_margin": -3.4,
            "gross_margin_4q_avg": 5,
            "net_income": -416686,
            "revenue": 3823215,
            "common_shares": 6194072,
            "book_valuer_per_share": 16.08,
            "book_valuer_per_share_4q_avg": 17.25,
            "equity": 9961366,
            "current_ratio": 122.67,
            "debt_ratio": 57.39,
            "inventory_turnover_ratio": 1.56,
            "account_receivable_turnover_ratio": 1.3,
            "reinvestment_rate": 91.05,
            "research_to_sale_ratio": 0.81,
            "price_fair": 68.6,
            "eps_avg_yearly": 1.96,
            "eps_latest_yearly": 0.08,
            "eps_growth_yearly": 361.19
        },
        "20204": {
            "year_quarter": 20204,
            "year": 2020,
            "quarter": 4,
            "eps": -0.56,
            "eps_growth_year": -196.54,
            "eps_4q": -2.32,
            "eps_4q_growth_year": -182.78,
            "roe": -3.51,
            "roe_4q": -13.910000000000002,
            "gross_profit": 5075,
            "gross_margin": 0.11,
            "gross_margin_4q_avg": -1.61,
            "net_income": -344350,
            "revenue": 4682085,
            "common_shares": 6194072,
            "book_valuer_per_share": 15.61,
            "book_valuer_per_share_4q_avg": 16.59,
            "equity": 9671800,
            "current_ratio": 98.75,
            "debt_ratio": 59.42,
            "inventory_turnover_ratio": 2.16,
            "account_receivable_turnover_ratio": 1.24,
            "reinvestment_rate": 134.26,
            "research_to_sale_ratio": 0.93,
            "price_fair": 68.6,
            "eps_avg_yearly": 1.96,
            "eps_latest_yearly": 0.08,
            "eps_growth_yearly": 361.19
        },
        "20211": {
            "year_quarter": 20211,
            "year": 2021,
            "quarter": 1,
            "eps": 1.89,
            "eps_growth_year": 9350,
            "eps_4q": -0.45,
            "eps_4q_growth_year": -118.01,
            "roe": 11.4,
            "roe_4q": -2.63,
            "gross_profit": 83985,
            "gross_margin": 2.46,
            "gross_margin_4q_avg": -4.46,
            "net_income": 1171179,
            "revenue": 3411592,
            "common_shares": 6194072,
            "book_valuer_per_share": 17.56,
            "book_valuer_per_share_4q_avg": 16.48,
            "equity": 10878975,
            "current_ratio": 121.38,
            "debt_ratio": 55.47,
            "inventory_turnover_ratio": 1.59,
            "account_receivable_turnover_ratio": 0.93,
            "reinvestment_rate": 54.7,
            "research_to_sale_ratio": 0.83,
            "price_fair": 68.6,
            "eps_avg_yearly": 1.96,
            "eps_latest_yearly": 0.08,
            "eps_growth_yearly": 361.19
        },
        "20212": {
            "year_quarter": 20212,
            "year": 2021,
            "quarter": 2,
            "eps": -0.8,
            "eps_growth_year": null,
            "eps_4q": -0.13,
            "eps_4q_growth_year": -123.8,
            "roe": -4.65,
            "roe_4q": -0.8700000000000001,
            "gross_profit": -117225,
            "gross_margin": -4.1,
            "gross_margin_4q_avg": -1.23,
            "net_income": -493707,
            "revenue": 2859600,
            "common_shares": 6194072,
            "book_valuer_per_share": 16.71,
            "book_valuer_per_share_4q_avg": 16.49,
            "equity": 10350383,
            "current_ratio": 106.33,
            "debt_ratio": 53.82,
            "inventory_turnover_ratio": 1.25,
            "account_receivable_turnover_ratio": 0.95,
            "reinvestment_rate": 49.45,
            "research_to_sale_ratio": 0.9,
            "price_fair": 68.6,
            "eps_avg_yearly": 1.96,
            "eps_latest_yearly": 0.08,
            "eps_growth_yearly": 361.19
        },
        "20213": {
            "year_quarter": 20213,
            "year": 2021,
            "quarter": 3,
            "eps": -0.99,
            "eps_growth_year": null,
            "eps_4q": -0.46,
            "eps_4q_growth_year": null,
            "roe": -6.15,
            "roe_4q": -2.91,
            "gross_profit": -219492,
            "gross_margin": -6.76,
            "gross_margin_4q_avg": -2.07,
            "net_income": -615460,
            "revenue": 3249350,
            "common_shares": 6194072,
            "book_valuer_per_share": 15.58,
            "book_valuer_per_share_4q_avg": 16.37,
            "equity": 9653402,
            "current_ratio": 100,
            "debt_ratio": 57.28,
            "inventory_turnover_ratio": 1.36,
            "account_receivable_turnover_ratio": 1.08,
            "reinvestment_rate": 54.42,
            "research_to_sale_ratio": 1.07,
            "price_fair": 70.7,
            "eps_avg_yearly": 2.02,
            "eps_latest_yearly": 0.08,
            "eps_growth_yearly": 165.31
        },
        "20214": {
            "year_quarter": 20214,
            "year": 2021,
            "quarter": 4,
            "eps": -0.49,
            "eps_growth_year": null,
            "eps_4q": -0.39,
            "eps_4q_growth_year": null,
            "roe": -3.18,
            "roe_4q": -2.58,
            "gross_profit": 17290,
            "gross_margin": 0.43,
            "gross_margin_4q_avg": -1.99,
            "net_income": -304129,
            "revenue": 3981027,
            "common_shares": 6194072,
            "book_valuer_per_share": 15.33,
            "book_valuer_per_share_4q_avg": 16.3,
            "equity": 9493243,
            "current_ratio": 109.68,
            "debt_ratio": 58.84,
            "inventory_turnover_ratio": 1.61,
            "account_receivable_turnover_ratio": 1.08,
            "reinvestment_rate": 117.99,
            "research_to_sale_ratio": 1.05,
            "price_fair": 60.51,
            "eps_avg_yearly": 1.73,
            "eps_latest_yearly": 0.08,
            "eps_growth_yearly": 76.48
        },
        "20221": {
            "year_quarter": 20221,
            "year": 2022,
            "quarter": 1,
            "eps": -0.4,
            "eps_growth_year": -121.16,
            "eps_4q": -2.68,
            "eps_4q_growth_year": null,
            "roe": -2.61,
            "roe_4q": -16.590000000000003,
            "gross_profit": 145773,
            "gross_margin": 4,
            "gross_margin_4q_avg": -1.61,
            "net_income": -246330,
            "revenue": 3640505,
            "common_shares": 6194072,
            "book_valuer_per_share": 15.15,
            "book_valuer_per_share_4q_avg": 15.69,
            "equity": 9385571,
            "current_ratio": 103.62,
            "debt_ratio": 60.21,
            "inventory_turnover_ratio": 1.37,
            "account_receivable_turnover_ratio": 0.89,
            "reinvestment_rate": 246.1,
            "research_to_sale_ratio": 0.86,
            "price_fair": 66.68,
            "eps_avg_yearly": 1.91,
            "eps_latest_yearly": 0.08,
            "eps_growth_yearly": 132.6
        },
        "20222": {
            "year_quarter": 20222,
            "year": 2022,
            "quarter": 2,
            "eps": 0.4,
            "eps_growth_year": null,
            "eps_4q": -1.48,
            "eps_4q_growth_year": null,
            "roe": 2.65,
            "roe_4q": -9.290000000000001,
            "gross_profit": 642013,
            "gross_margin": 14.84,
            "gross_margin_4q_avg": 3.13,
            "net_income": 250470,
            "revenue": 4326499,
            "common_shares": 6194072,
            "book_valuer_per_share": 15.33,
            "book_valuer_per_share_4q_avg": 15.35,
            "equity": 9497437,
            "current_ratio": 97.66,
            "debt_ratio": 60.59,
            "inventory_turnover_ratio": 1.29,
            "account_receivable_turnover_ratio": 1.02,
            "reinvestment_rate": 143.97,
            "research_to_sale_ratio": 0.6,
            "price_fair": 73,
            "eps_avg_yearly": 2.09,
            "eps_latest_yearly": 0.08,
            "eps_growth_yearly": 94.4
        },
        "20223": {
            "year_quarter": 20223,
            "year": 2022,
            "quarter": 3,
            "eps": 0.95,
            "eps_growth_year": null,
            "eps_4q": 0.47,
            "eps_4q_growth_year": null,
            "roe": 5.98,
            "roe_4q": 2.840000000000001,
            "gross_profit": 955029,
            "gross_margin": 17.27,
            "gross_margin_4q_avg": 9.14,
            "net_income": 616812,
            "revenue": 5529495,
            "common_shares": 6694072,
            "book_valuer_per_share": 16.62,
            "book_valuer_per_share_4q_avg": 15.61,
            "equity": 11125107,
            "current_ratio": 109.6,
            "debt_ratio": 55.98,
            "inventory_turnover_ratio": 1.61,
            "account_receivable_turnover_ratio": 1.07,
            "reinvestment_rate": 60.81,
            "research_to_sale_ratio": 0.79,
            "price_fair": 84.4,
            "eps_avg_yearly": 2.41,
            "eps_latest_yearly": 3.8,
            "eps_growth_yearly": 94.4
        },
        "20224": {
            "year_quarter": 20224,
            "year": 2022,
            "quarter": 4,
            "eps": -0.31,
            "eps_growth_year": null,
            "eps_4q": 0.62,
            "eps_4q_growth_year": null,
            "roe": -1.9,
            "roe_4q": 4.120000000000001,
            "gross_profit": 439944,
            "gross_margin": 11.2,
            "gross_margin_4q_avg": 11.83,
            "net_income": -207626,
            "revenue": 3927002,
            "common_shares": 6694072,
            "book_valuer_per_share": 16.02,
            "book_valuer_per_share_4q_avg": 15.78,
            "equity": 10724363,
            "current_ratio": 103.97,
            "debt_ratio": 54.16,
            "inventory_turnover_ratio": 1.28,
            "account_receivable_turnover_ratio": 0.77,
            "reinvestment_rate": 90.42,
            "research_to_sale_ratio": 1.06,
            "price_fair": 87.97,
            "eps_avg_yearly": 2.51,
            "eps_latest_yearly": 3.8,
            "eps_growth_yearly": 97.85
        },
        "20231": {
            "year_quarter": 20231,
            "year": 2023,
            "quarter": 1,
            "eps": -0.59,
            "eps_growth_year": null,
            "eps_4q": 0.39,
            "eps_4q_growth_year": null,
            "roe": -3.78,
            "roe_4q": 2.9500000000000006,
            "gross_profit": 86569,
            "gross_margin": 2.5,
            "gross_margin_4q_avg": 11.45,
            "net_income": -395542,
            "revenue": 3462899,
            "common_shares": 6694072,
            "book_valuer_per_share": 15.23,
            "book_valuer_per_share_4q_avg": 15.8,
            "equity": 10196803,
            "current_ratio": 96.7,
            "debt_ratio": 55.94,
            "inventory_turnover_ratio": 1.27,
            "account_receivable_turnover_ratio": 0.83,
            "reinvestment_rate": null,
            "research_to_sale_ratio": 0.65,
            "price_fair": 96.32,
            "eps_avg_yearly": 2.75,
            "eps_latest_yearly": 3.8,
            "eps_growth_yearly": 138.75
        }
    },
    "months": {
        "2001-06": {
            "month": "2001-06",
            "price": "13.47",
            "revenue": 313410
        },
        "2001-07": {
            "month": "2001-07",
            "price": "10.79",
            "revenue": 360381
        },
        "2001-08": {
            "month": "2001-08",
            "price": "10.38",
            "revenue": 406176
        },
        "2001-09": {
            "month": "2001-09",
            "price": "9.17",
            "revenue": 390509
        },
        "2001-10": {
            "month": "2001-10",
            "price": "8.38",
            "revenue": 505215
        },
        "2001-11": {
            "month": "2001-11",
            "price": "9.29",
            "revenue": 508732
        },
        "2001-12": {
            "month": "2001-12",
            "price": "11.32",
            "revenue": 323580
        },
        "2002-01": {
            "month": "2002-01",
            "price": "12.62",
            "revenue": 405102
        },
        "2002-02": {
            "month": "2002-02",
            "price": "12.46",
            "revenue": 355547
        },
        "2002-03": {
            "month": "2002-03",
            "price": "14.52",
            "revenue": 430393
        },
        "2002-04": {
            "month": "2002-04",
            "price": "18.16",
            "revenue": 456697
        },
        "2002-05": {
            "month": "2002-05",
            "price": "17.80",
            "revenue": 500954
        },
        "2002-06": {
            "month": "2002-06",
            "price": "16.00",
            "revenue": 479728
        },
        "2002-07": {
            "month": "2002-07",
            "price": "14.30",
            "revenue": 470164
        },
        "2002-08": {
            "month": "2002-08",
            "price": "12.65",
            "revenue": 474552
        },
        "2002-09": {
            "month": "2002-09",
            "price": "11.28",
            "revenue": 525493
        },
        "2002-10": {
            "month": "2002-10",
            "price": "10.87",
            "revenue": 552695
        },
        "2002-11": {
            "month": "2002-11",
            "price": "11.25",
            "revenue": 564415
        },
        "2002-12": {
            "month": "2002-12",
            "price": "10.89",
            "revenue": 431954
        },
        "2003-01": {
            "month": "2003-01",
            "price": "10.78",
            "revenue": 414703
        },
        "2003-02": {
            "month": "2003-02",
            "price": "10.15",
            "revenue": 310180
        },
        "2003-03": {
            "month": "2003-03",
            "price": "9.22",
            "revenue": 374916
        },
        "2003-04": {
            "month": "2003-04",
            "price": "8.47",
            "revenue": 421837
        },
        "2003-05": {
            "month": "2003-05",
            "price": "7.51",
            "revenue": 416163
        },
        "2003-06": {
            "month": "2003-06",
            "price": "9.86",
            "revenue": 380448
        },
        "2003-07": {
            "month": "2003-07",
            "price": "11.10",
            "revenue": 412407
        },
        "2003-08": {
            "month": "2003-08",
            "price": "9.83",
            "revenue": 433446
        },
        "2003-09": {
            "month": "2003-09",
            "price": "10.40",
            "revenue": 540351
        },
        "2003-10": {
            "month": "2003-10",
            "price": "11.63",
            "revenue": 624636
        },
        "2003-11": {
            "month": "2003-11",
            "price": "16.62",
            "revenue": 718119
        },
        "2003-12": {
            "month": "2003-12",
            "price": "19.19",
            "revenue": 800267
        },
        "2004-01": {
            "month": "2004-01",
            "price": "21.10",
            "revenue": 820175
        },
        "2004-02": {
            "month": "2004-02",
            "price": "22.27",
            "revenue": 762027
        },
        "2004-03": {
            "month": "2004-03",
            "price": "20.50",
            "revenue": 781983
        },
        "2004-04": {
            "month": "2004-04",
            "price": "22.20",
            "revenue": 800899
        },
        "2004-05": {
            "month": "2004-05",
            "price": "21.93",
            "revenue": 776049
        },
        "2004-06": {
            "month": "2004-06",
            "price": "16.61",
            "revenue": 745306
        },
        "2004-07": {
            "month": "2004-07",
            "price": "14.83",
            "revenue": 650513
        },
        "2004-08": {
            "month": "2004-08",
            "price": "15.75",
            "revenue": 660021
        },
        "2004-09": {
            "month": "2004-09",
            "price": "19.00",
            "revenue": 667846
        },
        "2004-10": {
            "month": "2004-10",
            "price": "16.06",
            "revenue": 830742
        },
        "2004-11": {
            "month": "2004-11",
            "price": "14.14",
            "revenue": 730837
        },
        "2004-12": {
            "month": "2004-12",
            "price": "12.50",
            "revenue": 520181
        },
        "2005-01": {
            "month": "2005-01",
            "price": "10.51",
            "revenue": 590072
        },
        "2005-02": {
            "month": "2005-02",
            "price": "11.22",
            "revenue": 447610
        },
        "2005-03": {
            "month": "2005-03",
            "price": "11.73",
            "revenue": 452887
        },
        "2005-04": {
            "month": "2005-04",
            "price": "10.98",
            "revenue": 422452
        },
        "2005-05": {
            "month": "2005-05",
            "price": "9.40",
            "revenue": 400918
        },
        "2005-06": {
            "month": "2005-06",
            "price": "11.25",
            "revenue": 450603
        },
        "2005-07": {
            "month": "2005-07",
            "price": "11.82",
            "revenue": 470482
        },
        "2005-08": {
            "month": "2005-08",
            "price": "10.44",
            "revenue": 600801
        },
        "2005-09": {
            "month": "2005-09",
            "price": "10.45",
            "revenue": 644293
        },
        "2005-10": {
            "month": "2005-10",
            "price": "10.33",
            "revenue": 702279
        },
        "2005-11": {
            "month": "2005-11",
            "price": "10.47",
            "revenue": 778428
        },
        "2005-12": {
            "month": "2005-12",
            "price": "12.07",
            "revenue": 851814
        },
        "2006-01": {
            "month": "2006-01",
            "price": "14.76",
            "revenue": 860896
        },
        "2006-02": {
            "month": "2006-02",
            "price": "14.08",
            "revenue": 782394
        },
        "2006-03": {
            "month": "2006-03",
            "price": "13.60",
            "revenue": 871900
        },
        "2006-04": {
            "month": "2006-04",
            "price": "14.49",
            "revenue": 760624
        },
        "2006-05": {
            "month": "2006-05",
            "price": "13.90",
            "revenue": 808106
        },
        "2006-06": {
            "month": "2006-06",
            "price": "12.16",
            "revenue": 805618
        },
        "2006-07": {
            "month": "2006-07",
            "price": "11.48",
            "revenue": 762084
        },
        "2006-08": {
            "month": "2006-08",
            "price": "12.23",
            "revenue": 850510
        },
        "2006-09": {
            "month": "2006-09",
            "price": "12.68",
            "revenue": 860346
        },
        "2006-10": {
            "month": "2006-10",
            "price": "13.26",
            "revenue": 920144
        },
        "2006-11": {
            "month": "2006-11",
            "price": "14.75",
            "revenue": 951858
        },
        "2006-12": {
            "month": "2006-12",
            "price": "17.44",
            "revenue": 815660
        },
        "2007-01": {
            "month": "2007-01",
            "price": "17.48",
            "revenue": 961953
        },
        "2007-02": {
            "month": "2007-02",
            "price": "17.60",
            "revenue": 802327
        },
        "2007-03": {
            "month": "2007-03",
            "price": "16.92",
            "revenue": 803797
        },
        "2007-04": {
            "month": "2007-04",
            "price": "22.14",
            "revenue": 806803
        },
        "2007-05": {
            "month": "2007-05",
            "price": "25.93",
            "revenue": 780554
        },
        "2007-06": {
            "month": "2007-06",
            "price": "29.92",
            "revenue": 743015
        },
        "2007-07": {
            "month": "2007-07",
            "price": "33.36",
            "revenue": 803278
        },
        "2007-08": {
            "month": "2007-08",
            "price": "32.14",
            "revenue": 908929
        },
        "2007-09": {
            "month": "2007-09",
            "price": "33.47",
            "revenue": 1010831
        },
        "2007-10": {
            "month": "2007-10",
            "price": "34.32",
            "revenue": 1040203
        },
        "2007-11": {
            "month": "2007-11",
            "price": "34.33",
            "revenue": 1031102
        },
        "2007-12": {
            "month": "2007-12",
            "price": "29.93",
            "revenue": 926809
        },
        "2008-01": {
            "month": "2008-01",
            "price": "25.84",
            "revenue": 1033060
        },
        "2008-02": {
            "month": "2008-02",
            "price": "25.49",
            "revenue": 803291
        },
        "2008-03": {
            "month": "2008-03",
            "price": "26.87",
            "revenue": 909383
        },
        "2008-04": {
            "month": "2008-04",
            "price": "28.05",
            "revenue": 841010
        },
        "2008-05": {
            "month": "2008-05",
            "price": "27.16",
            "revenue": 843045
        },
        "2008-06": {
            "month": "2008-06",
            "price": "24.79",
            "revenue": 805752
        },
        "2008-07": {
            "month": "2008-07",
            "price": "21.81",
            "revenue": 852698
        },
        "2008-08": {
            "month": "2008-08",
            "price": "18.66",
            "revenue": 973138
        },
        "2008-09": {
            "month": "2008-09",
            "price": "13.97",
            "revenue": 824559
        },
        "2008-10": {
            "month": "2008-10",
            "price": "11.01",
            "revenue": 921314
        },
        "2008-11": {
            "month": "2008-11",
            "price": "7.36",
            "revenue": 603573
        },
        "2008-12": {
            "month": "2008-12",
            "price": "6.80",
            "revenue": 530824
        },
        "2009-01": {
            "month": "2009-01",
            "price": "7.06",
            "revenue": 471568
        },
        "2009-02": {
            "month": "2009-02",
            "price": "6.87",
            "revenue": 501201
        },
        "2009-03": {
            "month": "2009-03",
            "price": "8.69",
            "revenue": 621582
        },
        "2009-04": {
            "month": "2009-04",
            "price": "11.29",
            "revenue": 642774
        },
        "2009-05": {
            "month": "2009-05",
            "price": "11.68",
            "revenue": 651845
        },
        "2009-06": {
            "month": "2009-06",
            "price": "9.96",
            "revenue": 677034
        },
        "2009-07": {
            "month": "2009-07",
            "price": "9.94",
            "revenue": 767220
        },
        "2009-08": {
            "month": "2009-08",
            "price": "10.30",
            "revenue": 718844
        },
        "2009-09": {
            "month": "2009-09",
            "price": "10.91",
            "revenue": 841445
        },
        "2009-10": {
            "month": "2009-10",
            "price": "11.75",
            "revenue": 802176
        },
        "2009-11": {
            "month": "2009-11",
            "price": "11.91",
            "revenue": 786051
        },
        "2009-12": {
            "month": "2009-12",
            "price": "13.37",
            "revenue": 623633
        },
        "2010-01": {
            "month": "2010-01",
            "price": "12.72",
            "revenue": 550411
        },
        "2010-02": {
            "month": "2010-02",
            "price": "10.70",
            "revenue": 530114
        },
        "2010-03": {
            "month": "2010-03",
            "price": "12.04",
            "revenue": 685319
        },
        "2010-04": {
            "month": "2010-04",
            "price": "12.58",
            "revenue": 793143
        },
        "2010-05": {
            "month": "2010-05",
            "price": "10.95",
            "revenue": 810967
        },
        "2010-06": {
            "month": "2010-06",
            "price": "10.40",
            "revenue": 816942
        },
        "2010-07": {
            "month": "2010-07",
            "price": "11.25",
            "revenue": 1134682
        },
        "2010-08": {
            "month": "2010-08",
            "price": "13.17",
            "revenue": 1139953
        },
        "2010-09": {
            "month": "2010-09",
            "price": "14.93",
            "revenue": 1282294
        },
        "2010-10": {
            "month": "2010-10",
            "price": "14.35",
            "revenue": 1375217
        },
        "2010-11": {
            "month": "2010-11",
            "price": "14.45",
            "revenue": 1310979
        },
        "2010-12": {
            "month": "2010-12",
            "price": "19.72",
            "revenue": 1187716
        },
        "2011-01": {
            "month": "2011-01",
            "price": "18.86",
            "revenue": 1235331
        },
        "2011-02": {
            "month": "2011-02",
            "price": "19.35",
            "revenue": 1116674
        },
        "2011-03": {
            "month": "2011-03",
            "price": "17.97",
            "revenue": 1323410
        },
        "2011-04": {
            "month": "2011-04",
            "price": "18.07",
            "revenue": 1307851
        },
        "2011-05": {
            "month": "2011-05",
            "price": "19.19",
            "revenue": 1309673
        },
        "2011-06": {
            "month": "2011-06",
            "price": "18.12",
            "revenue": 1245434
        },
        "2011-07": {
            "month": "2011-07",
            "price": "16.80",
            "revenue": 1137175
        },
        "2011-08": {
            "month": "2011-08",
            "price": "14.39",
            "revenue": 1367013
        },
        "2011-09": {
            "month": "2011-09",
            "price": "13.67",
            "revenue": 1336977
        },
        "2011-10": {
            "month": "2011-10",
            "price": "13.87",
            "revenue": 1284925
        },
        "2011-11": {
            "month": "2011-11",
            "price": "13.52",
            "revenue": 1170875
        },
        "2011-12": {
            "month": "2011-12",
            "price": "12.24",
            "revenue": 915914
        },
        "2012-01": {
            "month": "2012-01",
            "price": "12.37",
            "revenue": 858137
        },
        "2012-02": {
            "month": "2012-02",
            "price": "14.01",
            "revenue": 903548
        },
        "2012-03": {
            "month": "2012-03",
            "price": "14.30",
            "revenue": 1058065
        },
        "2012-04": {
            "month": "2012-04",
            "price": "12.41",
            "revenue": 1057809
        },
        "2012-05": {
            "month": "2012-05",
            "price": "11.44",
            "revenue": 1012479
        },
        "2012-06": {
            "month": "2012-06",
            "price": "10.87",
            "revenue": 911981
        },
        "2012-07": {
            "month": "2012-07",
            "price": "10.34",
            "revenue": 897331
        },
        "2012-08": {
            "month": "2012-08",
            "price": "9.94",
            "revenue": 914218
        },
        "2012-09": {
            "month": "2012-09",
            "price": "10.46",
            "revenue": 917672
        },
        "2012-10": {
            "month": "2012-10",
            "price": "9.42",
            "revenue": 1099167
        },
        "2012-11": {
            "month": "2012-11",
            "price": "9.20",
            "revenue": 1219682
        },
        "2012-12": {
            "month": "2012-12",
            "price": "9.65",
            "revenue": 965330
        },
        "2013-01": {
            "month": "2013-01",
            "price": "9.93",
            "revenue": 1057645
        },
        "2013-02": {
            "month": "2013-02",
            "price": "9.76",
            "revenue": 850234
        },
        "2013-03": {
            "month": "2013-03",
            "price": "9.63",
            "revenue": 1079712
        },
        "2013-04": {
            "month": "2013-04",
            "price": "9.25",
            "revenue": 1185495
        },
        "2013-05": {
            "month": "2013-05",
            "price": "10.24",
            "revenue": 1143036
        },
        "2013-06": {
            "month": "2013-06",
            "price": "10.86",
            "revenue": 1069178
        },
        "2013-07": {
            "month": "2013-07",
            "price": "11.25",
            "revenue": 1243450
        },
        "2013-08": {
            "month": "2013-08",
            "price": "11.70",
            "revenue": 1250398
        },
        "2013-09": {
            "month": "2013-09",
            "price": "13.13",
            "revenue": 1199801
        },
        "2013-10": {
            "month": "2013-10",
            "price": "12.82",
            "revenue": 1072400
        },
        "2013-11": {
            "month": "2013-11",
            "price": "11.57",
            "revenue": 1110190
        },
        "2013-12": {
            "month": "2013-12",
            "price": "11.54",
            "revenue": 1005937
        },
        "2014-01": {
            "month": "2014-01",
            "price": "12.25",
            "revenue": 871596
        },
        "2014-02": {
            "month": "2014-02",
            "price": "11.97",
            "revenue": 748735
        },
        "2014-03": {
            "month": "2014-03",
            "price": "12.34",
            "revenue": 1077829
        },
        "2014-04": {
            "month": "2014-04",
            "price": "12.28",
            "revenue": 1178970
        },
        "2014-05": {
            "month": "2014-05",
            "price": "12.11",
            "revenue": 1192123
        },
        "2014-06": {
            "month": "2014-06",
            "price": "12.27",
            "revenue": 1084727
        },
        "2014-07": {
            "month": "2014-07",
            "price": "12.21",
            "revenue": 1145568
        },
        "2014-08": {
            "month": "2014-08",
            "price": "12.03",
            "revenue": 1272330
        },
        "2014-09": {
            "month": "2014-09",
            "price": "13.25",
            "revenue": 1414334
        },
        "2014-10": {
            "month": "2014-10",
            "price": "12.83",
            "revenue": 1363938
        },
        "2014-11": {
            "month": "2014-11",
            "price": "12.22",
            "revenue": 1225100
        },
        "2014-12": {
            "month": "2014-12",
            "price": "12.96",
            "revenue": 1301667
        },
        "2015-01": {
            "month": "2015-01",
            "price": "13.47",
            "revenue": 1270558
        },
        "2015-02": {
            "month": "2015-02",
            "price": "14.11",
            "revenue": 1018200
        },
        "2015-03": {
            "month": "2015-03",
            "price": "15.17",
            "revenue": 1133872
        },
        "2015-04": {
            "month": "2015-04",
            "price": "14.81",
            "revenue": 1005192
        },
        "2015-05": {
            "month": "2015-05",
            "price": "12.72",
            "revenue": 906654
        },
        "2015-06": {
            "month": "2015-06",
            "price": "12.10",
            "revenue": 1135892
        },
        "2015-07": {
            "month": "2015-07",
            "price": "12.15",
            "revenue": 1217428
        },
        "2015-08": {
            "month": "2015-08",
            "price": "10.61",
            "revenue": 1095784
        },
        "2015-09": {
            "month": "2015-09",
            "price": "10.46",
            "revenue": 1262445
        },
        "2015-10": {
            "month": "2015-10",
            "price": "11.10",
            "revenue": 1395424
        },
        "2015-11": {
            "month": "2015-11",
            "price": "11.84",
            "revenue": 1339412
        },
        "2015-12": {
            "month": "2015-12",
            "price": "12.89",
            "revenue": 1009158
        },
        "2016-01": {
            "month": "2016-01",
            "price": "11.52",
            "revenue": 1083225
        },
        "2016-02": {
            "month": "2016-02",
            "price": "11.66",
            "revenue": 784664
        },
        "2016-03": {
            "month": "2016-03",
            "price": "12.30",
            "revenue": 967510
        },
        "2016-04": {
            "month": "2016-04",
            "price": "11.42",
            "revenue": 836658
        },
        "2016-05": {
            "month": "2016-05",
            "price": "10.23",
            "revenue": 923606
        },
        "2016-06": {
            "month": "2016-06",
            "price": "10.34",
            "revenue": 845519
        },
        "2016-07": {
            "month": "2016-07",
            "price": "10.08",
            "revenue": 931198
        },
        "2016-08": {
            "month": "2016-08",
            "price": "9.93",
            "revenue": 1222623
        },
        "2016-09": {
            "month": "2016-09",
            "price": "10.10",
            "revenue": 1224892
        },
        "2016-10": {
            "month": "2016-10",
            "price": "10.00",
            "revenue": 1252665
        },
        "2016-11": {
            "month": "2016-11",
            "price": "9.45",
            "revenue": 1276874
        },
        "2016-12": {
            "month": "2016-12",
            "price": "9.31",
            "revenue": 1294217
        },
        "2017-01": {
            "month": "2017-01",
            "price": "9.36",
            "revenue": 1144485
        },
        "2017-02": {
            "month": "2017-02",
            "price": "10.72",
            "revenue": 1263863
        },
        "2017-03": {
            "month": "2017-03",
            "price": "11.41",
            "revenue": 1299923
        },
        "2017-04": {
            "month": "2017-04",
            "price": "11.41",
            "revenue": 1275064
        },
        "2017-05": {
            "month": "2017-05",
            "price": "10.77",
            "revenue": 1283282
        },
        "2017-06": {
            "month": "2017-06",
            "price": "10.92",
            "revenue": 1321913
        },
        "2017-07": {
            "month": "2017-07",
            "price": "10.50",
            "revenue": 1272280
        },
        "2017-08": {
            "month": "2017-08",
            "price": "10.66",
            "revenue": 1459069
        },
        "2017-09": {
            "month": "2017-09",
            "price": "10.99",
            "revenue": 1687429
        },
        "2017-10": {
            "month": "2017-10",
            "price": "11.89",
            "revenue": 1830007
        },
        "2017-11": {
            "month": "2017-11",
            "price": "15.86",
            "revenue": 2166827
        },
        "2017-12": {
            "month": "2017-12",
            "price": "21.88",
            "revenue": 2127181
        },
        "2018-01": {
            "month": "2018-01",
            "price": "24.05",
            "revenue": 1830288
        },
        "2018-02": {
            "month": "2018-02",
            "price": "20.96",
            "revenue": 1119336
        },
        "2018-03": {
            "month": "2018-03",
            "price": "19.67",
            "revenue": 1491598
        },
        "2018-04": {
            "month": "2018-04",
            "price": "21.39",
            "revenue": 1483507
        },
        "2018-05": {
            "month": "2018-05",
            "price": "22.24",
            "revenue": 1536371
        },
        "2018-06": {
            "month": "2018-06",
            "price": "22.49",
            "revenue": 1535447
        },
        "2018-07": {
            "month": "2018-07",
            "price": "21.08",
            "revenue": 1700270
        },
        "2018-08": {
            "month": "2018-08",
            "price": "19.69",
            "revenue": 1808797
        },
        "2018-09": {
            "month": "2018-09",
            "price": "16.81",
            "revenue": 1807905
        },
        "2018-10": {
            "month": "2018-10",
            "price": "13.96",
            "revenue": 1840776
        },
        "2018-11": {
            "month": "2018-11",
            "price": "13.65",
            "revenue": 1717710
        },
        "2018-12": {
            "month": "2018-12",
            "price": "14.90",
            "revenue": 1667605
        },
        "2019-01": {
            "month": "2019-01",
            "price": "14.46",
            "revenue": 1935138
        },
        "2019-02": {
            "month": "2019-02",
            "price": "18.65",
            "revenue": 1169409
        },
        "2019-03": {
            "month": "2019-03",
            "price": "21.02",
            "revenue": 1727162
        },
        "2019-04": {
            "month": "2019-04",
            "price": "20.52",
            "revenue": 1863452
        },
        "2019-05": {
            "month": "2019-05",
            "price": "18.39",
            "revenue": 1860316
        },
        "2019-06": {
            "month": "2019-06",
            "price": "19.86",
            "revenue": 1914323
        },
        "2019-07": {
            "month": "2019-07",
            "price": "22.98",
            "revenue": 2016902
        },
        "2019-08": {
            "month": "2019-08",
            "price": "23.61",
            "revenue": 2077404
        },
        "2019-09": {
            "month": "2019-09",
            "price": "33.53",
            "revenue": 2109677
        },
        "2019-10": {
            "month": "2019-10",
            "price": "35.19",
            "revenue": 2005220
        },
        "2019-11": {
            "month": "2019-11",
            "price": "34.93",
            "revenue": 1875179
        },
        "2019-12": {
            "month": "2019-12",
            "price": "32.50",
            "revenue": 1864144
        },
        "2020-01": {
            "month": "2020-01",
            "price": "32.56",
            "revenue": 1435268
        },
        "2020-02": {
            "month": "2020-02",
            "price": "29.26",
            "revenue": 1056811
        },
        "2020-03": {
            "month": "2020-03",
            "price": "21.71",
            "revenue": 1139982
        },
        "2020-04": {
            "month": "2020-04",
            "price": "21.66",
            "revenue": 776210
        },
        "2020-05": {
            "month": "2020-05",
            "price": "22.92",
            "revenue": 681631
        },
        "2020-06": {
            "month": "2020-06",
            "price": "25.02",
            "revenue": 791769
        },
        "2020-07": {
            "month": "2020-07",
            "price": "25.82",
            "revenue": 991354
        },
        "2020-08": {
            "month": "2020-08",
            "price": "24.08",
            "revenue": 1409013
        },
        "2020-09": {
            "month": "2020-09",
            "price": "21.53",
            "revenue": 1422847
        },
        "2020-10": {
            "month": "2020-10",
            "price": "21.91",
            "revenue": 1471783
        },
        "2020-11": {
            "month": "2020-11",
            "price": "21.87",
            "revenue": 1655217
        },
        "2020-12": {
            "month": "2020-12",
            "price": "22.87",
            "revenue": 1555084
        },
        "2021-01": {
            "month": "2021-01",
            "price": "21.68",
            "revenue": 1281778
        },
        "2021-02": {
            "month": "2021-02",
            "price": "20.60",
            "revenue": 1026814
        },
        "2021-03": {
            "month": "2021-03",
            "price": "21.98",
            "revenue": 1103001
        },
        "2021-04": {
            "month": "2021-04",
            "price": "22.15",
            "revenue": 1027439
        },
        "2021-05": {
            "month": "2021-05",
            "price": "20.37",
            "revenue": 925657
        },
        "2021-06": {
            "month": "2021-06",
            "price": "22.05",
            "revenue": 906504
        },
        "2021-07": {
            "month": "2021-07",
            "price": "21.84",
            "revenue": 1131471
        },
        "2021-08": {
            "month": "2021-08",
            "price": "19.72",
            "revenue": 1027403
        },
        "2021-09": {
            "month": "2021-09",
            "price": "18.74",
            "revenue": 1090477
        },
        "2021-10": {
            "month": "2021-10",
            "price": "17.36",
            "revenue": 1179716
        },
        "2021-11": {
            "month": "2021-11",
            "price": "19.26",
            "revenue": 1369665
        },
        "2021-12": {
            "month": "2021-12",
            "price": "19.13",
            "revenue": 1431646
        },
        "2022-01": {
            "month": "2022-01",
            "price": "18.84",
            "revenue": 1250622
        },
        "2022-02": {
            "month": "2022-02",
            "price": "18.60",
            "revenue": 961622
        },
        "2022-03": {
            "month": "2022-03",
            "price": "17.87",
            "revenue": 1428262
        },
        "2022-04": {
            "month": "2022-04",
            "price": "17.05",
            "revenue": 1296427
        },
        "2022-05": {
            "month": "2022-05",
            "price": "16.38",
            "revenue": 1513453
        },
        "2022-06": {
            "month": "2022-06",
            "price": "17.40",
            "revenue": 1516619
        },
        "2022-07": {
            "month": "2022-07",
            "price": "16.61",
            "revenue": 1756020
        },
        "2022-08": {
            "month": "2022-08",
            "price": "19.73",
            "revenue": 1888943
        },
        "2022-09": {
            "month": "2022-09",
            "price": "22.57",
            "revenue": 1884532
        },
        "2022-10": {
            "month": "2022-10",
            "price": "18.34",
            "revenue": 1532223
        },
        "2022-11": {
            "month": "2022-11",
            "price": "18.70",
            "revenue": 1330466
        },
        "2022-12": {
            "month": "2022-12",
            "price": "18.34",
            "revenue": 1064313
        },
        "2023-01": {
            "month": "2023-01",
            "price": "17.83",
            "revenue": 1037695
        },
        "2023-02": {
            "month": "2023-02",
            "price": "18.64",
            "revenue": 1028384
        },
        "2023-03": {
            "month": "2023-03",
            "price": "18.60",
            "revenue": 1396820
        },
        "2023-04": {
            "month": "2023-04",
            "price": "18.50",
            "revenue": 1269588
        },
        "2023-05": {
            "month": "2023-05",
            "price": "17.88",
            "revenue": 1397098
        }
    }
}
