{
    "summary": {
        "stock_name": "金像電",
        "stock_id": "2368",
        "category": "電子零組件",
        "main_business": "雙層、多層印刷電路板之製造加工及買賣業務。<br>各種電腦、電子、通訊、資訊產品及其週邊設備與電子零件、加工。",
        "website_url": "http://www.gce.com.tw/",
        "ceo": "楊承澤",
        "pe_ratio": 16,
        "report_year_from": 2001,
        "report_year_to": 2023,
        "age": 22,
        "eps_negative_percentage": 30,
        "eps_growth_avg": {
            "last_all": -9.84,
            "last_2y": 67.23,
            "last_4y": 39.11,
            "last_8y": 3.22,
            "last_12y": -9.68,
            "last_16y": -20.04,
            "last_20y": -9.84,
            "at_2006_last_3y": 36.79,
            "at_2007_last_3y": 29.09,
            "at_2008_last_3y": -15.09,
            "at_2009_last_3y": -40.75,
            "at_2010_last_3y": -56.91,
            "at_2011_last_3y": -92.23,
            "at_2012_last_3y": -100,
            "at_2013_last_3y": -100,
            "at_2014_last_3y": -100,
            "at_2015_last_3y": -83.93,
            "at_2016_last_3y": -16.96,
            "at_2017_last_3y": -44.64,
            "at_2018_last_3y": -44.64,
            "at_2019_last_3y": -31.75,
            "at_2020_last_3y": -15.08,
            "at_2021_last_3y": 32.01,
            "at_2022_last_3y": 39.11,
            "at_2023_last_3y": 39.11,
            "at_2006_last_all": 36.79,
            "at_2007_last_all": 29.09,
            "at_2008_last_all": 7.93,
            "at_2009_last_all": -10.06,
            "at_2010_last_all": -10.06,
            "at_2011_last_all": -22.91,
            "at_2012_last_all": -22.91,
            "at_2013_last_all": -22.91,
            "at_2014_last_all": -22.91,
            "at_2015_last_all": -30.53,
            "at_2016_last_all": -21.59,
            "at_2017_last_all": -29.43,
            "at_2018_last_all": -29.43,
            "at_2019_last_all": -30.86,
            "at_2020_last_all": -19.96,
            "at_2021_last_all": -15.25,
            "at_2022_last_all": -9.84,
            "at_2023_last_all": -9.84
        },
        "latest_eps": 8.6,
        "latest_price": 140,
        "latest_roe": 32.87,
        "latest_gross_margin": 20.36,
        "latest_equity": 13061303,
        "latest_revenue": 6331580,
        "latest_gross_profit": 1289191,
        "latest_net_income": 430336,
        "latest_debt_ratio": 53.82,
        "latest_current_ratio": 160.92,
        "latest_account_receivable_turnover_ratio": 0.66,
        "latest_inventory_turnover_ratio": 0.9,
        "latest_reinvestment_rate": 2.16,
        "latest_research_to_sale_ratio": 2.86
    },
    "eps_dividends": {
        "1999": {
            "cash": 0,
            "stock": 5,
            "eps": 0
        },
        "2000": {
            "cash": 0,
            "stock": 2,
            "eps": 0
        },
        "2001": {
            "cash": 1.9,
            "stock": 1.9,
            "eps": -0.49
        },
        "2002": {
            "cash": 0.05,
            "stock": 0.05,
            "eps": -5.81
        },
        "2003": {
            "cash": 0,
            "stock": 0,
            "eps": 0.1
        },
        "2004": {
            "cash": 0,
            "stock": 0,
            "eps": 2.27
        },
        "2005": {
            "cash": 0.49,
            "stock": 0.49,
            "eps": 2.33
        },
        "2006": {
            "cash": 1.2,
            "stock": 0,
            "eps": 2.51
        },
        "2007": {
            "cash": 1.3,
            "stock": 0,
            "eps": 2.66
        },
        "2008": {
            "cash": 0.1,
            "stock": 0.8,
            "eps": 0.62
        },
        "2009": {
            "cash": 0.04,
            "stock": 0.3,
            "eps": -0.29
        },
        "2010": {
            "cash": 0,
            "stock": 0,
            "eps": 0.23
        },
        "2011": {
            "cash": 0.15,
            "stock": 0,
            "eps": -0.75
        },
        "2012": {
            "cash": 0,
            "stock": 0,
            "eps": -3.18
        },
        "2013": {
            "cash": 0,
            "stock": 0,
            "eps": -1.57
        },
        "2014": {
            "cash": 0,
            "stock": 0,
            "eps": 1.12
        },
        "2015": {
            "cash": 0,
            "stock": 0,
            "eps": 0.18
        },
        "2016": {
            "cash": 0,
            "stock": 0,
            "eps": 0.27
        },
        "2017": {
            "cash": 0,
            "stock": 0,
            "eps": -0.5
        },
        "2018": {
            "cash": 0,
            "stock": 0,
            "eps": 0.42
        },
        "2019": {
            "cash": 0,
            "stock": 0,
            "eps": 0.23
        },
        "2020": {
            "cash": 0,
            "stock": 0,
            "eps": 3.83
        },
        "2021": {
            "cash": 1.5,
            "stock": 0,
            "eps": 5.41
        },
        "2022": {
            "cash": 2.2,
            "stock": 0,
            "eps": 8.68
        },
        "2023": {
            "cash": 3.5,
            "stock": 0,
            "eps": 0.88
        }
    },
    "dividends": {
        "1999-05-28": {
            "cash": 0,
            "stock": 5
        },
        "2000-05-18": {
            "cash": 0,
            "stock": 2
        },
        "2001-05-22": {
            "cash": 1.9,
            "stock": 1.9
        },
        "2002-06-18": {
            "cash": 0.05,
            "stock": 0.05
        },
        "2005-04-28": {
            "cash": 0.49,
            "stock": 0.49
        },
        "2006-04-28": {
            "cash": 1.2,
            "stock": 0
        },
        "2007-04-27": {
            "cash": 1.3,
            "stock": 0
        },
        "2008-04-28": {
            "cash": 0.1,
            "stock": 0.8
        },
        "2009-07-31": {
            "cash": 0.04,
            "stock": 0.3
        },
        "2011-06-15": {
            "cash": 0.15,
            "stock": 0
        },
        "2021-09-03": {
            "cash": 1.5,
            "stock": 0
        },
        "2022-07-25": {
            "cash": 2.2,
            "stock": 0
        },
        "2023-05-12": {
            "cash": 3.5,
            "stock": 0
        }
    },
    "prices": {
        "200101": "24.03",
        "200102": "26.08",
        "200103": "26.02",
        "200104": "26.91",
        "200105": "22.09",
        "200106": "21.63",
        "200107": "14.69",
        "200108": "13.22",
        "200109": "11.15",
        "200110": "7.97",
        "200111": "9.85",
        "200112": "13.04",
        "200201": "13.88",
        "200202": "12.75",
        "200203": "14.25",
        "200204": "16.47",
        "200205": "13.35",
        "200206": "12.64",
        "200207": "10.23",
        "200208": "9.88",
        "200209": "7.73",
        "200210": "6.90",
        "200211": "7.05",
        "200212": "6.50",
        "200301": "7.07",
        "200302": "7.28",
        "200303": "6.39",
        "200304": "7.86",
        "200305": "9.33",
        "200306": "11.48",
        "200307": "14.49",
        "200308": "11.89",
        "200309": "11.46",
        "200310": "12.03",
        "200311": "13.42",
        "200312": "14.41",
        "200401": "14.65",
        "200402": "14.56",
        "200403": "15.20",
        "200404": "15.96",
        "200405": "13.02",
        "200406": "13.82",
        "200407": "13.78",
        "200408": "14.32",
        "200409": "14.61",
        "200410": "14.27",
        "200411": "14.60",
        "200412": "13.95",
        "200501": "13.27",
        "200502": "13.77",
        "200503": "13.41",
        "200504": "13.96",
        "200505": "12.62",
        "200506": "15.11",
        "200507": "16.54",
        "200508": "16.79",
        "200509": "16.69",
        "200510": "15.78",
        "200511": "15.15",
        "200512": "17.65",
        "200601": "18.43",
        "200602": "18.71",
        "200603": "18.69",
        "200604": "20.83",
        "200605": "22.80",
        "200606": "19.28",
        "200607": "19.15",
        "200608": "20.39",
        "200609": "20.17",
        "200610": "20.42",
        "200611": "21.33",
        "200612": "23.24",
        "200701": "25.80",
        "200702": "28.21",
        "200703": "28.06",
        "200704": "26.85",
        "200705": "23.90",
        "200706": "25.13",
        "200707": "26.80",
        "200708": "28.96",
        "200709": "28.16",
        "200710": "29.25",
        "200711": "31.06",
        "200712": "29.26",
        "200801": "23.02",
        "200802": "20.43",
        "200803": "21.09",
        "200804": "21.72",
        "200805": "22.68",
        "200806": "21.04",
        "200807": "17.79",
        "200808": "15.97",
        "200809": "11.53",
        "200810": "9.41",
        "200811": "7.48",
        "200812": "6.70",
        "200901": "6.64",
        "200902": "6.88",
        "200903": "8.79",
        "200904": "10.85",
        "200905": "11.55",
        "200906": "10.27",
        "200907": "10.50",
        "200908": "11.65",
        "200909": "12.83",
        "200910": "12.61",
        "200911": "12.04",
        "200912": "13.02",
        "201001": "12.95",
        "201002": "11.42",
        "201003": "12.00",
        "201004": "12.22",
        "201005": "10.90",
        "201006": "10.55",
        "201007": "10.91",
        "201008": "11.46",
        "201009": "11.12",
        "201010": "11.10",
        "201011": "10.74",
        "201012": "13.02",
        "201101": "13.32",
        "201102": "13.74",
        "201103": "12.84",
        "201104": "12.51",
        "201105": "12.11",
        "201106": "12.35",
        "201107": "12.13",
        "201108": "10.58",
        "201109": "9.14",
        "201110": "8.59",
        "201111": "7.78",
        "201112": "6.84",
        "201201": "7.23",
        "201202": "8.51",
        "201203": "8.84",
        "201204": "7.13",
        "201205": "6.77",
        "201206": "6.43",
        "201207": "6.30",
        "201208": "6.46",
        "201209": "6.76",
        "201210": "6.27",
        "201211": "5.39",
        "201212": "5.92",
        "201301": "5.98",
        "201302": "5.82",
        "201303": "5.92",
        "201304": "5.77",
        "201305": "6.51",
        "201306": "7.18",
        "201307": "6.96",
        "201308": "6.48",
        "201309": "6.65",
        "201310": "7.28",
        "201311": "6.93",
        "201312": "6.88",
        "201401": "7.41",
        "201402": "8.13",
        "201403": "8.10",
        "201404": "8.05",
        "201405": "8.09",
        "201406": "9.36",
        "201407": "10.50",
        "201408": "10.50",
        "201409": "11.87",
        "201410": "12.08",
        "201411": "13.29",
        "201412": "17.81",
        "201501": "20.80",
        "201502": "20.84",
        "201503": "19.63",
        "201504": "17.70",
        "201505": "15.70",
        "201506": "13.84",
        "201507": "11.88",
        "201508": "9.52",
        "201509": "9.75",
        "201510": "10.90",
        "201511": "10.35",
        "201512": "9.80",
        "201601": "8.61",
        "201602": "8.85",
        "201603": "9.21",
        "201604": "8.38",
        "201605": "7.47",
        "201606": "8.52",
        "201607": "10.00",
        "201608": "11.77",
        "201609": "11.69",
        "201610": "11.02",
        "201611": "10.40",
        "201612": "10.73",
        "201701": "10.40",
        "201702": "11.06",
        "201703": "11.43",
        "201704": "11.18",
        "201705": "11.02",
        "201706": "10.98",
        "201707": "10.22",
        "201708": "9.75",
        "201709": "9.85",
        "201710": "9.84",
        "201711": "10.35",
        "201712": "10.46",
        "201801": "10.43",
        "201802": "9.43",
        "201803": "9.65",
        "201804": "9.70",
        "201805": "9.29",
        "201806": "10.03",
        "201807": "9.53",
        "201808": "12.86",
        "201809": "13.54",
        "201810": "10.47",
        "201811": "11.75",
        "201812": "12.97",
        "201901": "13.55",
        "201902": "13.98",
        "201903": "13.73",
        "201904": "13.74",
        "201905": "11.62",
        "201906": "11.50",
        "201907": "12.71",
        "201908": "12.80",
        "201909": "14.68",
        "201910": "14.44",
        "201911": "15.05",
        "201912": "16.06",
        "202001": "17.40",
        "202002": "15.24",
        "202003": "19.76",
        "202004": "28.33",
        "202005": "34.01",
        "202006": "33.64",
        "202007": "38.04",
        "202008": "49.79",
        "202009": "49.11",
        "202010": "46.66",
        "202011": "46.65",
        "202012": "51.88",
        "202101": "53.73",
        "202102": "54.00",
        "202103": "55.89",
        "202104": "55.02",
        "202105": "49.90",
        "202106": "61.18",
        "202107": "74.26",
        "202108": "68.46",
        "202109": "69.63",
        "202110": "65.26",
        "202111": "71.25",
        "202112": "73.65",
        "202201": "77.91",
        "202202": "81.06",
        "202203": "80.17",
        "202204": "82.94",
        "202205": "82.40",
        "202206": "83.10",
        "202207": "76.03",
        "202208": "80.15",
        "202209": "89.02",
        "202210": "85.86",
        "202211": "94.78",
        "202212": "93.41",
        "202301": "88.63",
        "202302": "88.58",
        "202303": "92.14",
        "202304": "99.37",
        "202305": "105.71",
        "202306": "134.27"
    },
    "quarters": {
        "20011": {
            "year_quarter": 20011,
            "year": 2001,
            "quarter": 1,
            "eps": 0.34,
            "eps_growth_year": -24.44,
            "eps_4q": 2.13,
            "eps_4q_growth_year": 8.27,
            "roe": 1.47,
            "roe_4q": 1.47,
            "gross_profit": 263606,
            "gross_margin": 16.54,
            "gross_margin_4q_avg": 16.54,
            "net_income": 111067,
            "revenue": 1594215,
            "common_shares": 3247660,
            "book_valuer_per_share": 23.36,
            "book_valuer_per_share_4q_avg": 23.36,
            "equity": 7585921,
            "current_ratio": 105.7,
            "debt_ratio": 32.81,
            "inventory_turnover_ratio": 1.31,
            "account_receivable_turnover_ratio": null,
            "reinvestment_rate": null,
            "research_to_sale_ratio": null,
            "price_fair": 0,
            "eps_avg_yearly": 0,
            "eps_latest_yearly": 0,
            "eps_growth_yearly": 0
        },
        "20012": {
            "year_quarter": 20012,
            "year": 2001,
            "quarter": 2,
            "eps": -0.43,
            "eps_growth_year": -165.15,
            "eps_4q": 0.98,
            "eps_4q_growth_year": -48.15,
            "roe": -2.2,
            "roe_4q": -0.7300000000000002,
            "gross_profit": 84531,
            "gross_margin": 6.55,
            "gross_margin_4q_avg": 11.55,
            "net_income": -164730,
            "revenue": 1290484,
            "common_shares": 3247660,
            "book_valuer_per_share": 22.73,
            "book_valuer_per_share_4q_avg": 23.05,
            "equity": 7381911,
            "current_ratio": 125.97,
            "debt_ratio": 35.14,
            "inventory_turnover_ratio": 1.17,
            "account_receivable_turnover_ratio": null,
            "reinvestment_rate": null,
            "research_to_sale_ratio": null,
            "price_fair": 0,
            "eps_avg_yearly": 0,
            "eps_latest_yearly": 0,
            "eps_growth_yearly": 0
        },
        "20013": {
            "year_quarter": 20013,
            "year": 2001,
            "quarter": 3,
            "eps": -0.2,
            "eps_growth_year": -147.62,
            "eps_4q": 0.27,
            "eps_4q_growth_year": -86.31,
            "roe": -1.03,
            "roe_4q": -1.7600000000000005,
            "gross_profit": 156764,
            "gross_margin": 10.23,
            "gross_margin_4q_avg": 11.11,
            "net_income": -76116,
            "revenue": 1533004,
            "common_shares": 3908700,
            "book_valuer_per_share": 18.8,
            "book_valuer_per_share_4q_avg": 21.63,
            "equity": 7349286,
            "current_ratio": 121.26,
            "debt_ratio": 35.35,
            "inventory_turnover_ratio": 1.35,
            "account_receivable_turnover_ratio": null,
            "reinvestment_rate": null,
            "research_to_sale_ratio": null,
            "price_fair": 0,
            "eps_avg_yearly": 0,
            "eps_latest_yearly": 0,
            "eps_growth_yearly": 0
        },
        "20014": {
            "year_quarter": 20014,
            "year": 2001,
            "quarter": 4,
            "eps": -0.2,
            "eps_growth_year": -127.4,
            "eps_4q": -0.54,
            "eps_4q_growth_year": -124.84,
            "roe": -1.07,
            "roe_4q": -2.830000000000001,
            "gross_profit": 51972,
            "gross_margin": 3.27,
            "gross_margin_4q_avg": 9.15,
            "net_income": -78598,
            "revenue": 1588974,
            "common_shares": 3908700,
            "book_valuer_per_share": 18.62,
            "book_valuer_per_share_4q_avg": 20.88,
            "equity": 7276138,
            "current_ratio": 112.45,
            "debt_ratio": 37.85,
            "inventory_turnover_ratio": 1.65,
            "account_receivable_turnover_ratio": null,
            "reinvestment_rate": null,
            "research_to_sale_ratio": null,
            "price_fair": 0,
            "eps_avg_yearly": 0,
            "eps_latest_yearly": 0,
            "eps_growth_yearly": 0
        },
        "20021": {
            "year_quarter": 20021,
            "year": 2002,
            "quarter": 1,
            "eps": -0.16,
            "eps_growth_year": -147.06,
            "eps_4q": -0.98,
            "eps_4q_growth_year": -146.06,
            "roe": -0.86,
            "roe_4q": -5.16,
            "gross_profit": 111860,
            "gross_margin": 7.82,
            "gross_margin_4q_avg": 6.97,
            "net_income": -62213,
            "revenue": 1430436,
            "common_shares": 3908700,
            "book_valuer_per_share": 18.3,
            "book_valuer_per_share_4q_avg": 19.61,
            "equity": 7153616,
            "current_ratio": 122.33,
            "debt_ratio": 37.46,
            "inventory_turnover_ratio": 1.69,
            "account_receivable_turnover_ratio": null,
            "reinvestment_rate": null,
            "research_to_sale_ratio": null,
            "price_fair": 0,
            "eps_avg_yearly": 0,
            "eps_latest_yearly": 0,
            "eps_growth_yearly": 0
        },
        "20022": {
            "year_quarter": 20022,
            "year": 2002,
            "quarter": 2,
            "eps": -0.6,
            "eps_growth_year": null,
            "eps_4q": -1.18,
            "eps_4q_growth_year": -220.22,
            "roe": -3.47,
            "roe_4q": -6.430000000000001,
            "gross_profit": 152102,
            "gross_margin": 9.92,
            "gross_margin_4q_avg": 7.81,
            "net_income": -243497,
            "revenue": 1532817,
            "common_shares": 3908700,
            "book_valuer_per_share": 17.62,
            "book_valuer_per_share_4q_avg": 18.34,
            "equity": 6886094,
            "current_ratio": 142.63,
            "debt_ratio": 40.48,
            "inventory_turnover_ratio": 1.97,
            "account_receivable_turnover_ratio": null,
            "reinvestment_rate": null,
            "research_to_sale_ratio": null,
            "price_fair": 0,
            "eps_avg_yearly": 0,
            "eps_latest_yearly": 0,
            "eps_growth_yearly": 0
        },
        "20023": {
            "year_quarter": 20023,
            "year": 2002,
            "quarter": 3,
            "eps": -3.72,
            "eps_growth_year": null,
            "eps_4q": -4.61,
            "eps_4q_growth_year": -1778.04,
            "roe": -24.51,
            "roe_4q": -29.91,
            "gross_profit": 24784,
            "gross_margin": 2.19,
            "gross_margin_4q_avg": 5.8,
            "net_income": -1506059,
            "revenue": 1131536,
            "common_shares": 4104135,
            "book_valuer_per_share": 13.17,
            "book_valuer_per_share_4q_avg": 16.93,
            "equity": 5403598,
            "current_ratio": 116.12,
            "debt_ratio": 47.91,
            "inventory_turnover_ratio": 1.91,
            "account_receivable_turnover_ratio": null,
            "reinvestment_rate": null,
            "research_to_sale_ratio": null,
            "price_fair": 0,
            "eps_avg_yearly": 0,
            "eps_latest_yearly": 0,
            "eps_growth_yearly": 0
        },
        "20024": {
            "year_quarter": 20024,
            "year": 2002,
            "quarter": 4,
            "eps": -1.33,
            "eps_growth_year": null,
            "eps_4q": -5.8,
            "eps_4q_growth_year": null,
            "roe": -10.54,
            "roe_4q": -39.379999999999995,
            "gross_profit": -162161,
            "gross_margin": -14.52,
            "gross_margin_4q_avg": 1.35,
            "net_income": -540908,
            "revenue": 1117117,
            "common_shares": 4104135,
            "book_valuer_per_share": 11.84,
            "book_valuer_per_share_4q_avg": 15.23,
            "equity": 4858820,
            "current_ratio": 95.32,
            "debt_ratio": 59.8,
            "inventory_turnover_ratio": 2.67,
            "account_receivable_turnover_ratio": null,
            "reinvestment_rate": null,
            "research_to_sale_ratio": null,
            "price_fair": 0,
            "eps_avg_yearly": 0,
            "eps_latest_yearly": 0,
            "eps_growth_yearly": 0
        },
        "20031": {
            "year_quarter": 20031,
            "year": 2003,
            "quarter": 1,
            "eps": -0.15,
            "eps_growth_year": null,
            "eps_4q": -5.65,
            "eps_4q_growth_year": null,
            "roe": -1.29,
            "roe_4q": -39.81,
            "gross_profit": 190627,
            "gross_margin": 13.43,
            "gross_margin_4q_avg": 2.76,
            "net_income": -62429,
            "revenue": 1419862,
            "common_shares": 4104135,
            "book_valuer_per_share": 11.69,
            "book_valuer_per_share_4q_avg": 13.58,
            "equity": 4796124,
            "current_ratio": 100.76,
            "debt_ratio": 53.08,
            "inventory_turnover_ratio": 2.64,
            "account_receivable_turnover_ratio": null,
            "reinvestment_rate": null,
            "research_to_sale_ratio": null,
            "price_fair": 0,
            "eps_avg_yearly": 0,
            "eps_latest_yearly": 0,
            "eps_growth_yearly": 0
        },
        "20032": {
            "year_quarter": 20032,
            "year": 2003,
            "quarter": 2,
            "eps": -0.03,
            "eps_growth_year": null,
            "eps_4q": -5.17,
            "eps_4q_growth_year": null,
            "roe": -0.27,
            "roe_4q": -36.61,
            "gross_profit": 297084,
            "gross_margin": 17.61,
            "gross_margin_4q_avg": 4.68,
            "net_income": -12764,
            "revenue": 1687363,
            "common_shares": 4104135,
            "book_valuer_per_share": 11.65,
            "book_valuer_per_share_4q_avg": 12.09,
            "equity": 4781371,
            "current_ratio": 104,
            "debt_ratio": 53.42,
            "inventory_turnover_ratio": 3.15,
            "account_receivable_turnover_ratio": null,
            "reinvestment_rate": null,
            "research_to_sale_ratio": null,
            "price_fair": 0,
            "eps_avg_yearly": 0,
            "eps_latest_yearly": 0,
            "eps_growth_yearly": 0
        },
        "20033": {
            "year_quarter": 20033,
            "year": 2003,
            "quarter": 3,
            "eps": -0.19,
            "eps_growth_year": null,
            "eps_4q": -1.69,
            "eps_4q_growth_year": null,
            "roe": -1.6,
            "roe_4q": -13.7,
            "gross_profit": 226405,
            "gross_margin": 12.69,
            "gross_margin_4q_avg": 7.3,
            "net_income": -76004,
            "revenue": 1784674,
            "common_shares": 4104135,
            "book_valuer_per_share": 11.43,
            "book_valuer_per_share_4q_avg": 11.65,
            "equity": 4693001,
            "current_ratio": 104.43,
            "debt_ratio": 52.31,
            "inventory_turnover_ratio": 3.76,
            "account_receivable_turnover_ratio": null,
            "reinvestment_rate": null,
            "research_to_sale_ratio": null,
            "price_fair": 0,
            "eps_avg_yearly": 0,
            "eps_latest_yearly": 0,
            "eps_growth_yearly": 0
        },
        "20034": {
            "year_quarter": 20034,
            "year": 2003,
            "quarter": 4,
            "eps": 0.47,
            "eps_growth_year": null,
            "eps_4q": 0.1,
            "eps_4q_growth_year": null,
            "roe": 3.96,
            "roe_4q": 0.7999999999999998,
            "gross_profit": 418283,
            "gross_margin": 19.81,
            "gross_margin_4q_avg": 15.89,
            "net_income": 189575,
            "revenue": 2111594,
            "common_shares": 4104135,
            "book_valuer_per_share": 11.9,
            "book_valuer_per_share_4q_avg": 11.67,
            "equity": 4883934,
            "current_ratio": 104.73,
            "debt_ratio": 62.59,
            "inventory_turnover_ratio": 3.24,
            "account_receivable_turnover_ratio": null,
            "reinvestment_rate": null,
            "research_to_sale_ratio": null,
            "price_fair": 0,
            "eps_avg_yearly": 0,
            "eps_latest_yearly": 0,
            "eps_growth_yearly": 0
        },
        "20041": {
            "year_quarter": 20041,
            "year": 2004,
            "quarter": 1,
            "eps": 0.29,
            "eps_growth_year": null,
            "eps_4q": 0.54,
            "eps_4q_growth_year": null,
            "roe": 2.37,
            "roe_4q": 4.460000000000001,
            "gross_profit": 455907,
            "gross_margin": 20.28,
            "gross_margin_4q_avg": 17.6,
            "net_income": 117043,
            "revenue": 2247886,
            "common_shares": 4104135,
            "book_valuer_per_share": 12.15,
            "book_valuer_per_share_4q_avg": 11.78,
            "equity": 4984959,
            "current_ratio": 117.94,
            "debt_ratio": 52.75,
            "inventory_turnover_ratio": 3.16,
            "account_receivable_turnover_ratio": null,
            "reinvestment_rate": null,
            "research_to_sale_ratio": null,
            "price_fair": 3.48,
            "eps_avg_yearly": 1.16,
            "eps_latest_yearly": 1.16,
            "eps_growth_yearly": -153.19
        },
        "20042": {
            "year_quarter": 20042,
            "year": 2004,
            "quarter": 2,
            "eps": 0.52,
            "eps_growth_year": null,
            "eps_4q": 1.08,
            "eps_4q_growth_year": null,
            "roe": 4.06,
            "roe_4q": 8.790000000000001,
            "gross_profit": 478079,
            "gross_margin": 20.43,
            "gross_margin_4q_avg": 18.3,
            "net_income": 214464,
            "revenue": 2339611,
            "common_shares": 4437475,
            "book_valuer_per_share": 12.59,
            "book_valuer_per_share_4q_avg": 12.02,
            "equity": 5586291,
            "current_ratio": 142.68,
            "debt_ratio": 49.61,
            "inventory_turnover_ratio": 3.97,
            "account_receivable_turnover_ratio": null,
            "reinvestment_rate": null,
            "research_to_sale_ratio": null,
            "price_fair": 56.7,
            "eps_avg_yearly": 1.62,
            "eps_latest_yearly": 2.08,
            "eps_growth_yearly": 82.02
        },
        "20043": {
            "year_quarter": 20043,
            "year": 2004,
            "quarter": 3,
            "eps": 1.22,
            "eps_growth_year": null,
            "eps_4q": 2.47,
            "eps_4q_growth_year": null,
            "roe": 8.73,
            "roe_4q": 19.12,
            "gross_profit": 532155,
            "gross_margin": 20.91,
            "gross_margin_4q_avg": 20.36,
            "net_income": 509757,
            "revenue": 2545319,
            "common_shares": 4437475,
            "book_valuer_per_share": 13.72,
            "book_valuer_per_share_4q_avg": 12.59,
            "equity": 6090304,
            "current_ratio": 162.6,
            "debt_ratio": 46.94,
            "inventory_turnover_ratio": 4.42,
            "account_receivable_turnover_ratio": null,
            "reinvestment_rate": null,
            "research_to_sale_ratio": null,
            "price_fair": 94.73,
            "eps_avg_yearly": 2.71,
            "eps_latest_yearly": 4.88,
            "eps_growth_yearly": 234.17
        },
        "20044": {
            "year_quarter": 20044,
            "year": 2004,
            "quarter": 4,
            "eps": 0.24,
            "eps_growth_year": -48.94,
            "eps_4q": 2.2,
            "eps_4q_growth_year": 2209.71,
            "roe": 1.69,
            "roe_4q": 16.85,
            "gross_profit": 547020,
            "gross_margin": 19.88,
            "gross_margin_4q_avg": 20.38,
            "net_income": 103136,
            "revenue": 2751742,
            "common_shares": 4439327,
            "book_valuer_per_share": 13.84,
            "book_valuer_per_share_4q_avg": 13.08,
            "equity": 6142397,
            "current_ratio": 129.02,
            "debt_ratio": 58.51,
            "inventory_turnover_ratio": 3.85,
            "account_receivable_turnover_ratio": null,
            "reinvestment_rate": null,
            "research_to_sale_ratio": null,
            "price_fair": 79.45,
            "eps_avg_yearly": 2.27,
            "eps_latest_yearly": 0.96,
            "eps_growth_yearly": 95.3
        },
        "20051": {
            "year_quarter": 20051,
            "year": 2005,
            "quarter": 1,
            "eps": 0.41,
            "eps_growth_year": 41.38,
            "eps_4q": 2.3,
            "eps_4q_growth_year": 327.03,
            "roe": 2.87,
            "roe_4q": 17.35,
            "gross_profit": 391873,
            "gross_margin": 19.55,
            "gross_margin_4q_avg": 20.19,
            "net_income": 179008,
            "revenue": 2004752,
            "common_shares": 4439327,
            "book_valuer_per_share": 14.29,
            "book_valuer_per_share_4q_avg": 13.61,
            "equity": 6345752,
            "current_ratio": 176.9,
            "debt_ratio": 42.43,
            "inventory_turnover_ratio": 2.98,
            "account_receivable_turnover_ratio": null,
            "reinvestment_rate": null,
            "research_to_sale_ratio": null,
            "price_fair": 75.04,
            "eps_avg_yearly": 2.14,
            "eps_latest_yearly": 1.64,
            "eps_growth_yearly": 132.91
        },
        "20052": {
            "year_quarter": 20052,
            "year": 2005,
            "quarter": 2,
            "eps": 0.44,
            "eps_growth_year": -15.38,
            "eps_4q": 2.16,
            "eps_4q_growth_year": 100.55,
            "roe": 3.2,
            "roe_4q": 16.490000000000002,
            "gross_profit": 441444,
            "gross_margin": 20.74,
            "gross_margin_4q_avg": 20.27,
            "net_income": 202081,
            "revenue": 2128397,
            "common_shares": 4446142,
            "book_valuer_per_share": 14.17,
            "book_valuer_per_share_4q_avg": 14.01,
            "equity": 6300516,
            "current_ratio": 162.65,
            "debt_ratio": 42.62,
            "inventory_turnover_ratio": 4.19,
            "account_receivable_turnover_ratio": null,
            "reinvestment_rate": null,
            "research_to_sale_ratio": null,
            "price_fair": 72.8,
            "eps_avg_yearly": 2.08,
            "eps_latest_yearly": 1.76,
            "eps_growth_yearly": 115.63
        },
        "20053": {
            "year_quarter": 20053,
            "year": 2005,
            "quarter": 3,
            "eps": 0.63,
            "eps_growth_year": -48.36,
            "eps_4q": 1.67,
            "eps_4q_growth_year": -32.19,
            "roe": 4.45,
            "roe_4q": 12.209999999999999,
            "gross_profit": 475951,
            "gross_margin": 18.91,
            "gross_margin_4q_avg": 19.77,
            "net_income": 292514,
            "revenue": 2516771,
            "common_shares": 4798626,
            "book_valuer_per_share": 14.29,
            "book_valuer_per_share_4q_avg": 14.15,
            "equity": 6858204,
            "current_ratio": 160.86,
            "debt_ratio": 41.69,
            "inventory_turnover_ratio": 4.63,
            "account_receivable_turnover_ratio": null,
            "reinvestment_rate": null,
            "research_to_sale_ratio": null,
            "price_fair": 75,
            "eps_avg_yearly": 2.14,
            "eps_latest_yearly": 2.52,
            "eps_growth_yearly": 123.79
        },
        "20054": {
            "year_quarter": 20054,
            "year": 2005,
            "quarter": 4,
            "eps": 0.85,
            "eps_growth_year": 254.17,
            "eps_4q": 2.29,
            "eps_4q_growth_year": 4.4,
            "roe": 5.57,
            "roe_4q": 16.09,
            "gross_profit": 612071,
            "gross_margin": 21.21,
            "gross_margin_4q_avg": 20.1,
            "net_income": 396401,
            "revenue": 2885276,
            "common_shares": 4889168,
            "book_valuer_per_share": 15.07,
            "book_valuer_per_share_4q_avg": 14.46,
            "equity": 7366158,
            "current_ratio": 121.52,
            "debt_ratio": 55.65,
            "inventory_turnover_ratio": 3.32,
            "account_receivable_turnover_ratio": null,
            "reinvestment_rate": null,
            "research_to_sale_ratio": null,
            "price_fair": 80.5,
            "eps_avg_yearly": 2.3,
            "eps_latest_yearly": 3.4,
            "eps_growth_yearly": 125.78
        },
        "20061": {
            "year_quarter": 20061,
            "year": 2006,
            "quarter": 1,
            "eps": 0.67,
            "eps_growth_year": 63.41,
            "eps_4q": 2.45,
            "eps_4q_growth_year": 6.35,
            "roe": 4.39,
            "roe_4q": 17.61,
            "gross_profit": 534818,
            "gross_margin": 19.09,
            "gross_margin_4q_avg": 19.99,
            "net_income": 335129,
            "revenue": 2801023,
            "common_shares": 5045757,
            "book_valuer_per_share": 15.66,
            "book_valuer_per_share_4q_avg": 14.8,
            "equity": 7900016,
            "current_ratio": 169.62,
            "debt_ratio": 38,
            "inventory_turnover_ratio": 3.04,
            "account_receivable_turnover_ratio": null,
            "reinvestment_rate": -2921.29,
            "research_to_sale_ratio": null,
            "price_fair": 81.98,
            "eps_avg_yearly": 2.34,
            "eps_latest_yearly": 2.68,
            "eps_growth_yearly": 102.39
        },
        "20062": {
            "year_quarter": 20062,
            "year": 2006,
            "quarter": 2,
            "eps": 0.68,
            "eps_growth_year": 54.55,
            "eps_4q": 2.71,
            "eps_4q_growth_year": 25.21,
            "roe": 4.41,
            "roe_4q": 18.82,
            "gross_profit": 627917,
            "gross_margin": 19.62,
            "gross_margin_4q_avg": 19.71,
            "net_income": 343071,
            "revenue": 3199985,
            "common_shares": 5118082,
            "book_valuer_per_share": 14.95,
            "book_valuer_per_share_4q_avg": 14.99,
            "equity": 7650655,
            "current_ratio": 152.25,
            "debt_ratio": 40.52,
            "inventory_turnover_ratio": 4.27,
            "account_receivable_turnover_ratio": null,
            "reinvestment_rate": -387.83,
            "research_to_sale_ratio": null,
            "price_fair": 83.3,
            "eps_avg_yearly": 2.38,
            "eps_latest_yearly": 2.72,
            "eps_growth_yearly": 92.75
        },
        "20063": {
            "year_quarter": 20063,
            "year": 2006,
            "quarter": 3,
            "eps": 0.65,
            "eps_growth_year": 3.17,
            "eps_4q": 2.78,
            "eps_4q_growth_year": 66.39,
            "roe": 4.18,
            "roe_4q": 18.55,
            "gross_profit": 688451,
            "gross_margin": 20.35,
            "gross_margin_4q_avg": 20.07,
            "net_income": 327398,
            "revenue": 3382815,
            "common_shares": 5118082,
            "book_valuer_per_share": 15.65,
            "book_valuer_per_share_4q_avg": 15.33,
            "equity": 8009797,
            "current_ratio": 161.88,
            "debt_ratio": 38.2,
            "inventory_turnover_ratio": 3.85,
            "account_receivable_turnover_ratio": null,
            "reinvestment_rate": -70.67,
            "research_to_sale_ratio": null,
            "price_fair": 84,
            "eps_avg_yearly": 2.4,
            "eps_latest_yearly": 2.6,
            "eps_growth_yearly": 82.71
        },
        "20064": {
            "year_quarter": 20064,
            "year": 2006,
            "quarter": 4,
            "eps": 0.51,
            "eps_growth_year": -40,
            "eps_4q": 2.5,
            "eps_4q_growth_year": 8.98,
            "roe": 3.16,
            "roe_4q": 16.14,
            "gross_profit": 782676,
            "gross_margin": 21.85,
            "gross_margin_4q_avg": 20.23,
            "net_income": 257674,
            "revenue": 3582217,
            "common_shares": 5118082,
            "book_valuer_per_share": 16.22,
            "book_valuer_per_share_4q_avg": 15.62,
            "equity": 8299920,
            "current_ratio": 127.7,
            "debt_ratio": 59.54,
            "inventory_turnover_ratio": 2.49,
            "account_receivable_turnover_ratio": null,
            "reinvestment_rate": 65.47,
            "research_to_sale_ratio": null,
            "price_fair": 82.95,
            "eps_avg_yearly": 2.37,
            "eps_latest_yearly": 2.04,
            "eps_growth_yearly": 68.64
        },
        "20071": {
            "year_quarter": 20071,
            "year": 2007,
            "quarter": 1,
            "eps": 0.53,
            "eps_growth_year": -20.9,
            "eps_4q": 2.36,
            "eps_4q_growth_year": -3.56,
            "roe": 3.17,
            "roe_4q": 14.92,
            "gross_profit": 694062,
            "gross_margin": 18.16,
            "gross_margin_4q_avg": 20,
            "net_income": 268217,
            "revenue": 3821278,
            "common_shares": 5118082,
            "book_valuer_per_share": 16.8,
            "book_valuer_per_share_4q_avg": 15.91,
            "equity": 8595979,
            "current_ratio": 175.88,
            "debt_ratio": 36.07,
            "inventory_turnover_ratio": 2.79,
            "account_receivable_turnover_ratio": null,
            "reinvestment_rate": -30.73,
            "research_to_sale_ratio": null,
            "price_fair": 82.28,
            "eps_avg_yearly": 2.35,
            "eps_latest_yearly": 2.12,
            "eps_growth_yearly": 64.57
        },
        "20072": {
            "year_quarter": 20072,
            "year": 2007,
            "quarter": 2,
            "eps": 0.49,
            "eps_growth_year": -27.94,
            "eps_4q": 2.18,
            "eps_4q_growth_year": -19.55,
            "roe": 2.96,
            "roe_4q": 13.469999999999999,
            "gross_profit": 809929,
            "gross_margin": 20.87,
            "gross_margin_4q_avg": 20.31,
            "net_income": 247402,
            "revenue": 3881435,
            "common_shares": 5118082,
            "book_valuer_per_share": 15.89,
            "book_valuer_per_share_4q_avg": 16.14,
            "equity": 8134745,
            "current_ratio": 166.36,
            "debt_ratio": 37.23,
            "inventory_turnover_ratio": 3.66,
            "account_receivable_turnover_ratio": null,
            "reinvestment_rate": -29.62,
            "research_to_sale_ratio": null,
            "price_fair": 81.3,
            "eps_avg_yearly": 2.32,
            "eps_latest_yearly": 1.96,
            "eps_growth_yearly": 57.8
        },
        "20073": {
            "year_quarter": 20073,
            "year": 2007,
            "quarter": 3,
            "eps": 0.99,
            "eps_growth_year": 52.31,
            "eps_4q": 2.52,
            "eps_4q_growth_year": -9.57,
            "roe": 6,
            "roe_4q": 15.290000000000001,
            "gross_profit": 930583,
            "gross_margin": 19.54,
            "gross_margin_4q_avg": 20.11,
            "net_income": 501310,
            "revenue": 4763199,
            "common_shares": 5118082,
            "book_valuer_per_share": 16.75,
            "book_valuer_per_share_4q_avg": 16.42,
            "equity": 8575219,
            "current_ratio": 157.25,
            "debt_ratio": 41.96,
            "inventory_turnover_ratio": 3.85,
            "account_receivable_turnover_ratio": null,
            "reinvestment_rate": -20.04,
            "research_to_sale_ratio": null,
            "price_fair": 85.12,
            "eps_avg_yearly": 2.43,
            "eps_latest_yearly": 3.96,
            "eps_growth_yearly": 81.16
        },
        "20074": {
            "year_quarter": 20074,
            "year": 2007,
            "quarter": 4,
            "eps": 0.65,
            "eps_growth_year": 27.45,
            "eps_4q": 2.65,
            "eps_4q_growth_year": 6.07,
            "roe": 3.74,
            "roe_4q": 15.87,
            "gross_profit": 866240,
            "gross_margin": 16.2,
            "gross_margin_4q_avg": 18.69,
            "net_income": 330141,
            "revenue": 5347442,
            "common_shares": 5118082,
            "book_valuer_per_share": 17.69,
            "book_valuer_per_share_4q_avg": 16.78,
            "equity": 9056318,
            "current_ratio": 114.71,
            "debt_ratio": 64.42,
            "inventory_turnover_ratio": 2.78,
            "account_receivable_turnover_ratio": null,
            "reinvestment_rate": 85.06,
            "research_to_sale_ratio": null,
            "price_fair": 85.49,
            "eps_avg_yearly": 2.44,
            "eps_latest_yearly": 2.6,
            "eps_growth_yearly": 67.5
        },
        "20081": {
            "year_quarter": 20081,
            "year": 2008,
            "quarter": 1,
            "eps": 0.31,
            "eps_growth_year": -41.51,
            "eps_4q": 2.43,
            "eps_4q_growth_year": 2.73,
            "roe": 1.74,
            "roe_4q": 14.440000000000001,
            "gross_profit": 801603,
            "gross_margin": 16.6,
            "gross_margin_4q_avg": 18.3,
            "net_income": 157868,
            "revenue": 4829416,
            "common_shares": 5118082,
            "book_valuer_per_share": 17.67,
            "book_valuer_per_share_4q_avg": 17,
            "equity": 9044386,
            "current_ratio": 113.04,
            "debt_ratio": 62.79,
            "inventory_turnover_ratio": 2.01,
            "account_receivable_turnover_ratio": null,
            "reinvestment_rate": 135.51,
            "research_to_sale_ratio": null,
            "price_fair": 85.66,
            "eps_avg_yearly": 2.45,
            "eps_latest_yearly": 1.24,
            "eps_growth_yearly": 64
        },
        "20082": {
            "year_quarter": 20082,
            "year": 2008,
            "quarter": 2,
            "eps": 0.18,
            "eps_growth_year": -63.27,
            "eps_4q": 1.99,
            "eps_4q_growth_year": -8.82,
            "roe": 1.08,
            "roe_4q": 12.56,
            "gross_profit": 772265,
            "gross_margin": 15.68,
            "gross_margin_4q_avg": 17.01,
            "net_income": 98510,
            "revenue": 4924649,
            "common_shares": 5118082,
            "book_valuer_per_share": 17.91,
            "book_valuer_per_share_4q_avg": 17.51,
            "equity": 9166458,
            "current_ratio": 104.73,
            "debt_ratio": 61.41,
            "inventory_turnover_ratio": 2.2,
            "account_receivable_turnover_ratio": null,
            "reinvestment_rate": 153.85,
            "research_to_sale_ratio": null,
            "price_fair": 82.69,
            "eps_avg_yearly": 2.36,
            "eps_latest_yearly": 0.72,
            "eps_growth_yearly": 33.68
        },
        "20083": {
            "year_quarter": 20083,
            "year": 2008,
            "quarter": 3,
            "eps": 0.51,
            "eps_growth_year": -48.48,
            "eps_4q": 1.59,
            "eps_4q_growth_year": -37.03,
            "roe": 2.99,
            "roe_4q": 9.55,
            "gross_profit": 973042,
            "gross_margin": 18.73,
            "gross_margin_4q_avg": 16.8,
            "net_income": 278235,
            "revenue": 5194327,
            "common_shares": 5527529,
            "book_valuer_per_share": 17.08,
            "book_valuer_per_share_4q_avg": 17.59,
            "equity": 9441716,
            "current_ratio": 110.28,
            "debt_ratio": 62.34,
            "inventory_turnover_ratio": 1.98,
            "account_receivable_turnover_ratio": null,
            "reinvestment_rate": 161.79,
            "research_to_sale_ratio": null,
            "price_fair": 76.48,
            "eps_avg_yearly": 2.19,
            "eps_latest_yearly": 2.04,
            "eps_growth_yearly": 45.86
        },
        "20084": {
            "year_quarter": 20084,
            "year": 2008,
            "quarter": 4,
            "eps": -0.38,
            "eps_growth_year": -158.46,
            "eps_4q": 0.6,
            "eps_4q_growth_year": -77.38,
            "roe": -2.21,
            "roe_4q": 3.6000000000000005,
            "gross_profit": 38992,
            "gross_margin": 1.14,
            "gross_margin_4q_avg": 13.04,
            "net_income": -208713,
            "revenue": 3416093,
            "common_shares": 5527529,
            "book_valuer_per_share": 17.06,
            "book_valuer_per_share_4q_avg": 17.43,
            "equity": 9432328,
            "current_ratio": 115.71,
            "debt_ratio": 57.03,
            "inventory_turnover_ratio": 1.7,
            "account_receivable_turnover_ratio": 1.25,
            "reinvestment_rate": 120.66,
            "research_to_sale_ratio": null,
            "price_fair": 79.33,
            "eps_avg_yearly": 2.27,
            "eps_latest_yearly": 2.04,
            "eps_growth_yearly": 70.34
        },
        "20091": {
            "year_quarter": 20091,
            "year": 2009,
            "quarter": 1,
            "eps": -0.18,
            "eps_growth_year": -158.06,
            "eps_4q": 0.13,
            "eps_4q_growth_year": -94.67,
            "roe": -1.02,
            "roe_4q": 0.8400000000000003,
            "gross_profit": 337180,
            "gross_margin": 10.54,
            "gross_margin_4q_avg": 11.52,
            "net_income": -96436,
            "revenue": 3198236,
            "common_shares": 5527529,
            "book_valuer_per_share": 17.09,
            "book_valuer_per_share_4q_avg": 17.29,
            "equity": 9446848,
            "current_ratio": 110,
            "debt_ratio": 57.99,
            "inventory_turnover_ratio": 1.82,
            "account_receivable_turnover_ratio": 0.62,
            "reinvestment_rate": 209.84,
            "research_to_sale_ratio": null,
            "price_fair": 80.9,
            "eps_avg_yearly": 2.31,
            "eps_latest_yearly": 2.04,
            "eps_growth_yearly": 55.13
        },
        "20092": {
            "year_quarter": 20092,
            "year": 2009,
            "quarter": 2,
            "eps": -0.16,
            "eps_growth_year": -188.89,
            "eps_4q": -0.21,
            "eps_4q_growth_year": -110.39,
            "roe": -0.93,
            "roe_4q": -1.17,
            "gross_profit": 373781,
            "gross_margin": 10.55,
            "gross_margin_4q_avg": 10.24,
            "net_income": -87281,
            "revenue": 3542143,
            "common_shares": 5527529,
            "book_valuer_per_share": 16.73,
            "book_valuer_per_share_4q_avg": 16.99,
            "equity": 9246746,
            "current_ratio": 107.77,
            "debt_ratio": 55.01,
            "inventory_turnover_ratio": 2.14,
            "account_receivable_turnover_ratio": 0.72,
            "reinvestment_rate": 216.99,
            "research_to_sale_ratio": null,
            "price_fair": 82.38,
            "eps_avg_yearly": 2.35,
            "eps_latest_yearly": 2.04,
            "eps_growth_yearly": 57.12
        },
        "20093": {
            "year_quarter": 20093,
            "year": 2009,
            "quarter": 3,
            "eps": 0.07,
            "eps_growth_year": -86.27,
            "eps_4q": -0.7,
            "eps_4q_growth_year": -144.01,
            "roe": 0.39,
            "roe_4q": -3.77,
            "gross_profit": 535426,
            "gross_margin": 14.32,
            "gross_margin_4q_avg": 9.14,
            "net_income": 35784,
            "revenue": 3739835,
            "common_shares": 5527529,
            "book_valuer_per_share": 16.67,
            "book_valuer_per_share_4q_avg": 16.89,
            "equity": 9211723,
            "current_ratio": 119.41,
            "debt_ratio": 55.84,
            "inventory_turnover_ratio": 2.1,
            "account_receivable_turnover_ratio": 0.74,
            "reinvestment_rate": 220.89,
            "research_to_sale_ratio": null,
            "price_fair": 81.9,
            "eps_avg_yearly": 2.34,
            "eps_latest_yearly": 2.04,
            "eps_growth_yearly": 47.48
        },
        "20094": {
            "year_quarter": 20094,
            "year": 2009,
            "quarter": 4,
            "eps": -0.02,
            "eps_growth_year": null,
            "eps_4q": -0.28,
            "eps_4q_growth_year": -147.09,
            "roe": -0.11,
            "roe_4q": -1.67,
            "gross_profit": 380451,
            "gross_margin": 10.02,
            "gross_margin_4q_avg": 11.36,
            "net_income": -9748,
            "revenue": 3797385,
            "common_shares": 5691759,
            "book_valuer_per_share": 16.41,
            "book_valuer_per_share_4q_avg": 16.73,
            "equity": 9160934,
            "current_ratio": 132.07,
            "debt_ratio": 54.62,
            "inventory_turnover_ratio": 2.22,
            "account_receivable_turnover_ratio": 1.43,
            "reinvestment_rate": 244.53,
            "research_to_sale_ratio": null,
            "price_fair": 78.53,
            "eps_avg_yearly": 2.24,
            "eps_latest_yearly": 2.04,
            "eps_growth_yearly": 39.1
        },
        "20101": {
            "year_quarter": 20101,
            "year": 2010,
            "quarter": 1,
            "eps": 0.03,
            "eps_growth_year": null,
            "eps_4q": -0.08,
            "eps_4q_growth_year": -164.93,
            "roe": 0.16,
            "roe_4q": -0.49000000000000005,
            "gross_profit": 398755,
            "gross_margin": 11.35,
            "gross_margin_4q_avg": 11.56,
            "net_income": 14302,
            "revenue": 3513256,
            "common_shares": 5691758,
            "book_valuer_per_share": 16.4,
            "book_valuer_per_share_4q_avg": 16.55,
            "equity": 9154586,
            "current_ratio": 160.55,
            "debt_ratio": 56.37,
            "inventory_turnover_ratio": 1.95,
            "account_receivable_turnover_ratio": 0.66,
            "reinvestment_rate": 400.84,
            "research_to_sale_ratio": 1.85,
            "price_fair": 77,
            "eps_avg_yearly": 2.2,
            "eps_latest_yearly": 2.04,
            "eps_growth_yearly": 51.48
        },
        "20102": {
            "year_quarter": 20102,
            "year": 2010,
            "quarter": 2,
            "eps": 0.03,
            "eps_growth_year": null,
            "eps_4q": 0.1,
            "eps_4q_growth_year": null,
            "roe": 0.19,
            "roe_4q": 0.63,
            "gross_profit": 453837,
            "gross_margin": 11.34,
            "gross_margin_4q_avg": 11.76,
            "net_income": 17574,
            "revenue": 4003650,
            "common_shares": 5691759,
            "book_valuer_per_share": 16.52,
            "book_valuer_per_share_4q_avg": 16.5,
            "equity": 9238613,
            "current_ratio": 142.73,
            "debt_ratio": 56.36,
            "inventory_turnover_ratio": 1.95,
            "account_receivable_turnover_ratio": 0.73,
            "reinvestment_rate": 493.5,
            "research_to_sale_ratio": 1.29,
            "price_fair": 67.9,
            "eps_avg_yearly": 1.94,
            "eps_latest_yearly": 0.12,
            "eps_growth_yearly": 50.88
        },
        "20103": {
            "year_quarter": 20103,
            "year": 2010,
            "quarter": 3,
            "eps": 0.12,
            "eps_growth_year": 74.57,
            "eps_4q": 0.16,
            "eps_4q_growth_year": null,
            "roe": 0.74,
            "roe_4q": 0.9799999999999999,
            "gross_profit": 474971,
            "gross_margin": 11.61,
            "gross_margin_4q_avg": 11.08,
            "net_income": 68333,
            "revenue": 4089370,
            "common_shares": 5691759,
            "book_valuer_per_share": 16.55,
            "book_valuer_per_share_4q_avg": 16.47,
            "equity": 9256321,
            "current_ratio": 131.4,
            "debt_ratio": 59.1,
            "inventory_turnover_ratio": 1.83,
            "account_receivable_turnover_ratio": 0.73,
            "reinvestment_rate": 598.94,
            "research_to_sale_ratio": 1.46,
            "price_fair": 60.48,
            "eps_avg_yearly": 1.73,
            "eps_latest_yearly": 0.48,
            "eps_growth_yearly": 172.65
        },
        "20104": {
            "year_quarter": 20104,
            "year": 2010,
            "quarter": 4,
            "eps": 0.05,
            "eps_growth_year": null,
            "eps_4q": 0.23,
            "eps_4q_growth_year": null,
            "roe": 0.28,
            "roe_4q": 1.3699999999999999,
            "gross_profit": 306027,
            "gross_margin": 7.93,
            "gross_margin_4q_avg": 10.56,
            "net_income": 26059,
            "revenue": 3860247,
            "common_shares": 5691759,
            "book_valuer_per_share": 16.15,
            "book_valuer_per_share_4q_avg": 16.41,
            "equity": 9030155,
            "current_ratio": 124.87,
            "debt_ratio": 56.87,
            "inventory_turnover_ratio": 1.77,
            "account_receivable_turnover_ratio": 0.73,
            "reinvestment_rate": 315.68,
            "research_to_sale_ratio": 1.41,
            "price_fair": 54.04,
            "eps_avg_yearly": 1.54,
            "eps_latest_yearly": 0.2,
            "eps_growth_yearly": 157.93
        },
        "20111": {
            "year_quarter": 20111,
            "year": 2011,
            "quarter": 1,
            "eps": 0.09,
            "eps_growth_year": 200,
            "eps_4q": 0.29,
            "eps_4q_growth_year": null,
            "roe": 0.54,
            "roe_4q": 1.75,
            "gross_profit": 400620,
            "gross_margin": 10.52,
            "gross_margin_4q_avg": 10.35,
            "net_income": 49475,
            "revenue": 3809507,
            "common_shares": 5691758,
            "book_valuer_per_share": 16.38,
            "book_valuer_per_share_4q_avg": 16.4,
            "equity": 9157496,
            "current_ratio": 119.97,
            "debt_ratio": 60.48,
            "inventory_turnover_ratio": 1.5,
            "account_receivable_turnover_ratio": 0.74,
            "reinvestment_rate": 787.81,
            "research_to_sale_ratio": 1.94,
            "price_fair": 47.88,
            "eps_avg_yearly": 1.37,
            "eps_latest_yearly": 0.36,
            "eps_growth_yearly": 188.36
        },
        "20112": {
            "year_quarter": 20112,
            "year": 2011,
            "quarter": 2,
            "eps": -0.16,
            "eps_growth_year": -608.92,
            "eps_4q": 0.1,
            "eps_4q_growth_year": -6.02,
            "roe": -0.99,
            "roe_4q": 0.5700000000000001,
            "gross_profit": 191173,
            "gross_margin": 4.35,
            "gross_margin_4q_avg": 8.6,
            "net_income": -89439,
            "revenue": 4398787,
            "common_shares": 5691759,
            "book_valuer_per_share": 15.99,
            "book_valuer_per_share_4q_avg": 16.27,
            "equity": 8940403,
            "current_ratio": 110.46,
            "debt_ratio": 60.26,
            "inventory_turnover_ratio": 1.64,
            "account_receivable_turnover_ratio": 0.82,
            "reinvestment_rate": 1064.73,
            "research_to_sale_ratio": 1.56,
            "price_fair": 45.58,
            "eps_avg_yearly": 1.3,
            "eps_latest_yearly": 0.36,
            "eps_growth_yearly": 212.65
        },
        "20113": {
            "year_quarter": 20113,
            "year": 2011,
            "quarter": 3,
            "eps": -0.2,
            "eps_growth_year": -264.76,
            "eps_4q": -0.23,
            "eps_4q_growth_year": -239.83,
            "roe": -1.24,
            "roe_4q": -1.41,
            "gross_profit": 251661,
            "gross_margin": 5.71,
            "gross_margin_4q_avg": 7.13,
            "net_income": -112585,
            "revenue": 4407383,
            "common_shares": 5691759,
            "book_valuer_per_share": 16.38,
            "book_valuer_per_share_4q_avg": 16.23,
            "equity": 9157506,
            "current_ratio": 114.92,
            "debt_ratio": 62.53,
            "inventory_turnover_ratio": 1.6,
            "account_receivable_turnover_ratio": 0.77,
            "reinvestment_rate": 2565.9,
            "research_to_sale_ratio": 1.51,
            "price_fair": 33.95,
            "eps_avg_yearly": 0.97,
            "eps_latest_yearly": 0.36,
            "eps_growth_yearly": 188.21
        },
        "20114": {
            "year_quarter": 20114,
            "year": 2011,
            "quarter": 4,
            "eps": -0.48,
            "eps_growth_year": -1130.93,
            "eps_4q": -0.75,
            "eps_4q_growth_year": -433.57,
            "roe": -2.98,
            "roe_4q": -4.67,
            "gross_profit": 135853,
            "gross_margin": 3.14,
            "gross_margin_4q_avg": 5.93,
            "net_income": -268648,
            "revenue": 4322999,
            "common_shares": 5649129,
            "book_valuer_per_share": 15.9,
            "book_valuer_per_share_4q_avg": 16.16,
            "equity": 8889213,
            "current_ratio": 109.53,
            "debt_ratio": 62.89,
            "inventory_turnover_ratio": 1.72,
            "account_receivable_turnover_ratio": 0.74,
            "reinvestment_rate": null,
            "research_to_sale_ratio": 1.43,
            "price_fair": 25.8,
            "eps_avg_yearly": 0.74,
            "eps_latest_yearly": 0.36,
            "eps_growth_yearly": 234.72
        },
        "20121": {
            "year_quarter": 20121,
            "year": 2012,
            "quarter": 1,
            "eps": -0.29,
            "eps_growth_year": -422.22,
            "eps_4q": -1.14,
            "eps_4q_growth_year": -493.71,
            "roe": -1.83,
            "roe_4q": -7.040000000000001,
            "gross_profit": 177594,
            "gross_margin": 4.58,
            "gross_margin_4q_avg": 4.45,
            "net_income": -160089,
            "revenue": 3880558,
            "common_shares": 5649128,
            "book_valuer_per_share": 15.54,
            "book_valuer_per_share_4q_avg": 15.95,
            "equity": 8626260,
            "current_ratio": 105.18,
            "debt_ratio": 62.71,
            "inventory_turnover_ratio": 1.63,
            "account_receivable_turnover_ratio": 0.74,
            "reinvestment_rate": null,
            "research_to_sale_ratio": 1.73,
            "price_fair": 22.87,
            "eps_avg_yearly": 0.65,
            "eps_latest_yearly": 0.36,
            "eps_growth_yearly": 308.71
        },
        "20122": {
            "year_quarter": 20122,
            "year": 2012,
            "quarter": 2,
            "eps": -0.67,
            "eps_growth_year": null,
            "eps_4q": -1.64,
            "eps_4q_growth_year": -1782.17,
            "roe": -4.43,
            "roe_4q": -10.48,
            "gross_profit": -9373,
            "gross_margin": -0.27,
            "gross_margin_4q_avg": 3.29,
            "net_income": -374252,
            "revenue": 3496192,
            "common_shares": 5649129,
            "book_valuer_per_share": 14.81,
            "book_valuer_per_share_4q_avg": 15.66,
            "equity": 8280508,
            "current_ratio": 126.89,
            "debt_ratio": 64,
            "inventory_turnover_ratio": 1.48,
            "account_receivable_turnover_ratio": 0.74,
            "reinvestment_rate": null,
            "research_to_sale_ratio": 1.93,
            "price_fair": 22.4,
            "eps_avg_yearly": 0.64,
            "eps_latest_yearly": 0.36,
            "eps_growth_yearly": 404
        },
        "20123": {
            "year_quarter": 20123,
            "year": 2012,
            "quarter": 3,
            "eps": -1.23,
            "eps_growth_year": null,
            "eps_4q": -2.66,
            "eps_4q_growth_year": null,
            "roe": -8.68,
            "roe_4q": -17.919999999999998,
            "gross_profit": -232042,
            "gross_margin": -6.28,
            "gross_margin_4q_avg": 0.29,
            "net_income": -685491,
            "revenue": 3697059,
            "common_shares": 5649129,
            "book_valuer_per_share": 13.45,
            "book_valuer_per_share_4q_avg": 14.93,
            "equity": 7522309,
            "current_ratio": 124.16,
            "debt_ratio": 66.91,
            "inventory_turnover_ratio": 1.62,
            "account_receivable_turnover_ratio": 0.83,
            "reinvestment_rate": null,
            "research_to_sale_ratio": 1.92,
            "price_fair": 10.15,
            "eps_avg_yearly": 0.29,
            "eps_latest_yearly": 0.36,
            "eps_growth_yearly": 321.67
        },
        "20124": {
            "year_quarter": 20124,
            "year": 2012,
            "quarter": 4,
            "eps": -0.99,
            "eps_growth_year": null,
            "eps_4q": -3.18,
            "eps_4q_growth_year": null,
            "roe": -7.63,
            "roe_4q": -22.57,
            "gross_profit": -60148,
            "gross_margin": -1.51,
            "gross_margin_4q_avg": -0.87,
            "net_income": -552199,
            "revenue": 3985285,
            "common_shares": 5649129,
            "book_valuer_per_share": 12.5,
            "book_valuer_per_share_4q_avg": 14.08,
            "equity": 6959031,
            "current_ratio": 112.67,
            "debt_ratio": 68.19,
            "inventory_turnover_ratio": 1.78,
            "account_receivable_turnover_ratio": 0.9,
            "reinvestment_rate": null,
            "research_to_sale_ratio": 1.8,
            "price_fair": 10.15,
            "eps_avg_yearly": 0.29,
            "eps_latest_yearly": 0.36,
            "eps_growth_yearly": 321.67
        },
        "20131": {
            "year_quarter": 20131,
            "year": 2013,
            "quarter": 1,
            "eps": -0.73,
            "eps_growth_year": null,
            "eps_4q": -3.63,
            "eps_4q_growth_year": null,
            "roe": -5.98,
            "roe_4q": -26.72,
            "gross_profit": 44859,
            "gross_margin": 1.17,
            "gross_margin_4q_avg": -1.72,
            "net_income": -405773,
            "revenue": 3825759,
            "common_shares": 5649129,
            "book_valuer_per_share": 11.9,
            "book_valuer_per_share_4q_avg": 13.17,
            "equity": 6605199,
            "current_ratio": 100.08,
            "debt_ratio": 70.08,
            "inventory_turnover_ratio": 1.77,
            "account_receivable_turnover_ratio": 0.79,
            "reinvestment_rate": null,
            "research_to_sale_ratio": 1.97,
            "price_fair": 10.15,
            "eps_avg_yearly": 0.29,
            "eps_latest_yearly": 0.36,
            "eps_growth_yearly": 321.67
        },
        "20132": {
            "year_quarter": 20132,
            "year": 2013,
            "quarter": 2,
            "eps": -0.27,
            "eps_growth_year": null,
            "eps_4q": -3.23,
            "eps_4q_growth_year": null,
            "roe": -2.31,
            "roe_4q": -24.6,
            "gross_profit": 304053,
            "gross_margin": 6.85,
            "gross_margin_4q_avg": 0.06,
            "net_income": -151071,
            "revenue": 4437778,
            "common_shares": 5649129,
            "book_valuer_per_share": 11.7,
            "book_valuer_per_share_4q_avg": 12.39,
            "equity": 6496030,
            "current_ratio": 96.17,
            "debt_ratio": 70.9,
            "inventory_turnover_ratio": 1.81,
            "account_receivable_turnover_ratio": 0.85,
            "reinvestment_rate": null,
            "research_to_sale_ratio": 1.81,
            "price_fair": 10.15,
            "eps_avg_yearly": 0.29,
            "eps_latest_yearly": 0.36,
            "eps_growth_yearly": 321.67
        },
        "20133": {
            "year_quarter": 20133,
            "year": 2013,
            "quarter": 3,
            "eps": -0.09,
            "eps_growth_year": null,
            "eps_4q": -2.08,
            "eps_4q_growth_year": null,
            "roe": -0.75,
            "roe_4q": -16.67,
            "gross_profit": 461418,
            "gross_margin": 9.38,
            "gross_margin_4q_avg": 3.97,
            "net_income": -48500,
            "revenue": 4921509,
            "common_shares": 5649129,
            "book_valuer_per_share": 11.58,
            "book_valuer_per_share_4q_avg": 11.92,
            "equity": 6432006,
            "current_ratio": 94.52,
            "debt_ratio": 70.41,
            "inventory_turnover_ratio": 1.86,
            "account_receivable_turnover_ratio": 0.85,
            "reinvestment_rate": null,
            "research_to_sale_ratio": 1.74,
            "price_fair": 10.15,
            "eps_avg_yearly": 0.29,
            "eps_latest_yearly": 0.36,
            "eps_growth_yearly": 321.67
        },
        "20134": {
            "year_quarter": 20134,
            "year": 2013,
            "quarter": 4,
            "eps": -0.48,
            "eps_growth_year": null,
            "eps_4q": -1.57,
            "eps_4q_growth_year": null,
            "roe": -4.25,
            "roe_4q": -13.290000000000001,
            "gross_profit": 371185,
            "gross_margin": 8.14,
            "gross_margin_4q_avg": 6.39,
            "net_income": -268790,
            "revenue": 4562234,
            "common_shares": 5649129,
            "book_valuer_per_share": 11.14,
            "book_valuer_per_share_4q_avg": 11.58,
            "equity": 6202495,
            "current_ratio": 100.34,
            "debt_ratio": 72.2,
            "inventory_turnover_ratio": 1.74,
            "account_receivable_turnover_ratio": 0.78,
            "reinvestment_rate": null,
            "research_to_sale_ratio": 1.94,
            "price_fair": 10.15,
            "eps_avg_yearly": 0.29,
            "eps_latest_yearly": 0.36,
            "eps_growth_yearly": 321.67
        },
        "20141": {
            "year_quarter": 20141,
            "year": 2014,
            "quarter": 1,
            "eps": -0.41,
            "eps_growth_year": null,
            "eps_4q": -1.25,
            "eps_4q_growth_year": null,
            "roe": -3.66,
            "roe_4q": -10.97,
            "gross_profit": 304004,
            "gross_margin": 7.51,
            "gross_margin_4q_avg": 7.97,
            "net_income": -228651,
            "revenue": 4045619,
            "common_shares": 5649129,
            "book_valuer_per_share": 11.31,
            "book_valuer_per_share_4q_avg": 11.43,
            "equity": 6294496,
            "current_ratio": 99.36,
            "debt_ratio": 71.53,
            "inventory_turnover_ratio": 1.52,
            "account_receivable_turnover_ratio": 0.75,
            "reinvestment_rate": null,
            "research_to_sale_ratio": 2.12,
            "price_fair": 10.15,
            "eps_avg_yearly": 0.29,
            "eps_latest_yearly": 0.36,
            "eps_growth_yearly": 321.67
        },
        "20142": {
            "year_quarter": 20142,
            "year": 2014,
            "quarter": 2,
            "eps": 0.13,
            "eps_growth_year": null,
            "eps_4q": -0.85,
            "eps_4q_growth_year": null,
            "roe": 1.18,
            "roe_4q": -7.48,
            "gross_profit": 656059,
            "gross_margin": 13.99,
            "gross_margin_4q_avg": 9.76,
            "net_income": 74791,
            "revenue": 4688831,
            "common_shares": 5649129,
            "book_valuer_per_share": 11.38,
            "book_valuer_per_share_4q_avg": 11.35,
            "equity": 6335458,
            "current_ratio": 106.69,
            "debt_ratio": 70.52,
            "inventory_turnover_ratio": 1.6,
            "account_receivable_turnover_ratio": 0.87,
            "reinvestment_rate": null,
            "research_to_sale_ratio": 1.89,
            "price_fair": 12.13,
            "eps_avg_yearly": 0.35,
            "eps_latest_yearly": 0.36,
            "eps_growth_yearly": 428.89
        },
        "20143": {
            "year_quarter": 20143,
            "year": 2014,
            "quarter": 3,
            "eps": 0.63,
            "eps_growth_year": null,
            "eps_4q": -0.13,
            "eps_4q_growth_year": null,
            "roe": 5.39,
            "roe_4q": -1.3400000000000007,
            "gross_profit": 995134,
            "gross_margin": 18.53,
            "gross_margin_4q_avg": 12.04,
            "net_income": 352232,
            "revenue": 5371728,
            "common_shares": 5649129,
            "book_valuer_per_share": 12.07,
            "book_valuer_per_share_4q_avg": 11.48,
            "equity": 6734284,
            "current_ratio": 106.25,
            "debt_ratio": 69.91,
            "inventory_turnover_ratio": 1.65,
            "account_receivable_turnover_ratio": 0.9,
            "reinvestment_rate": null,
            "research_to_sale_ratio": 1.62,
            "price_fair": 35.93,
            "eps_avg_yearly": 1.03,
            "eps_latest_yearly": 2.52,
            "eps_growth_yearly": 541.71
        },
        "20144": {
            "year_quarter": 20144,
            "year": 2014,
            "quarter": 4,
            "eps": 0.77,
            "eps_growth_year": null,
            "eps_4q": 1.13,
            "eps_4q_growth_year": null,
            "roe": 6.16,
            "roe_4q": 9.07,
            "gross_profit": 1028979,
            "gross_margin": 17.21,
            "gross_margin_4q_avg": 14.31,
            "net_income": 430238,
            "revenue": 5978028,
            "common_shares": 5649129,
            "book_valuer_per_share": 12.97,
            "book_valuer_per_share_4q_avg": 11.93,
            "equity": 7238223,
            "current_ratio": 106.82,
            "debt_ratio": 70.13,
            "inventory_turnover_ratio": 1.79,
            "account_receivable_turnover_ratio": 0.89,
            "reinvestment_rate": null,
            "research_to_sale_ratio": 1.56,
            "price_fair": 69.53,
            "eps_avg_yearly": 1.99,
            "eps_latest_yearly": 3.08,
            "eps_growth_yearly": 649.12
        },
        "20151": {
            "year_quarter": 20151,
            "year": 2015,
            "quarter": 1,
            "eps": 0.45,
            "eps_growth_year": null,
            "eps_4q": 1.98,
            "eps_4q_growth_year": null,
            "roe": 3.38,
            "roe_4q": 16.11,
            "gross_profit": 809337,
            "gross_margin": 15.7,
            "gross_margin_4q_avg": 16.36,
            "net_income": 249061,
            "revenue": 5153853,
            "common_shares": 5649129,
            "book_valuer_per_share": 13.39,
            "book_valuer_per_share_4q_avg": 12.45,
            "equity": 7486659,
            "current_ratio": 120.19,
            "debt_ratio": 68.59,
            "inventory_turnover_ratio": 1.51,
            "account_receivable_turnover_ratio": 0.76,
            "reinvestment_rate": null,
            "research_to_sale_ratio": 1.93,
            "price_fair": 86.33,
            "eps_avg_yearly": 2.47,
            "eps_latest_yearly": 1.8,
            "eps_growth_yearly": 487.04
        },
        "20152": {
            "year_quarter": 20152,
            "year": 2015,
            "quarter": 2,
            "eps": -0.16,
            "eps_growth_year": -223.08,
            "eps_4q": 1.69,
            "eps_4q_growth_year": null,
            "roe": -1.18,
            "roe_4q": 13.75,
            "gross_profit": 375888,
            "gross_margin": 8.39,
            "gross_margin_4q_avg": 14.96,
            "net_income": -87641,
            "revenue": 4480851,
            "common_shares": 5649129,
            "book_valuer_per_share": 13.2,
            "book_valuer_per_share_4q_avg": 12.91,
            "equity": 7381054,
            "current_ratio": 109.15,
            "debt_ratio": 66.85,
            "inventory_turnover_ratio": 1.48,
            "account_receivable_turnover_ratio": 0.75,
            "reinvestment_rate": null,
            "research_to_sale_ratio": 2.11,
            "price_fair": 86.33,
            "eps_avg_yearly": 2.47,
            "eps_latest_yearly": 1.8,
            "eps_growth_yearly": 487.04
        },
        "20153": {
            "year_quarter": 20153,
            "year": 2015,
            "quarter": 3,
            "eps": -0.04,
            "eps_growth_year": -106.35,
            "eps_4q": 1.03,
            "eps_4q_growth_year": null,
            "roe": -0.29,
            "roe_4q": 8.07,
            "gross_profit": 613529,
            "gross_margin": 12.65,
            "gross_margin_4q_avg": 13.49,
            "net_income": -21631,
            "revenue": 4848259,
            "common_shares": 5649129,
            "book_valuer_per_share": 13.28,
            "book_valuer_per_share_4q_avg": 13.21,
            "equity": 7329861,
            "current_ratio": 110.3,
            "debt_ratio": 67.84,
            "inventory_turnover_ratio": 1.7,
            "account_receivable_turnover_ratio": 0.81,
            "reinvestment_rate": null,
            "research_to_sale_ratio": 1.89,
            "price_fair": 86.33,
            "eps_avg_yearly": 2.47,
            "eps_latest_yearly": 1.8,
            "eps_growth_yearly": 487.04
        },
        "20154": {
            "year_quarter": 20154,
            "year": 2015,
            "quarter": 4,
            "eps": -0.07,
            "eps_growth_year": -109.01,
            "eps_4q": 0.19,
            "eps_4q_growth_year": -83.58,
            "roe": -0.52,
            "roe_4q": 1.39,
            "gross_profit": 683111,
            "gross_margin": 14.66,
            "gross_margin_4q_avg": 12.85,
            "net_income": -38149,
            "revenue": 4658144,
            "common_shares": 5649129,
            "book_valuer_per_share": 13.12,
            "book_valuer_per_share_4q_avg": 13.25,
            "equity": 7203147,
            "current_ratio": 106.07,
            "debt_ratio": 67.53,
            "inventory_turnover_ratio": 1.65,
            "account_receivable_turnover_ratio": 0.74,
            "reinvestment_rate": null,
            "research_to_sale_ratio": 1.83,
            "price_fair": 86.33,
            "eps_avg_yearly": 2.47,
            "eps_latest_yearly": 1.8,
            "eps_growth_yearly": 487.04
        },
        "20161": {
            "year_quarter": 20161,
            "year": 2016,
            "quarter": 1,
            "eps": -0.32,
            "eps_growth_year": -171.11,
            "eps_4q": -0.59,
            "eps_4q_growth_year": -129.8,
            "roe": -2.48,
            "roe_4q": -4.47,
            "gross_profit": 355952,
            "gross_margin": 9,
            "gross_margin_4q_avg": 11.18,
            "net_income": -176372,
            "revenue": 3954389,
            "common_shares": 5649129,
            "book_valuer_per_share": 12.76,
            "book_valuer_per_share_4q_avg": 13.09,
            "equity": 7008011,
            "current_ratio": 122.69,
            "debt_ratio": 67.45,
            "inventory_turnover_ratio": 1.48,
            "account_receivable_turnover_ratio": 0.7,
            "reinvestment_rate": null,
            "research_to_sale_ratio": 2.39,
            "price_fair": 86.33,
            "eps_avg_yearly": 2.47,
            "eps_latest_yearly": 1.8,
            "eps_growth_yearly": 487.04
        },
        "20162": {
            "year_quarter": 20162,
            "year": 2016,
            "quarter": 2,
            "eps": 0.12,
            "eps_growth_year": null,
            "eps_4q": -0.32,
            "eps_4q_growth_year": -118.71,
            "roe": 0.95,
            "roe_4q": -2.34,
            "gross_profit": 687097,
            "gross_margin": 14.5,
            "gross_margin_4q_avg": 12.7,
            "net_income": 66085,
            "revenue": 4739050,
            "common_shares": 5649129,
            "book_valuer_per_share": 12.92,
            "book_valuer_per_share_4q_avg": 13.02,
            "equity": 6954874,
            "current_ratio": 125.46,
            "debt_ratio": 68.6,
            "inventory_turnover_ratio": 1.54,
            "account_receivable_turnover_ratio": 0.86,
            "reinvestment_rate": null,
            "research_to_sale_ratio": 2.14,
            "price_fair": 86.33,
            "eps_avg_yearly": 2.47,
            "eps_latest_yearly": 1.8,
            "eps_growth_yearly": 487.04
        },
        "20163": {
            "year_quarter": 20163,
            "year": 2016,
            "quarter": 3,
            "eps": 0.23,
            "eps_growth_year": null,
            "eps_4q": -0.04,
            "eps_4q_growth_year": -103.73,
            "roe": 1.83,
            "roe_4q": -0.21999999999999975,
            "gross_profit": 805786,
            "gross_margin": 14.98,
            "gross_margin_4q_avg": 13.29,
            "net_income": 127774,
            "revenue": 5380391,
            "common_shares": 5522469,
            "book_valuer_per_share": 13.09,
            "book_valuer_per_share_4q_avg": 12.97,
            "equity": 7023625,
            "current_ratio": 131.55,
            "debt_ratio": 67.43,
            "inventory_turnover_ratio": 1.69,
            "account_receivable_turnover_ratio": 0.89,
            "reinvestment_rate": null,
            "research_to_sale_ratio": 1.91,
            "price_fair": 72.8,
            "eps_avg_yearly": 2.08,
            "eps_latest_yearly": 0.92,
            "eps_growth_yearly": 456.95
        },
        "20164": {
            "year_quarter": 20164,
            "year": 2016,
            "quarter": 4,
            "eps": 0.24,
            "eps_growth_year": null,
            "eps_4q": 0.27,
            "eps_4q_growth_year": 44.81,
            "roe": 1.79,
            "roe_4q": 2.0900000000000003,
            "gross_profit": 774966,
            "gross_margin": 15.13,
            "gross_margin_4q_avg": 13.4,
            "net_income": 126302,
            "revenue": 5122366,
            "common_shares": 5522469,
            "book_valuer_per_share": 13.21,
            "book_valuer_per_share_4q_avg": 13,
            "equity": 7089202,
            "current_ratio": 130.38,
            "debt_ratio": 67.38,
            "inventory_turnover_ratio": 1.67,
            "account_receivable_turnover_ratio": 0.8,
            "reinvestment_rate": null,
            "research_to_sale_ratio": 2.02,
            "price_fair": 64.96,
            "eps_avg_yearly": 1.86,
            "eps_latest_yearly": 0.96,
            "eps_growth_yearly": 369.03
        },
        "20171": {
            "year_quarter": 20171,
            "year": 2017,
            "quarter": 1,
            "eps": -0.34,
            "eps_growth_year": null,
            "eps_4q": 0.25,
            "eps_4q_growth_year": null,
            "roe": -2.64,
            "roe_4q": 1.93,
            "gross_profit": 354511,
            "gross_margin": 8.2,
            "gross_margin_4q_avg": 13.2,
            "net_income": -184610,
            "revenue": 4322152,
            "common_shares": 5522469,
            "book_valuer_per_share": 12.75,
            "book_valuer_per_share_4q_avg": 12.99,
            "equity": 6874959,
            "current_ratio": 123.43,
            "debt_ratio": 67.12,
            "inventory_turnover_ratio": 1.48,
            "account_receivable_turnover_ratio": 0.71,
            "reinvestment_rate": -1580.27,
            "research_to_sale_ratio": 2.33,
            "price_fair": 64.96,
            "eps_avg_yearly": 1.86,
            "eps_latest_yearly": 0.96,
            "eps_growth_yearly": 369.03
        },
        "20172": {
            "year_quarter": 20172,
            "year": 2017,
            "quarter": 2,
            "eps": 0.09,
            "eps_growth_year": -25,
            "eps_4q": 0.22,
            "eps_4q_growth_year": null,
            "roe": 0.74,
            "roe_4q": 1.72,
            "gross_profit": 578383,
            "gross_margin": 12.11,
            "gross_margin_4q_avg": 12.61,
            "net_income": 51045,
            "revenue": 4776796,
            "common_shares": 5522469,
            "book_valuer_per_share": 12.88,
            "book_valuer_per_share_4q_avg": 12.98,
            "equity": 6944530,
            "current_ratio": 121.66,
            "debt_ratio": 66.6,
            "inventory_turnover_ratio": 1.41,
            "account_receivable_turnover_ratio": 0.8,
            "reinvestment_rate": -836.72,
            "research_to_sale_ratio": 2.13,
            "price_fair": 64.96,
            "eps_avg_yearly": 1.86,
            "eps_latest_yearly": 0.96,
            "eps_growth_yearly": 369.03
        },
        "20173": {
            "year_quarter": 20173,
            "year": 2017,
            "quarter": 3,
            "eps": -0.23,
            "eps_growth_year": -200,
            "eps_4q": -0.25,
            "eps_4q_growth_year": null,
            "roe": -1.83,
            "roe_4q": -1.9400000000000004,
            "gross_profit": 429376,
            "gross_margin": 8.33,
            "gross_margin_4q_avg": 10.94,
            "net_income": -126008,
            "revenue": 5154910,
            "common_shares": 5522469,
            "book_valuer_per_share": 12.67,
            "book_valuer_per_share_4q_avg": 12.88,
            "equity": 6831586,
            "current_ratio": 131.06,
            "debt_ratio": 67.47,
            "inventory_turnover_ratio": 1.58,
            "account_receivable_turnover_ratio": 0.8,
            "reinvestment_rate": -956.94,
            "research_to_sale_ratio": 2.12,
            "price_fair": 64.96,
            "eps_avg_yearly": 1.86,
            "eps_latest_yearly": 0.96,
            "eps_growth_yearly": 369.03
        },
        "20174": {
            "year_quarter": 20174,
            "year": 2017,
            "quarter": 4,
            "eps": -0.02,
            "eps_growth_year": -107.51,
            "eps_4q": -0.5,
            "eps_4q_growth_year": -286.27,
            "roe": -0.14,
            "roe_4q": -3.87,
            "gross_profit": 520555,
            "gross_margin": 10.6,
            "gross_margin_4q_avg": 9.81,
            "net_income": -9530,
            "revenue": 4912262,
            "common_shares": 5522469,
            "book_valuer_per_share": 12.62,
            "book_valuer_per_share_4q_avg": 12.73,
            "equity": 6800404,
            "current_ratio": 125.3,
            "debt_ratio": 68.01,
            "inventory_turnover_ratio": 1.5,
            "account_receivable_turnover_ratio": 0.78,
            "reinvestment_rate": -503.08,
            "research_to_sale_ratio": 2.2,
            "price_fair": 64.96,
            "eps_avg_yearly": 1.86,
            "eps_latest_yearly": 0.96,
            "eps_growth_yearly": 369.03
        },
        "20181": {
            "year_quarter": 20181,
            "year": 2018,
            "quarter": 1,
            "eps": -0.28,
            "eps_growth_year": null,
            "eps_4q": -0.44,
            "eps_4q_growth_year": -274.46,
            "roe": -2.27,
            "roe_4q": -3.5,
            "gross_profit": 448955,
            "gross_margin": 9.59,
            "gross_margin_4q_avg": 10.16,
            "net_income": -152728,
            "revenue": 4679623,
            "common_shares": 5522469,
            "book_valuer_per_share": 12.34,
            "book_valuer_per_share_4q_avg": 12.63,
            "equity": 6672422,
            "current_ratio": 122.47,
            "debt_ratio": 67.81,
            "inventory_turnover_ratio": 1.34,
            "account_receivable_turnover_ratio": 0.81,
            "reinvestment_rate": -419.68,
            "research_to_sale_ratio": 2.38,
            "price_fair": 64.96,
            "eps_avg_yearly": 1.86,
            "eps_latest_yearly": 0.96,
            "eps_growth_yearly": 369.03
        },
        "20182": {
            "year_quarter": 20182,
            "year": 2018,
            "quarter": 2,
            "eps": 0.18,
            "eps_growth_year": 100,
            "eps_4q": -0.35,
            "eps_4q_growth_year": -255.84,
            "roe": 1.48,
            "roe_4q": -2.7600000000000002,
            "gross_profit": 722060,
            "gross_margin": 14.12,
            "gross_margin_4q_avg": 10.66,
            "net_income": 99866,
            "revenue": 5113299,
            "common_shares": 5522469,
            "book_valuer_per_share": 12.54,
            "book_valuer_per_share_4q_avg": 12.54,
            "equity": 6781957,
            "current_ratio": 110.48,
            "debt_ratio": 67.76,
            "inventory_turnover_ratio": 1.31,
            "account_receivable_turnover_ratio": 0.87,
            "reinvestment_rate": -366.98,
            "research_to_sale_ratio": 2.3,
            "price_fair": 64.96,
            "eps_avg_yearly": 1.86,
            "eps_latest_yearly": 0.96,
            "eps_growth_yearly": 369.03
        },
        "20183": {
            "year_quarter": 20183,
            "year": 2018,
            "quarter": 3,
            "eps": 0.47,
            "eps_growth_year": null,
            "eps_4q": 0.36,
            "eps_4q_growth_year": null,
            "roe": 3.7,
            "roe_4q": 2.7699999999999996,
            "gross_profit": 1065290,
            "gross_margin": 18.55,
            "gross_margin_4q_avg": 13.22,
            "net_income": 255580,
            "revenue": 5741321,
            "common_shares": 5522469,
            "book_valuer_per_share": 13.01,
            "book_valuer_per_share_4q_avg": 12.63,
            "equity": 7033074,
            "current_ratio": 110.14,
            "debt_ratio": 68.36,
            "inventory_turnover_ratio": 1.31,
            "account_receivable_turnover_ratio": 0.92,
            "reinvestment_rate": -447.2,
            "research_to_sale_ratio": 2.14,
            "price_fair": 60.48,
            "eps_avg_yearly": 1.73,
            "eps_latest_yearly": 1.88,
            "eps_growth_yearly": 190.23
        },
        "20184": {
            "year_quarter": 20184,
            "year": 2018,
            "quarter": 4,
            "eps": 0.05,
            "eps_growth_year": null,
            "eps_4q": 0.42,
            "eps_4q_growth_year": null,
            "roe": 0.37,
            "roe_4q": 3.2800000000000007,
            "gross_profit": 763845,
            "gross_margin": 15.09,
            "gross_margin_4q_avg": 14.34,
            "net_income": 26152,
            "revenue": 5062176,
            "common_shares": 5464879,
            "book_valuer_per_share": 13.04,
            "book_valuer_per_share_4q_avg": 12.73,
            "equity": 7052483,
            "current_ratio": 118.67,
            "debt_ratio": 66.73,
            "inventory_turnover_ratio": 1.21,
            "account_receivable_turnover_ratio": 0.81,
            "reinvestment_rate": -1395.67,
            "research_to_sale_ratio": 2.42,
            "price_fair": 40.32,
            "eps_avg_yearly": 1.15,
            "eps_latest_yearly": 0.2,
            "eps_growth_yearly": 100.96
        },
        "20191": {
            "year_quarter": 20191,
            "year": 2019,
            "quarter": 1,
            "eps": -0.4,
            "eps_growth_year": null,
            "eps_4q": 0.31,
            "eps_4q_growth_year": null,
            "roe": -3.1,
            "roe_4q": 2.45,
            "gross_profit": 301139,
            "gross_margin": 7,
            "gross_margin_4q_avg": 13.69,
            "net_income": -215065,
            "revenue": 4301262,
            "common_shares": 5464879,
            "book_valuer_per_share": 12.65,
            "book_valuer_per_share_4q_avg": 12.81,
            "equity": 6838212,
            "current_ratio": 119.21,
            "debt_ratio": 65.92,
            "inventory_turnover_ratio": 1.3,
            "account_receivable_turnover_ratio": 0.74,
            "reinvestment_rate": null,
            "research_to_sale_ratio": 2.64,
            "price_fair": 34.65,
            "eps_avg_yearly": 0.99,
            "eps_latest_yearly": 0.2,
            "eps_growth_yearly": 167.76
        },
        "20192": {
            "year_quarter": 20192,
            "year": 2019,
            "quarter": 2,
            "eps": -0.15,
            "eps_growth_year": -183.33,
            "eps_4q": -0.03,
            "eps_4q_growth_year": null,
            "roe": -1.2,
            "roe_4q": -0.22999999999999954,
            "gross_profit": 431686,
            "gross_margin": 10.14,
            "gross_margin_4q_avg": 12.7,
            "net_income": -81867,
            "revenue": 4256006,
            "common_shares": 5464879,
            "book_valuer_per_share": 12.51,
            "book_valuer_per_share_4q_avg": 12.8,
            "equity": 6762376,
            "current_ratio": 123.48,
            "debt_ratio": 66.12,
            "inventory_turnover_ratio": 1.41,
            "account_receivable_turnover_ratio": 0.78,
            "reinvestment_rate": null,
            "research_to_sale_ratio": 2.63,
            "price_fair": 34.65,
            "eps_avg_yearly": 0.99,
            "eps_latest_yearly": 0.2,
            "eps_growth_yearly": 167.76
        },
        "20193": {
            "year_quarter": 20193,
            "year": 2019,
            "quarter": 3,
            "eps": 0.18,
            "eps_growth_year": -61.7,
            "eps_4q": -0.32,
            "eps_4q_growth_year": -188.37,
            "roe": 1.47,
            "roe_4q": -2.46,
            "gross_profit": 620886,
            "gross_margin": 13,
            "gross_margin_4q_avg": 11.31,
            "net_income": 100051,
            "revenue": 4774314,
            "common_shares": 5464879,
            "book_valuer_per_share": 12.71,
            "book_valuer_per_share_4q_avg": 12.73,
            "equity": 6870699,
            "current_ratio": 120.34,
            "debt_ratio": 66.2,
            "inventory_turnover_ratio": 1.55,
            "account_receivable_turnover_ratio": 0.81,
            "reinvestment_rate": null,
            "research_to_sale_ratio": 2.54,
            "price_fair": 34.65,
            "eps_avg_yearly": 0.99,
            "eps_latest_yearly": 0.2,
            "eps_growth_yearly": 167.76
        },
        "20194": {
            "year_quarter": 20194,
            "year": 2019,
            "quarter": 4,
            "eps": 0.6,
            "eps_growth_year": 1148.88,
            "eps_4q": 0.24,
            "eps_4q_growth_year": -43.32,
            "roe": 4.65,
            "roe_4q": 1.8199999999999998,
            "gross_profit": 1136904,
            "gross_margin": 20.09,
            "gross_margin_4q_avg": 12.56,
            "net_income": 326607,
            "revenue": 5659137,
            "common_shares": 5464879,
            "book_valuer_per_share": 13.25,
            "book_valuer_per_share_4q_avg": 12.78,
            "equity": 7165970,
            "current_ratio": 126.71,
            "debt_ratio": 65.73,
            "inventory_turnover_ratio": 1.67,
            "account_receivable_turnover_ratio": 0.86,
            "reinvestment_rate": -1083.61,
            "research_to_sale_ratio": 2.2,
            "price_fair": 44.52,
            "eps_avg_yearly": 1.27,
            "eps_latest_yearly": 2.4,
            "eps_growth_yearly": 320.88
        },
        "20201": {
            "year_quarter": 20201,
            "year": 2020,
            "quarter": 1,
            "eps": 0.74,
            "eps_growth_year": null,
            "eps_4q": 1.38,
            "eps_4q_growth_year": 346.63,
            "roe": 5.42,
            "roe_4q": 10.340000000000002,
            "gross_profit": 1034080,
            "gross_margin": 20.49,
            "gross_margin_4q_avg": 15.93,
            "net_income": 398993,
            "revenue": 5046447,
            "common_shares": 5464879,
            "book_valuer_per_share": 13.97,
            "book_valuer_per_share_4q_avg": 13.11,
            "equity": 7553284,
            "current_ratio": 127.32,
            "debt_ratio": 64.67,
            "inventory_turnover_ratio": 1.36,
            "account_receivable_turnover_ratio": 0.73,
            "reinvestment_rate": -288.97,
            "research_to_sale_ratio": 2.4,
            "price_fair": 54.37,
            "eps_avg_yearly": 1.55,
            "eps_latest_yearly": 2.96,
            "eps_growth_yearly": 282.95
        },
        "20202": {
            "year_quarter": 20202,
            "year": 2020,
            "quarter": 2,
            "eps": 1.36,
            "eps_growth_year": null,
            "eps_4q": 2.89,
            "eps_4q_growth_year": null,
            "roe": 9.29,
            "roe_4q": 20.83,
            "gross_profit": 1587186,
            "gross_margin": 25.15,
            "gross_margin_4q_avg": 19.68,
            "net_income": 734706,
            "revenue": 6309796,
            "common_shares": 5464879,
            "book_valuer_per_share": 15.28,
            "book_valuer_per_share_4q_avg": 13.8,
            "equity": 8261924,
            "current_ratio": 139.42,
            "debt_ratio": 63.61,
            "inventory_turnover_ratio": 1.43,
            "account_receivable_turnover_ratio": 0.86,
            "reinvestment_rate": -129.84,
            "research_to_sale_ratio": 2.14,
            "price_fair": 73.8,
            "eps_avg_yearly": 2.11,
            "eps_latest_yearly": 5.44,
            "eps_growth_yearly": 290.41
        },
        "20203": {
            "year_quarter": 20203,
            "year": 2020,
            "quarter": 3,
            "eps": 1.07,
            "eps_growth_year": 494.44,
            "eps_4q": 3.77,
            "eps_4q_growth_year": null,
            "roe": 6.74,
            "roe_4q": 26.1,
            "gross_profit": 1466249,
            "gross_margin": 22.8,
            "gross_margin_4q_avg": 22.13,
            "net_income": 577488,
            "revenue": 6429745,
            "common_shares": 5464879,
            "book_valuer_per_share": 16.41,
            "book_valuer_per_share_4q_avg": 14.73,
            "equity": 8873369,
            "current_ratio": 149.16,
            "debt_ratio": 60.8,
            "inventory_turnover_ratio": 1.48,
            "account_receivable_turnover_ratio": 0.83,
            "reinvestment_rate": -75.29,
            "research_to_sale_ratio": 2.22,
            "price_fair": 90.6,
            "eps_avg_yearly": 2.59,
            "eps_latest_yearly": 4.28,
            "eps_growth_yearly": 225.84
        },
        "20204": {
            "year_quarter": 20204,
            "year": 2020,
            "quarter": 4,
            "eps": 0.66,
            "eps_growth_year": 8.82,
            "eps_4q": 3.82,
            "eps_4q_growth_year": 1493.06,
            "roe": 3.92,
            "roe_4q": 25.369999999999997,
            "gross_profit": 1203065,
            "gross_margin": 21.44,
            "gross_margin_4q_avg": 22.47,
            "net_income": 355425,
            "revenue": 5612335,
            "common_shares": 5464879,
            "book_valuer_per_share": 17.13,
            "book_valuer_per_share_4q_avg": 15.7,
            "equity": 9265636,
            "current_ratio": 160.02,
            "debt_ratio": 57.2,
            "inventory_turnover_ratio": 1.39,
            "account_receivable_turnover_ratio": 0.77,
            "reinvestment_rate": -57.81,
            "research_to_sale_ratio": 2.4,
            "price_fair": 99,
            "eps_avg_yearly": 2.83,
            "eps_latest_yearly": 2.64,
            "eps_growth_yearly": 201.46
        },
        "20211": {
            "year_quarter": 20211,
            "year": 2021,
            "quarter": 1,
            "eps": 1.1,
            "eps_growth_year": 48.65,
            "eps_4q": 4.18,
            "eps_4q_growth_year": 204.21,
            "roe": 6.23,
            "roe_4q": 26.18,
            "gross_profit": 1321780,
            "gross_margin": 22.83,
            "gross_margin_4q_avg": 23.06,
            "net_income": 595016,
            "revenue": 5789536,
            "common_shares": 5464879,
            "book_valuer_per_share": 18.2,
            "book_valuer_per_share_4q_avg": 16.76,
            "equity": 9842882,
            "current_ratio": 173.07,
            "debt_ratio": 56.06,
            "inventory_turnover_ratio": 1.3,
            "account_receivable_turnover_ratio": 0.83,
            "reinvestment_rate": -33.02,
            "research_to_sale_ratio": 2.63,
            "price_fair": 105.88,
            "eps_avg_yearly": 3.03,
            "eps_latest_yearly": 4.4,
            "eps_growth_yearly": 209.61
        },
        "20212": {
            "year_quarter": 20212,
            "year": 2021,
            "quarter": 2,
            "eps": 1.34,
            "eps_growth_year": -1.47,
            "eps_4q": 4.17,
            "eps_4q_growth_year": 44.42,
            "roe": 7.12,
            "roe_4q": 24.010000000000005,
            "gross_profit": 1588887,
            "gross_margin": 24.92,
            "gross_margin_4q_avg": 23,
            "net_income": 725534,
            "revenue": 6377010,
            "common_shares": 5464879,
            "book_valuer_per_share": 19.5,
            "book_valuer_per_share_4q_avg": 17.81,
            "equity": 10543476,
            "current_ratio": 174.94,
            "debt_ratio": 55.32,
            "inventory_turnover_ratio": 1.18,
            "account_receivable_turnover_ratio": 0.85,
            "reinvestment_rate": -26.12,
            "research_to_sale_ratio": 2.36,
            "price_fair": 114.96,
            "eps_avg_yearly": 3.28,
            "eps_latest_yearly": 5.36,
            "eps_growth_yearly": 196.02
        },
        "20213": {
            "year_quarter": 20213,
            "year": 2021,
            "quarter": 3,
            "eps": 1.46,
            "eps_growth_year": 36.45,
            "eps_4q": 4.56,
            "eps_4q_growth_year": 20.92,
            "roe": 7.49,
            "roe_4q": 24.759999999999998,
            "gross_profit": 1668950,
            "gross_margin": 23.66,
            "gross_margin_4q_avg": 23.21,
            "net_income": 788154,
            "revenue": 7054155,
            "common_shares": 5464879,
            "book_valuer_per_share": 19.42,
            "book_valuer_per_share_4q_avg": 18.56,
            "equity": 10503010,
            "current_ratio": 169.19,
            "debt_ratio": 55.88,
            "inventory_turnover_ratio": 1.19,
            "account_receivable_turnover_ratio": 0.86,
            "reinvestment_rate": -22.16,
            "research_to_sale_ratio": 2.24,
            "price_fair": 123.9,
            "eps_avg_yearly": 3.54,
            "eps_latest_yearly": 5.84,
            "eps_growth_yearly": 180
        },
        "20214": {
            "year_quarter": 20214,
            "year": 2021,
            "quarter": 4,
            "eps": 1.51,
            "eps_growth_year": 130.19,
            "eps_4q": 5.41,
            "eps_4q_growth_year": 41.63,
            "roe": 7.47,
            "roe_4q": 28.310000000000002,
            "gross_profit": 1791423,
            "gross_margin": 24.25,
            "gross_margin_4q_avg": 23.92,
            "net_income": 818150,
            "revenue": 7386773,
            "common_shares": 5464879,
            "book_valuer_per_share": 21.09,
            "book_valuer_per_share_4q_avg": 19.55,
            "equity": 11402114,
            "current_ratio": 176.77,
            "debt_ratio": 54.36,
            "inventory_turnover_ratio": 1.18,
            "account_receivable_turnover_ratio": 0.84,
            "reinvestment_rate": -16.75,
            "research_to_sale_ratio": 2.19,
            "price_fair": 131.85,
            "eps_avg_yearly": 3.77,
            "eps_latest_yearly": 6.04,
            "eps_growth_yearly": 164.88
        },
        "20221": {
            "year_quarter": 20221,
            "year": 2022,
            "quarter": 1,
            "eps": 1.5,
            "eps_growth_year": 36.36,
            "eps_4q": 5.81,
            "eps_4q_growth_year": 38.89,
            "roe": 6.81,
            "roe_4q": 28.89,
            "gross_profit": 1666942,
            "gross_margin": 23.02,
            "gross_margin_4q_avg": 23.96,
            "net_income": 810843,
            "revenue": 7240458,
            "common_shares": 5464879,
            "book_valuer_per_share": 22.97,
            "book_valuer_per_share_4q_avg": 20.75,
            "equity": 12420518,
            "current_ratio": 170.68,
            "debt_ratio": 54.09,
            "inventory_turnover_ratio": 1.1,
            "account_receivable_turnover_ratio": 0.76,
            "reinvestment_rate": -9.07,
            "research_to_sale_ratio": 2.36,
            "price_fair": 138.37,
            "eps_avg_yearly": 3.95,
            "eps_latest_yearly": 6,
            "eps_growth_yearly": 150.92
        },
        "20222": {
            "year_quarter": 20222,
            "year": 2022,
            "quarter": 2,
            "eps": 2.7,
            "eps_growth_year": 101.49,
            "eps_4q": 7.17,
            "eps_4q_growth_year": 72.1,
            "roe": 11.7,
            "roe_4q": 33.47,
            "gross_profit": 2484273,
            "gross_margin": 29.38,
            "gross_margin_4q_avg": 25.08,
            "net_income": 1460972,
            "revenue": 8456949,
            "common_shares": 5464879,
            "book_valuer_per_share": 23.22,
            "book_valuer_per_share_4q_avg": 21.68,
            "equity": 12554472,
            "current_ratio": 152.53,
            "debt_ratio": 57.66,
            "inventory_turnover_ratio": 1.05,
            "account_receivable_turnover_ratio": 0.81,
            "reinvestment_rate": -4.01,
            "research_to_sale_ratio": 2.09,
            "price_fair": 156.8,
            "eps_avg_yearly": 4.48,
            "eps_latest_yearly": 10.8,
            "eps_growth_yearly": 163.93
        },
        "20223": {
            "year_quarter": 20223,
            "year": 2022,
            "quarter": 3,
            "eps": 2.54,
            "eps_growth_year": 73.97,
            "eps_4q": 9.13,
            "eps_4q_growth_year": 100.47,
            "roe": 10.39,
            "roe_4q": 36.37,
            "gross_profit": 2373087,
            "gross_margin": 27.57,
            "gross_margin_4q_avg": 26.06,
            "net_income": 1350658,
            "revenue": 8607415,
            "common_shares": 4918391,
            "book_valuer_per_share": 27.64,
            "book_valuer_per_share_4q_avg": 23.73,
            "equity": 13434535,
            "current_ratio": 167.99,
            "debt_ratio": 56.11,
            "inventory_turnover_ratio": 1.02,
            "account_receivable_turnover_ratio": 0.75,
            "reinvestment_rate": 0.92,
            "research_to_sale_ratio": 2.09,
            "price_fair": 179.09,
            "eps_avg_yearly": 5.12,
            "eps_latest_yearly": 10.16,
            "eps_growth_yearly": 112.53
        },
        "20224": {
            "year_quarter": 20224,
            "year": 2022,
            "quarter": 4,
            "eps": 1.94,
            "eps_growth_year": 28.39,
            "eps_4q": 9.39,
            "eps_4q_growth_year": 73.41,
            "roe": 6.81,
            "roe_4q": 35.71,
            "gross_profit": 2203786,
            "gross_margin": 25.99,
            "gross_margin_4q_avg": 26.49,
            "net_income": 945402,
            "revenue": 8480242,
            "common_shares": 4918391,
            "book_valuer_per_share": 29.43,
            "book_valuer_per_share_4q_avg": 25.82,
            "equity": 14324018,
            "current_ratio": 191.68,
            "debt_ratio": 52.32,
            "inventory_turnover_ratio": 1.07,
            "account_receivable_turnover_ratio": 0.75,
            "reinvestment_rate": 1.18,
            "research_to_sale_ratio": 2.25,
            "price_fair": 199.45,
            "eps_avg_yearly": 5.7,
            "eps_latest_yearly": 7.76,
            "eps_growth_yearly": 132.76
        },
        "20231": {
            "year_quarter": 20231,
            "year": 2023,
            "quarter": 1,
            "eps": 0.88,
            "eps_growth_year": -41.33,
            "eps_4q": 8.6,
            "eps_4q_growth_year": 48.05,
            "roe": 3.14,
            "roe_4q": 32.04,
            "gross_profit": 1289191,
            "gross_margin": 20.36,
            "gross_margin_4q_avg": 25.83,
            "net_income": 430336,
            "revenue": 6331580,
            "common_shares": 4918391,
            "book_valuer_per_share": 26.84,
            "book_valuer_per_share_4q_avg": 26.78,
            "equity": 13061303,
            "current_ratio": 160.92,
            "debt_ratio": 53.82,
            "inventory_turnover_ratio": 0.9,
            "account_receivable_turnover_ratio": 0.66,
            "reinvestment_rate": 2.16,
            "research_to_sale_ratio": 2.86,
            "price_fair": 194,
            "eps_avg_yearly": 5.54,
            "eps_latest_yearly": 3.52,
            "eps_growth_yearly": 107.66
        }
    },
    "months": {
        "2001-06": {
            "month": "2001-06",
            "price": "21.63",
            "revenue": 434879
        },
        "2001-07": {
            "month": "2001-07",
            "price": "14.69",
            "revenue": 445690
        },
        "2001-08": {
            "month": "2001-08",
            "price": "13.22",
            "revenue": 606007
        },
        "2001-09": {
            "month": "2001-09",
            "price": "11.15",
            "revenue": 481307
        },
        "2001-10": {
            "month": "2001-10",
            "price": "7.97",
            "revenue": 578352
        },
        "2001-11": {
            "month": "2001-11",
            "price": "9.85",
            "revenue": 530953
        },
        "2001-12": {
            "month": "2001-12",
            "price": "13.04",
            "revenue": 480303
        },
        "2002-01": {
            "month": "2002-01",
            "price": "13.88",
            "revenue": 491851
        },
        "2002-02": {
            "month": "2002-02",
            "price": "12.75",
            "revenue": 392570
        },
        "2002-03": {
            "month": "2002-03",
            "price": "14.25",
            "revenue": 545719
        },
        "2002-04": {
            "month": "2002-04",
            "price": "16.47",
            "revenue": 530259
        },
        "2002-05": {
            "month": "2002-05",
            "price": "13.35",
            "revenue": 558596
        },
        "2002-06": {
            "month": "2002-06",
            "price": "12.64",
            "revenue": 451394
        },
        "2002-07": {
            "month": "2002-07",
            "price": "10.23",
            "revenue": 524754
        },
        "2002-08": {
            "month": "2002-08",
            "price": "9.88",
            "revenue": 501314
        },
        "2002-09": {
            "month": "2002-09",
            "price": "7.73",
            "revenue": 186246
        },
        "2002-10": {
            "month": "2002-10",
            "price": "6.90",
            "revenue": 421638
        },
        "2002-11": {
            "month": "2002-11",
            "price": "7.05",
            "revenue": 355816
        },
        "2002-12": {
            "month": "2002-12",
            "price": "6.50",
            "revenue": 333039
        },
        "2003-01": {
            "month": "2003-01",
            "price": "7.07",
            "revenue": 472968
        },
        "2003-02": {
            "month": "2003-02",
            "price": "7.28",
            "revenue": 372983
        },
        "2003-03": {
            "month": "2003-03",
            "price": "6.39",
            "revenue": 570310
        },
        "2003-04": {
            "month": "2003-04",
            "price": "7.86",
            "revenue": 604926
        },
        "2003-05": {
            "month": "2003-05",
            "price": "9.33",
            "revenue": 600053
        },
        "2003-06": {
            "month": "2003-06",
            "price": "11.48",
            "revenue": 501649
        },
        "2003-07": {
            "month": "2003-07",
            "price": "14.49",
            "revenue": 540714
        },
        "2003-08": {
            "month": "2003-08",
            "price": "11.89",
            "revenue": 550197
        },
        "2003-09": {
            "month": "2003-09",
            "price": "11.46",
            "revenue": 639389
        },
        "2003-10": {
            "month": "2003-10",
            "price": "12.03",
            "revenue": 656120
        },
        "2003-11": {
            "month": "2003-11",
            "price": "13.42",
            "revenue": 700610
        },
        "2003-12": {
            "month": "2003-12",
            "price": "14.41",
            "revenue": 754286
        },
        "2004-01": {
            "month": "2004-01",
            "price": "14.65",
            "revenue": 731672
        },
        "2004-02": {
            "month": "2004-02",
            "price": "14.56",
            "revenue": 759531
        },
        "2004-03": {
            "month": "2004-03",
            "price": "15.20",
            "revenue": 756683
        },
        "2004-04": {
            "month": "2004-04",
            "price": "15.96",
            "revenue": 722558
        },
        "2004-05": {
            "month": "2004-05",
            "price": "13.02",
            "revenue": 800833
        },
        "2004-06": {
            "month": "2004-06",
            "price": "13.82",
            "revenue": 816220
        },
        "2004-07": {
            "month": "2004-07",
            "price": "13.78",
            "revenue": 840871
        },
        "2004-08": {
            "month": "2004-08",
            "price": "14.32",
            "revenue": 853105
        },
        "2004-09": {
            "month": "2004-09",
            "price": "14.61",
            "revenue": 850879
        },
        "2004-10": {
            "month": "2004-10",
            "price": "14.27",
            "revenue": 909837
        },
        "2004-11": {
            "month": "2004-11",
            "price": "14.60",
            "revenue": 966479
        },
        "2004-12": {
            "month": "2004-12",
            "price": "13.95",
            "revenue": 875425
        },
        "2005-01": {
            "month": "2005-01",
            "price": "13.27",
            "revenue": 731539
        },
        "2005-02": {
            "month": "2005-02",
            "price": "13.77",
            "revenue": 567178
        },
        "2005-03": {
            "month": "2005-03",
            "price": "13.41",
            "revenue": 706035
        },
        "2005-04": {
            "month": "2005-04",
            "price": "13.96",
            "revenue": 640587
        },
        "2005-05": {
            "month": "2005-05",
            "price": "12.62",
            "revenue": 747486
        },
        "2005-06": {
            "month": "2005-06",
            "price": "15.11",
            "revenue": 738788
        },
        "2005-07": {
            "month": "2005-07",
            "price": "16.54",
            "revenue": 745764
        },
        "2005-08": {
            "month": "2005-08",
            "price": "16.79",
            "revenue": 1053130
        },
        "2005-09": {
            "month": "2005-09",
            "price": "16.69",
            "revenue": 1029395
        },
        "2005-10": {
            "month": "2005-10",
            "price": "15.78",
            "revenue": 1099832
        },
        "2005-11": {
            "month": "2005-11",
            "price": "15.15",
            "revenue": 1193454
        },
        "2005-12": {
            "month": "2005-12",
            "price": "17.65",
            "revenue": 1282683
        },
        "2006-01": {
            "month": "2006-01",
            "price": "18.43",
            "revenue": 1065538
        },
        "2006-02": {
            "month": "2006-02",
            "price": "18.71",
            "revenue": 1011670
        },
        "2006-03": {
            "month": "2006-03",
            "price": "18.69",
            "revenue": 1184261
        },
        "2006-04": {
            "month": "2006-04",
            "price": "20.83",
            "revenue": 1247465
        },
        "2006-05": {
            "month": "2006-05",
            "price": "22.80",
            "revenue": 1212579
        },
        "2006-06": {
            "month": "2006-06",
            "price": "19.28",
            "revenue": 1279316
        },
        "2006-07": {
            "month": "2006-07",
            "price": "19.15",
            "revenue": 1266819
        },
        "2006-08": {
            "month": "2006-08",
            "price": "20.39",
            "revenue": 1227598
        },
        "2006-09": {
            "month": "2006-09",
            "price": "20.17",
            "revenue": 1313597
        },
        "2006-10": {
            "month": "2006-10",
            "price": "20.42",
            "revenue": 1437990
        },
        "2006-11": {
            "month": "2006-11",
            "price": "21.33",
            "revenue": 1338633
        },
        "2006-12": {
            "month": "2006-12",
            "price": "23.24",
            "revenue": 1501422
        },
        "2007-01": {
            "month": "2007-01",
            "price": "25.80",
            "revenue": 1611288
        },
        "2007-02": {
            "month": "2007-02",
            "price": "28.21",
            "revenue": 1140724
        },
        "2007-03": {
            "month": "2007-03",
            "price": "28.06",
            "revenue": 1498079
        },
        "2007-04": {
            "month": "2007-04",
            "price": "26.85",
            "revenue": 1399286
        },
        "2007-05": {
            "month": "2007-05",
            "price": "23.90",
            "revenue": 1453307
        },
        "2007-06": {
            "month": "2007-06",
            "price": "25.13",
            "revenue": 1391247
        },
        "2007-07": {
            "month": "2007-07",
            "price": "26.80",
            "revenue": 1761338
        },
        "2007-08": {
            "month": "2007-08",
            "price": "28.96",
            "revenue": 1776025
        },
        "2007-09": {
            "month": "2007-09",
            "price": "28.16",
            "revenue": 1661715
        },
        "2007-10": {
            "month": "2007-10",
            "price": "29.25",
            "revenue": 1914112
        },
        "2007-11": {
            "month": "2007-11",
            "price": "31.06",
            "revenue": 1928058
        },
        "2007-12": {
            "month": "2007-12",
            "price": "29.26",
            "revenue": 1925360
        },
        "2008-01": {
            "month": "2008-01",
            "price": "23.02",
            "revenue": 1753260
        },
        "2008-02": {
            "month": "2008-02",
            "price": "20.43",
            "revenue": 1432390
        },
        "2008-03": {
            "month": "2008-03",
            "price": "21.09",
            "revenue": 1639140
        },
        "2008-04": {
            "month": "2008-04",
            "price": "21.72",
            "revenue": 1623659
        },
        "2008-05": {
            "month": "2008-05",
            "price": "22.68",
            "revenue": 1673552
        },
        "2008-06": {
            "month": "2008-06",
            "price": "21.04",
            "revenue": 1652250
        },
        "2008-07": {
            "month": "2008-07",
            "price": "17.79",
            "revenue": 1613101
        },
        "2008-08": {
            "month": "2008-08",
            "price": "15.97",
            "revenue": 1728763
        },
        "2008-09": {
            "month": "2008-09",
            "price": "11.53",
            "revenue": 1840002
        },
        "2008-10": {
            "month": "2008-10",
            "price": "9.41",
            "revenue": 1677946
        },
        "2008-11": {
            "month": "2008-11",
            "price": "7.48",
            "revenue": 981676
        },
        "2008-12": {
            "month": "2008-12",
            "price": "6.70",
            "revenue": 925485
        },
        "2009-01": {
            "month": "2009-01",
            "price": "6.64",
            "revenue": 764610
        },
        "2009-02": {
            "month": "2009-02",
            "price": "6.88",
            "revenue": 1116467
        },
        "2009-03": {
            "month": "2009-03",
            "price": "8.79",
            "revenue": 1312408
        },
        "2009-04": {
            "month": "2009-04",
            "price": "10.85",
            "revenue": 1269197
        },
        "2009-05": {
            "month": "2009-05",
            "price": "11.55",
            "revenue": 1159964
        },
        "2009-06": {
            "month": "2009-06",
            "price": "10.27",
            "revenue": 1125872
        },
        "2009-07": {
            "month": "2009-07",
            "price": "10.50",
            "revenue": 1106058
        },
        "2009-08": {
            "month": "2009-08",
            "price": "11.65",
            "revenue": 1297332
        },
        "2009-09": {
            "month": "2009-09",
            "price": "12.83",
            "revenue": 1287734
        },
        "2009-10": {
            "month": "2009-10",
            "price": "12.61",
            "revenue": 1403538
        },
        "2009-11": {
            "month": "2009-11",
            "price": "12.04",
            "revenue": 1270670
        },
        "2009-12": {
            "month": "2009-12",
            "price": "13.02",
            "revenue": 1224815
        },
        "2010-01": {
            "month": "2010-01",
            "price": "12.95",
            "revenue": 1180958
        },
        "2010-02": {
            "month": "2010-02",
            "price": "11.42",
            "revenue": 1024380
        },
        "2010-03": {
            "month": "2010-03",
            "price": "12.00",
            "revenue": 1317520
        },
        "2010-04": {
            "month": "2010-04",
            "price": "12.22",
            "revenue": 1306391
        },
        "2010-05": {
            "month": "2010-05",
            "price": "10.90",
            "revenue": 1352300
        },
        "2010-06": {
            "month": "2010-06",
            "price": "10.55",
            "revenue": 1356787
        },
        "2010-07": {
            "month": "2010-07",
            "price": "10.91",
            "revenue": 1354865
        },
        "2010-08": {
            "month": "2010-08",
            "price": "11.46",
            "revenue": 1345855
        },
        "2010-09": {
            "month": "2010-09",
            "price": "11.12",
            "revenue": 1382649
        },
        "2010-10": {
            "month": "2010-10",
            "price": "11.10",
            "revenue": 1284104
        },
        "2010-11": {
            "month": "2010-11",
            "price": "10.74",
            "revenue": 1365050
        },
        "2010-12": {
            "month": "2010-12",
            "price": "13.02",
            "revenue": 1293248
        },
        "2011-01": {
            "month": "2011-01",
            "price": "13.32",
            "revenue": 1167220
        },
        "2011-02": {
            "month": "2011-02",
            "price": "13.74",
            "revenue": 1156880
        },
        "2011-03": {
            "month": "2011-03",
            "price": "12.84",
            "revenue": 1513734
        },
        "2011-04": {
            "month": "2011-04",
            "price": "12.51",
            "revenue": 1415103
        },
        "2011-05": {
            "month": "2011-05",
            "price": "12.11",
            "revenue": 1527506
        },
        "2011-06": {
            "month": "2011-06",
            "price": "12.35",
            "revenue": 1392531
        },
        "2011-07": {
            "month": "2011-07",
            "price": "12.13",
            "revenue": 1340222
        },
        "2011-08": {
            "month": "2011-08",
            "price": "10.58",
            "revenue": 1488102
        },
        "2011-09": {
            "month": "2011-09",
            "price": "9.14",
            "revenue": 1475150
        },
        "2011-10": {
            "month": "2011-10",
            "price": "8.59",
            "revenue": 1503938
        },
        "2011-11": {
            "month": "2011-11",
            "price": "7.78",
            "revenue": 1559590
        },
        "2011-12": {
            "month": "2011-12",
            "price": "6.84",
            "revenue": 1302480
        },
        "2012-01": {
            "month": "2012-01",
            "price": "7.23",
            "revenue": 1115733
        },
        "2012-02": {
            "month": "2012-02",
            "price": "8.51",
            "revenue": 1261165
        },
        "2012-03": {
            "month": "2012-03",
            "price": "8.84",
            "revenue": 1404587
        },
        "2012-04": {
            "month": "2012-04",
            "price": "7.13",
            "revenue": 1285190
        },
        "2012-05": {
            "month": "2012-05",
            "price": "6.77",
            "revenue": 1117815
        },
        "2012-06": {
            "month": "2012-06",
            "price": "6.43",
            "revenue": 1132900
        },
        "2012-07": {
            "month": "2012-07",
            "price": "6.30",
            "revenue": 1195342
        },
        "2012-08": {
            "month": "2012-08",
            "price": "6.46",
            "revenue": 1297312
        },
        "2012-09": {
            "month": "2012-09",
            "price": "6.76",
            "revenue": 1264918
        },
        "2012-10": {
            "month": "2012-10",
            "price": "6.27",
            "revenue": 1226419
        },
        "2012-11": {
            "month": "2012-11",
            "price": "5.39",
            "revenue": 1335377
        },
        "2012-12": {
            "month": "2012-12",
            "price": "5.92",
            "revenue": 1458761
        },
        "2013-01": {
            "month": "2013-01",
            "price": "5.98",
            "revenue": 1427317
        },
        "2013-02": {
            "month": "2013-02",
            "price": "5.82",
            "revenue": 1094926
        },
        "2013-03": {
            "month": "2013-03",
            "price": "5.92",
            "revenue": 1434560
        },
        "2013-04": {
            "month": "2013-04",
            "price": "5.77",
            "revenue": 1603435
        },
        "2013-05": {
            "month": "2013-05",
            "price": "6.51",
            "revenue": 1558080
        },
        "2013-06": {
            "month": "2013-06",
            "price": "7.18",
            "revenue": 1289163
        },
        "2013-07": {
            "month": "2013-07",
            "price": "6.96",
            "revenue": 1464487
        },
        "2013-08": {
            "month": "2013-08",
            "price": "6.48",
            "revenue": 1588731
        },
        "2013-09": {
            "month": "2013-09",
            "price": "6.65",
            "revenue": 1713177
        },
        "2013-10": {
            "month": "2013-10",
            "price": "7.28",
            "revenue": 1567354
        },
        "2013-11": {
            "month": "2013-11",
            "price": "6.93",
            "revenue": 1476262
        },
        "2013-12": {
            "month": "2013-12",
            "price": "6.88",
            "revenue": 1572671
        },
        "2014-01": {
            "month": "2014-01",
            "price": "7.41",
            "revenue": 1482812
        },
        "2014-02": {
            "month": "2014-02",
            "price": "8.13",
            "revenue": 1200567
        },
        "2014-03": {
            "month": "2014-03",
            "price": "8.10",
            "revenue": 1404904
        },
        "2014-04": {
            "month": "2014-04",
            "price": "8.05",
            "revenue": 1550635
        },
        "2014-05": {
            "month": "2014-05",
            "price": "8.09",
            "revenue": 1541930
        },
        "2014-06": {
            "month": "2014-06",
            "price": "9.36",
            "revenue": 1581950
        },
        "2014-07": {
            "month": "2014-07",
            "price": "10.50",
            "revenue": 1779982
        },
        "2014-08": {
            "month": "2014-08",
            "price": "10.50",
            "revenue": 1790477
        },
        "2014-09": {
            "month": "2014-09",
            "price": "11.87",
            "revenue": 1928645
        },
        "2014-10": {
            "month": "2014-10",
            "price": "12.08",
            "revenue": 1913690
        },
        "2014-11": {
            "month": "2014-11",
            "price": "13.29",
            "revenue": 1879335
        },
        "2014-12": {
            "month": "2014-12",
            "price": "17.81",
            "revenue": 2109683
        },
        "2015-01": {
            "month": "2015-01",
            "price": "20.80",
            "revenue": 1999950
        },
        "2015-02": {
            "month": "2015-02",
            "price": "20.84",
            "revenue": 1592282
        },
        "2015-03": {
            "month": "2015-03",
            "price": "19.63",
            "revenue": 1664947
        },
        "2015-04": {
            "month": "2015-04",
            "price": "17.70",
            "revenue": 1607662
        },
        "2015-05": {
            "month": "2015-05",
            "price": "15.70",
            "revenue": 1428710
        },
        "2015-06": {
            "month": "2015-06",
            "price": "13.84",
            "revenue": 1552291
        },
        "2015-07": {
            "month": "2015-07",
            "price": "11.88",
            "revenue": 1585093
        },
        "2015-08": {
            "month": "2015-08",
            "price": "9.52",
            "revenue": 1610700
        },
        "2015-09": {
            "month": "2015-09",
            "price": "9.75",
            "revenue": 1643710
        },
        "2015-10": {
            "month": "2015-10",
            "price": "10.90",
            "revenue": 1655123
        },
        "2015-11": {
            "month": "2015-11",
            "price": "10.35",
            "revenue": 1559172
        },
        "2015-12": {
            "month": "2015-12",
            "price": "9.80",
            "revenue": 1478102
        },
        "2016-01": {
            "month": "2016-01",
            "price": "8.61",
            "revenue": 1437911
        },
        "2016-02": {
            "month": "2016-02",
            "price": "8.85",
            "revenue": 1018718
        },
        "2016-03": {
            "month": "2016-03",
            "price": "9.21",
            "revenue": 1477336
        },
        "2016-04": {
            "month": "2016-04",
            "price": "8.38",
            "revenue": 1475473
        },
        "2016-05": {
            "month": "2016-05",
            "price": "7.47",
            "revenue": 1683174
        },
        "2016-06": {
            "month": "2016-06",
            "price": "8.52",
            "revenue": 1771672
        },
        "2016-07": {
            "month": "2016-07",
            "price": "10.00",
            "revenue": 1966838
        },
        "2016-08": {
            "month": "2016-08",
            "price": "11.77",
            "revenue": 1830794
        },
        "2016-09": {
            "month": "2016-09",
            "price": "11.69",
            "revenue": 1626575
        },
        "2016-10": {
            "month": "2016-10",
            "price": "11.02",
            "revenue": 1757929
        },
        "2016-11": {
            "month": "2016-11",
            "price": "10.40",
            "revenue": 1771125
        },
        "2016-12": {
            "month": "2016-12",
            "price": "10.73",
            "revenue": 1645719
        },
        "2017-01": {
            "month": "2017-01",
            "price": "10.40",
            "revenue": 1412079
        },
        "2017-02": {
            "month": "2017-02",
            "price": "11.06",
            "revenue": 1400959
        },
        "2017-03": {
            "month": "2017-03",
            "price": "11.43",
            "revenue": 1563028
        },
        "2017-04": {
            "month": "2017-04",
            "price": "11.18",
            "revenue": 1483488
        },
        "2017-05": {
            "month": "2017-05",
            "price": "11.02",
            "revenue": 1603892
        },
        "2017-06": {
            "month": "2017-06",
            "price": "10.98",
            "revenue": 1681314
        },
        "2017-07": {
            "month": "2017-07",
            "price": "10.22",
            "revenue": 1696287
        },
        "2017-08": {
            "month": "2017-08",
            "price": "9.75",
            "revenue": 1617759
        },
        "2017-09": {
            "month": "2017-09",
            "price": "9.85",
            "revenue": 1755347
        },
        "2017-10": {
            "month": "2017-10",
            "price": "9.84",
            "revenue": 1576673
        },
        "2017-11": {
            "month": "2017-11",
            "price": "10.35",
            "revenue": 1710841
        },
        "2017-12": {
            "month": "2017-12",
            "price": "10.46",
            "revenue": 1621884
        },
        "2018-01": {
            "month": "2018-01",
            "price": "10.43",
            "revenue": 1659262
        },
        "2018-02": {
            "month": "2018-02",
            "price": "9.43",
            "revenue": 1334536
        },
        "2018-03": {
            "month": "2018-03",
            "price": "9.65",
            "revenue": 1684855
        },
        "2018-04": {
            "month": "2018-04",
            "price": "9.70",
            "revenue": 1688652
        },
        "2018-05": {
            "month": "2018-05",
            "price": "9.29",
            "revenue": 1738893
        },
        "2018-06": {
            "month": "2018-06",
            "price": "10.03",
            "revenue": 1698608
        },
        "2018-07": {
            "month": "2018-07",
            "price": "9.53",
            "revenue": 1957585
        },
        "2018-08": {
            "month": "2018-08",
            "price": "12.86",
            "revenue": 1923774
        },
        "2018-09": {
            "month": "2018-09",
            "price": "13.54",
            "revenue": 1851234
        },
        "2018-10": {
            "month": "2018-10",
            "price": "10.47",
            "revenue": 1764750
        },
        "2018-11": {
            "month": "2018-11",
            "price": "11.75",
            "revenue": 1704478
        },
        "2018-12": {
            "month": "2018-12",
            "price": "12.97",
            "revenue": 1600715
        },
        "2019-01": {
            "month": "2019-01",
            "price": "13.55",
            "revenue": 1711375
        },
        "2019-02": {
            "month": "2019-02",
            "price": "13.98",
            "revenue": 1122486
        },
        "2019-03": {
            "month": "2019-03",
            "price": "13.73",
            "revenue": 1508154
        },
        "2019-04": {
            "month": "2019-04",
            "price": "13.74",
            "revenue": 1346241
        },
        "2019-05": {
            "month": "2019-05",
            "price": "11.62",
            "revenue": 1374362
        },
        "2019-06": {
            "month": "2019-06",
            "price": "11.50",
            "revenue": 1545898
        },
        "2019-07": {
            "month": "2019-07",
            "price": "12.71",
            "revenue": 1532168
        },
        "2019-08": {
            "month": "2019-08",
            "price": "12.80",
            "revenue": 1547274
        },
        "2019-09": {
            "month": "2019-09",
            "price": "14.68",
            "revenue": 1711480
        },
        "2019-10": {
            "month": "2019-10",
            "price": "14.44",
            "revenue": 1753220
        },
        "2019-11": {
            "month": "2019-11",
            "price": "15.05",
            "revenue": 1838886
        },
        "2019-12": {
            "month": "2019-12",
            "price": "16.06",
            "revenue": 2028342
        },
        "2020-01": {
            "month": "2020-01",
            "price": "17.40",
            "revenue": 1445719
        },
        "2020-02": {
            "month": "2020-02",
            "price": "15.24",
            "revenue": 1669437
        },
        "2020-03": {
            "month": "2020-03",
            "price": "19.76",
            "revenue": 1946745
        },
        "2020-04": {
            "month": "2020-04",
            "price": "28.33",
            "revenue": 2233286
        },
        "2020-05": {
            "month": "2020-05",
            "price": "34.01",
            "revenue": 2145345
        },
        "2020-06": {
            "month": "2020-06",
            "price": "33.64",
            "revenue": 1944573
        },
        "2020-07": {
            "month": "2020-07",
            "price": "38.04",
            "revenue": 2147302
        },
        "2020-08": {
            "month": "2020-08",
            "price": "49.79",
            "revenue": 2196404
        },
        "2020-09": {
            "month": "2020-09",
            "price": "49.11",
            "revenue": 2066798
        },
        "2020-10": {
            "month": "2020-10",
            "price": "46.66",
            "revenue": 1792222
        },
        "2020-11": {
            "month": "2020-11",
            "price": "46.65",
            "revenue": 1854114
        },
        "2020-12": {
            "month": "2020-12",
            "price": "51.88",
            "revenue": 1950808
        },
        "2021-01": {
            "month": "2021-01",
            "price": "53.73",
            "revenue": 2050494
        },
        "2021-02": {
            "month": "2021-02",
            "price": "54.00",
            "revenue": 1569582
        },
        "2021-03": {
            "month": "2021-03",
            "price": "55.89",
            "revenue": 2164805
        },
        "2021-04": {
            "month": "2021-04",
            "price": "55.02",
            "revenue": 2128600
        },
        "2021-05": {
            "month": "2021-05",
            "price": "49.90",
            "revenue": 2222799
        },
        "2021-06": {
            "month": "2021-06",
            "price": "61.18",
            "revenue": 2028098
        },
        "2021-07": {
            "month": "2021-07",
            "price": "74.26",
            "revenue": 2318359
        },
        "2021-08": {
            "month": "2021-08",
            "price": "68.46",
            "revenue": 2444041
        },
        "2021-09": {
            "month": "2021-09",
            "price": "69.63",
            "revenue": 2305843
        },
        "2021-10": {
            "month": "2021-10",
            "price": "65.26",
            "revenue": 2367977
        },
        "2021-11": {
            "month": "2021-11",
            "price": "71.25",
            "revenue": 2575231
        },
        "2021-12": {
            "month": "2021-12",
            "price": "73.65",
            "revenue": 2442409
        },
        "2022-01": {
            "month": "2022-01",
            "price": "77.91",
            "revenue": 2430382
        },
        "2022-02": {
            "month": "2022-02",
            "price": "81.06",
            "revenue": 2158842
        },
        "2022-03": {
            "month": "2022-03",
            "price": "80.17",
            "revenue": 2629456
        },
        "2022-04": {
            "month": "2022-04",
            "price": "82.94",
            "revenue": 2544437
        },
        "2022-05": {
            "month": "2022-05",
            "price": "82.40",
            "revenue": 3056457
        },
        "2022-06": {
            "month": "2022-06",
            "price": "83.10",
            "revenue": 2909277
        },
        "2022-07": {
            "month": "2022-07",
            "price": "76.03",
            "revenue": 2667513
        },
        "2022-08": {
            "month": "2022-08",
            "price": "80.15",
            "revenue": 2960443
        },
        "2022-09": {
            "month": "2022-09",
            "price": "89.02",
            "revenue": 2977499
        },
        "2022-10": {
            "month": "2022-10",
            "price": "85.86",
            "revenue": 2982689
        },
        "2022-11": {
            "month": "2022-11",
            "price": "94.78",
            "revenue": 2910006
        },
        "2022-12": {
            "month": "2022-12",
            "price": "93.41",
            "revenue": 2607969
        },
        "2023-01": {
            "month": "2023-01",
            "price": "88.63",
            "revenue": 2014987
        },
        "2023-02": {
            "month": "2023-02",
            "price": "88.58",
            "revenue": 1886089
        },
        "2023-03": {
            "month": "2023-03",
            "price": "92.14",
            "revenue": 2411281
        },
        "2023-04": {
            "month": "2023-04",
            "price": "99.37",
            "revenue": 2380168
        },
        "2023-05": {
            "month": "2023-05",
            "price": "105.71",
            "revenue": 2304981
        }
    }
}
