{
    "summary": {
        "stock_name": "菱生",
        "stock_id": "2369",
        "category": "半導體",
        "main_business": "積體電路封裝.積體電路測試<br>發光二極體顯示燈<br>一般進出口貿易(許可業務除外)",
        "website_url": "https://www.lingsen.com.tw",
        "ceo": "蔡澤松",
        "pe_ratio": -280,
        "report_year_from": 2001,
        "report_year_to": 2023,
        "age": 22,
        "eps_negative_percentage": 44,
        "eps_growth_avg": {
            "last_all": -32.71,
            "last_2y": -76.17,
            "last_4y": -88.09,
            "last_8y": -74.02,
            "last_12y": -36.87,
            "last_16y": -24,
            "last_20y": -32.71,
            "at_2006_last_3y": -51.37,
            "at_2007_last_3y": -13.28,
            "at_2008_last_3y": -21.94,
            "at_2009_last_3y": 14.64,
            "at_2010_last_3y": 35.98,
            "at_2011_last_3y": 7.87,
            "at_2012_last_3y": 12.75,
            "at_2013_last_3y": 9.56,
            "at_2014_last_3y": -27.41,
            "at_2015_last_3y": -40.03,
            "at_2016_last_3y": -50.32,
            "at_2017_last_3y": -64.65,
            "at_2018_last_3y": -82.01,
            "at_2019_last_3y": -73.02,
            "at_2020_last_3y": -73.02,
            "at_2021_last_3y": -100,
            "at_2022_last_3y": -76.17,
            "at_2023_last_3y": -76.17,
            "at_2006_last_all": -67.58,
            "at_2007_last_all": -34.96,
            "at_2008_last_all": -33.71,
            "at_2009_last_all": -26.47,
            "at_2010_last_all": -8.4,
            "at_2011_last_all": -13.55,
            "at_2012_last_all": -13.06,
            "at_2013_last_all": -12.06,
            "at_2014_last_all": -15.32,
            "at_2015_last_all": -22.37,
            "at_2016_last_all": -22.37,
            "at_2017_last_all": -24.19,
            "at_2018_last_all": -29.61,
            "at_2019_last_all": -29.61,
            "at_2020_last_all": -29.61,
            "at_2021_last_all": -29.61,
            "at_2022_last_all": -32.71,
            "at_2023_last_all": -32.71
        },
        "latest_eps": -0.05,
        "latest_price": 14,
        "latest_roe": -0.74,
        "latest_gross_margin": -0.42,
        "latest_equity": 5847135,
        "latest_revenue": 1259399,
        "latest_gross_profit": -5300,
        "latest_net_income": -103258,
        "latest_debt_ratio": 31.45,
        "latest_current_ratio": 212.07,
        "latest_account_receivable_turnover_ratio": 1.23,
        "latest_inventory_turnover_ratio": 2.53,
        "latest_reinvestment_rate": -7.07,
        "latest_research_to_sale_ratio": 2.64
    },
    "eps_dividends": {
        "1997": {
            "cash": 0,
            "stock": 3,
            "eps": 0
        },
        "1998": {
            "cash": 0,
            "stock": 2,
            "eps": 0
        },
        "1999": {
            "cash": 1,
            "stock": 2,
            "eps": 0
        },
        "2000": {
            "cash": 0,
            "stock": 1,
            "eps": 0
        },
        "2001": {
            "cash": 0,
            "stock": 1,
            "eps": 0.57
        },
        "2002": {
            "cash": 0,
            "stock": 0,
            "eps": -1.44
        },
        "2003": {
            "cash": 0,
            "stock": 0,
            "eps": 1.46
        },
        "2004": {
            "cash": 0,
            "stock": 0,
            "eps": 1.42
        },
        "2005": {
            "cash": 1,
            "stock": 0,
            "eps": -0.22
        },
        "2006": {
            "cash": 0,
            "stock": 0,
            "eps": 0.62
        },
        "2007": {
            "cash": 0,
            "stock": 0,
            "eps": 1.01
        },
        "2008": {
            "cash": 1,
            "stock": 0,
            "eps": 0.72
        },
        "2009": {
            "cash": 0,
            "stock": 0,
            "eps": 0.79
        },
        "2010": {
            "cash": 1,
            "stock": 0,
            "eps": 2.16
        },
        "2011": {
            "cash": 2,
            "stock": 0,
            "eps": 1.09
        },
        "2012": {
            "cash": 0,
            "stock": 0,
            "eps": 0.99
        },
        "2013": {
            "cash": 1,
            "stock": 0,
            "eps": 0.96
        },
        "2014": {
            "cash": 1,
            "stock": 0,
            "eps": 0.5
        },
        "2015": {
            "cash": 1,
            "stock": 0,
            "eps": -0.22
        },
        "2016": {
            "cash": 0,
            "stock": 0,
            "eps": 0.63
        },
        "2017": {
            "cash": 1,
            "stock": 0,
            "eps": 0.34
        },
        "2018": {
            "cash": 1,
            "stock": 0,
            "eps": -0.55
        },
        "2019": {
            "cash": 0,
            "stock": 0,
            "eps": -1.47
        },
        "2020": {
            "cash": 0,
            "stock": 0,
            "eps": -0.44
        },
        "2021": {
            "cash": 0,
            "stock": 0,
            "eps": 2.35
        },
        "2022": {
            "cash": 1,
            "stock": 0,
            "eps": 0.56
        },
        "2023": {
            "cash": 0,
            "stock": 0,
            "eps": -0.25
        }
    },
    "dividends": {
        "1997-05-30": {
            "cash": 0,
            "stock": 3
        },
        "1998-03-17": {
            "cash": 0,
            "stock": 2
        },
        "1999-05-06": {
            "cash": 0.5,
            "stock": 2
        },
        "2000-05-03": {
            "cash": 0,
            "stock": 1
        },
        "2001-04-12": {
            "cash": 0.1,
            "stock": 0.9
        },
        "2002-05-30": {
            "cash": 0.1,
            "stock": 0.4
        },
        "2004-02-25": {
            "cash": 0.39,
            "stock": 0
        },
        "2005-02-22": {
            "cash": 1.02,
            "stock": 0
        },
        "2007-02-28": {
            "cash": 0.49,
            "stock": 0
        },
        "2008-03-05": {
            "cash": 0.82,
            "stock": 0
        },
        "2009-03-06": {
            "cash": 0.2,
            "stock": 0.2
        },
        "2010-03-05": {
            "cash": 0.67,
            "stock": 0
        },
        "2011-01-01": {
            "cash": 0.66,
            "stock": 0
        },
        "2011-03-23": {
            "cash": 1.22,
            "stock": 0
        },
        "2013-03-21": {
            "cash": 0.71,
            "stock": 0
        },
        "2014-06-20": {
            "cash": 0.71,
            "stock": 0
        },
        "2015-09-18": {
            "cash": 0.53,
            "stock": 0
        },
        "2016-08-05": {
            "cash": 0.26,
            "stock": 0
        },
        "2017-07-28": {
            "cash": 0.5,
            "stock": 0
        },
        "2018-08-01": {
            "cash": 0.5,
            "stock": 0
        },
        "2019-08-07": {
            "cash": 0.2,
            "stock": 0
        },
        "2022-08-31": {
            "cash": 1.29,
            "stock": 0
        },
        "2023-02-23": {
            "cash": 0.3,
            "stock": 0
        }
    },
    "prices": {
        "200101": "15.01",
        "200102": "18.32",
        "200103": "17.98",
        "200104": "18.26",
        "200105": "14.77",
        "200106": "12.99",
        "200107": "10.00",
        "200108": "9.60",
        "200109": "8.38",
        "200110": "7.41",
        "200111": "8.87",
        "200112": "12.11",
        "200201": "15.02",
        "200202": "14.01",
        "200203": "15.43",
        "200204": "18.03",
        "200205": "14.34",
        "200206": "13.41",
        "200207": "11.36",
        "200208": "10.21",
        "200209": "8.40",
        "200210": "7.85",
        "200211": "8.15",
        "200212": "7.65",
        "200301": "8.22",
        "200302": "9.15",
        "200303": "8.81",
        "200304": "8.43",
        "200305": "9.15",
        "200306": "13.68",
        "200307": "15.74",
        "200308": "14.61",
        "200309": "15.65",
        "200310": "16.45",
        "200311": "16.17",
        "200312": "16.49",
        "200401": "19.61",
        "200402": "22.72",
        "200403": "21.77",
        "200404": "23.43",
        "200405": "17.84",
        "200406": "16.60",
        "200407": "16.14",
        "200408": "16.34",
        "200409": "15.95",
        "200410": "14.34",
        "200411": "13.98",
        "200412": "13.49",
        "200501": "11.85",
        "200502": "12.26",
        "200503": "13.02",
        "200504": "11.66",
        "200505": "11.54",
        "200506": "12.45",
        "200507": "13.26",
        "200508": "12.41",
        "200509": "9.97",
        "200510": "8.37",
        "200511": "8.76",
        "200512": "12.44",
        "200601": "12.24",
        "200602": "11.32",
        "200603": "10.90",
        "200604": "12.41",
        "200605": "11.31",
        "200606": "9.31",
        "200607": "9.23",
        "200608": "9.63",
        "200609": "9.21",
        "200610": "9.34",
        "200611": "9.83",
        "200612": "11.43",
        "200701": "12.16",
        "200702": "12.66",
        "200703": "14.00",
        "200704": "13.54",
        "200705": "12.72",
        "200706": "17.75",
        "200707": "17.77",
        "200708": "16.62",
        "200709": "16.05",
        "200710": "17.50",
        "200711": "15.45",
        "200712": "15.00",
        "200801": "13.07",
        "200802": "11.20",
        "200803": "12.05",
        "200804": "13.36",
        "200805": "13.16",
        "200806": "11.72",
        "200807": "9.91",
        "200808": "10.38",
        "200809": "9.09",
        "200810": "7.70",
        "200811": "6.47",
        "200812": "5.91",
        "200901": "5.92",
        "200902": "6.34",
        "200903": "7.53",
        "200904": "8.99",
        "200905": "9.86",
        "200906": "10.04",
        "200907": "11.04",
        "200908": "11.39",
        "200909": "11.57",
        "200910": "12.12",
        "200911": "12.49",
        "200912": "14.84",
        "201001": "15.74",
        "201002": "14.83",
        "201003": "16.35",
        "201004": "19.94",
        "201005": "17.25",
        "201006": "19.37",
        "201007": "19.92",
        "201008": "19.82",
        "201009": "22.07",
        "201010": "20.49",
        "201011": "20.56",
        "201012": "23.43",
        "201101": "25.68",
        "201102": "25.84",
        "201103": "23.17",
        "201104": "23.92",
        "201105": "22.70",
        "201106": "22.50",
        "201107": "20.34",
        "201108": "16.09",
        "201109": "15.86",
        "201110": "16.07",
        "201111": "15.02",
        "201112": "13.41",
        "201201": "13.58",
        "201202": "18.80",
        "201203": "19.87",
        "201204": "17.90",
        "201205": "16.82",
        "201206": "16.43",
        "201207": "15.28",
        "201208": "16.27",
        "201209": "17.33",
        "201210": "15.60",
        "201211": "14.12",
        "201212": "14.98",
        "201301": "15.20",
        "201302": "16.24",
        "201303": "16.52",
        "201304": "16.42",
        "201305": "17.02",
        "201306": "15.97",
        "201307": "15.90",
        "201308": "15.40",
        "201309": "15.62",
        "201310": "15.42",
        "201311": "15.03",
        "201312": "15.74",
        "201401": "17.29",
        "201402": "18.54",
        "201403": "20.87",
        "201404": "20.21",
        "201405": "17.91",
        "201406": "18.12",
        "201407": "18.32",
        "201408": "16.61",
        "201409": "15.94",
        "201410": "15.93",
        "201411": "14.16",
        "201412": "14.12",
        "201501": "15.19",
        "201502": "15.06",
        "201503": "15.15",
        "201504": "14.16",
        "201505": "12.90",
        "201506": "11.11",
        "201507": "11.07",
        "201508": "9.11",
        "201509": "8.94",
        "201510": "9.82",
        "201511": "9.71",
        "201512": "9.02",
        "201601": "8.26",
        "201602": "8.56",
        "201603": "9.38",
        "201604": "8.86",
        "201605": "8.36",
        "201606": "8.78",
        "201607": "9.13",
        "201608": "10.31",
        "201609": "11.78",
        "201610": "11.51",
        "201611": "11.30",
        "201612": "12.09",
        "201701": "11.80",
        "201702": "13.16",
        "201703": "13.96",
        "201704": "14.04",
        "201705": "14.68",
        "201706": "15.33",
        "201707": "14.78",
        "201708": "14.40",
        "201709": "15.77",
        "201710": "16.51",
        "201711": "15.84",
        "201712": "15.04",
        "201801": "15.37",
        "201802": "13.59",
        "201803": "13.68",
        "201804": "12.94",
        "201805": "12.07",
        "201806": "12.73",
        "201807": "11.37",
        "201808": "11.02",
        "201809": "10.27",
        "201810": "9.08",
        "201811": "8.81",
        "201812": "9.25",
        "201901": "9.10",
        "201902": "9.98",
        "201903": "9.99",
        "201904": "9.76",
        "201905": "8.83",
        "201906": "8.38",
        "201907": "8.70",
        "201908": "8.80",
        "201909": "9.32",
        "201910": "9.34",
        "201911": "8.94",
        "201912": "9.52",
        "202001": "10.61",
        "202002": "10.38",
        "202003": "9.11",
        "202004": "9.18",
        "202005": "9.61",
        "202006": "10.22",
        "202007": "11.30",
        "202008": "11.40",
        "202009": "11.32",
        "202010": "10.98",
        "202011": "11.46",
        "202012": "13.98",
        "202101": "14.56",
        "202102": "15.00",
        "202103": "15.82",
        "202104": "18.44",
        "202105": "16.65",
        "202106": "18.81",
        "202107": "25.08",
        "202108": "28.09",
        "202109": "28.80",
        "202110": "25.12",
        "202111": "26.12",
        "202112": "26.69",
        "202201": "25.48",
        "202202": "24.60",
        "202203": "23.80",
        "202204": "22.82",
        "202205": "20.93",
        "202206": "19.00",
        "202207": "16.20",
        "202208": "15.98",
        "202209": "14.53",
        "202210": "12.84",
        "202211": "13.85",
        "202212": "13.76",
        "202301": "13.25",
        "202302": "15.01",
        "202303": "15.11",
        "202304": "14.97",
        "202305": "14.00"
    },
    "quarters": {
        "20011": {
            "year_quarter": 20011,
            "year": 2001,
            "quarter": 1,
            "eps": 0.77,
            "eps_growth_year": 196.15,
            "eps_4q": 2.01,
            "eps_4q_growth_year": 453.64,
            "roe": 4.31,
            "gross_profit": 34247,
            "gross_margin": 5.13,
            "net_income": 176454,
            "revenue": 668105,
            "common_shares": 2300164,
            "equity": 4199726,
            "current_ratio": 167.93,
            "debt_ratio": 25.04,
            "inventory_turnover_ratio": 2.82,
            "account_receivable_turnover_ratio": null,
            "reinvestment_rate": null,
            "research_to_sale_ratio": null,
            "price_fair": 0,
            "eps_avg_yearly": 0,
            "eps_latest_yearly": 0,
            "eps_growth_yearly": 0
        },
        "20012": {
            "year_quarter": 20012,
            "year": 2001,
            "quarter": 2,
            "eps": 0.17,
            "eps_growth_year": -41.38,
            "eps_4q": 1.7,
            "eps_4q_growth_year": 79.7,
            "roe": 1.04,
            "gross_profit": -39648,
            "gross_margin": -8.64,
            "net_income": 43672,
            "revenue": 458789,
            "common_shares": 2536000,
            "equity": 4203527,
            "current_ratio": 219.14,
            "debt_ratio": 20.76,
            "inventory_turnover_ratio": 1.98,
            "account_receivable_turnover_ratio": null,
            "reinvestment_rate": null,
            "research_to_sale_ratio": null,
            "price_fair": 0,
            "eps_avg_yearly": 0,
            "eps_latest_yearly": 0,
            "eps_growth_yearly": 0
        },
        "20013": {
            "year_quarter": 20013,
            "year": 2001,
            "quarter": 3,
            "eps": -0.34,
            "eps_growth_year": -197.14,
            "eps_4q": 1.06,
            "eps_4q_growth_year": -8.56,
            "roe": -2.1,
            "gross_profit": -66305,
            "gross_margin": -15.07,
            "net_income": -87050,
            "revenue": 439993,
            "common_shares": 2536000,
            "equity": 4081363,
            "current_ratio": 240.03,
            "debt_ratio": 18.2,
            "inventory_turnover_ratio": 1.96,
            "account_receivable_turnover_ratio": null,
            "reinvestment_rate": null,
            "research_to_sale_ratio": null,
            "price_fair": 0,
            "eps_avg_yearly": 0,
            "eps_latest_yearly": 0,
            "eps_growth_yearly": 0
        },
        "20014": {
            "year_quarter": 20014,
            "year": 2001,
            "quarter": 4,
            "eps": -0.03,
            "eps_growth_year": -105.08,
            "eps_4q": 0.49,
            "eps_4q_growth_year": -66.52,
            "roe": -0.19,
            "gross_profit": 55087,
            "gross_margin": 7.1,
            "net_income": -7680,
            "revenue": 776396,
            "common_shares": 2536000,
            "equity": 4095480,
            "current_ratio": 208.56,
            "debt_ratio": 20.73,
            "inventory_turnover_ratio": 3.31,
            "account_receivable_turnover_ratio": null,
            "reinvestment_rate": null,
            "research_to_sale_ratio": null,
            "price_fair": 0,
            "eps_avg_yearly": 0,
            "eps_latest_yearly": 0,
            "eps_growth_yearly": 0
        },
        "20021": {
            "year_quarter": 20021,
            "year": 2002,
            "quarter": 1,
            "eps": -0.29,
            "eps_growth_year": -137.66,
            "eps_4q": -0.5,
            "eps_4q_growth_year": -124.67,
            "roe": -1.78,
            "gross_profit": -1741,
            "gross_margin": -0.28,
            "net_income": -71929,
            "revenue": 618692,
            "common_shares": 2536000,
            "equity": 3970601,
            "current_ratio": 199.21,
            "debt_ratio": 20.24,
            "inventory_turnover_ratio": 3.4,
            "account_receivable_turnover_ratio": null,
            "reinvestment_rate": null,
            "research_to_sale_ratio": null,
            "price_fair": 0,
            "eps_avg_yearly": 0,
            "eps_latest_yearly": 0,
            "eps_growth_yearly": 0
        },
        "20022": {
            "year_quarter": 20022,
            "year": 2002,
            "quarter": 2,
            "eps": -1.26,
            "eps_growth_year": -841.18,
            "eps_4q": -1.94,
            "eps_4q_growth_year": -213.7,
            "roe": -8.58,
            "gross_profit": 87213,
            "gross_margin": 10.72,
            "net_income": -324906,
            "revenue": 813604,
            "common_shares": 2536000,
            "equity": 3598781,
            "current_ratio": 153.45,
            "debt_ratio": 29.34,
            "inventory_turnover_ratio": 3.93,
            "account_receivable_turnover_ratio": null,
            "reinvestment_rate": null,
            "research_to_sale_ratio": null,
            "price_fair": 0,
            "eps_avg_yearly": 0,
            "eps_latest_yearly": 0,
            "eps_growth_yearly": 0
        },
        "20023": {
            "year_quarter": 20023,
            "year": 2002,
            "quarter": 3,
            "eps": 0.01,
            "eps_growth_year": null,
            "eps_4q": -1.52,
            "eps_4q_growth_year": -243.05,
            "roe": 0.1,
            "gross_profit": 30297,
            "gross_margin": 4.39,
            "net_income": 3528,
            "revenue": 690678,
            "common_shares": 2637440,
            "equity": 3573318,
            "current_ratio": 140.95,
            "debt_ratio": 26.74,
            "inventory_turnover_ratio": 3.9,
            "account_receivable_turnover_ratio": null,
            "reinvestment_rate": null,
            "research_to_sale_ratio": null,
            "price_fair": 0,
            "eps_avg_yearly": 0,
            "eps_latest_yearly": 0,
            "eps_growth_yearly": 0
        },
        "20024": {
            "year_quarter": 20024,
            "year": 2002,
            "quarter": 4,
            "eps": 0.1,
            "eps_growth_year": null,
            "eps_4q": -1.4,
            "eps_4q_growth_year": -386.62,
            "roe": 0.73,
            "gross_profit": 103719,
            "gross_margin": 12.73,
            "net_income": 26143,
            "revenue": 814934,
            "common_shares": 2637440,
            "equity": 3593075,
            "current_ratio": 144.96,
            "debt_ratio": 25.68,
            "inventory_turnover_ratio": 4.31,
            "account_receivable_turnover_ratio": null,
            "reinvestment_rate": 326.34,
            "research_to_sale_ratio": null,
            "price_fair": 14,
            "eps_avg_yearly": 0.4,
            "eps_latest_yearly": 0.4,
            "eps_growth_yearly": 3600
        },
        "20031": {
            "year_quarter": 20031,
            "year": 2003,
            "quarter": 1,
            "eps": 0.19,
            "eps_growth_year": null,
            "eps_4q": -0.97,
            "eps_4q_growth_year": null,
            "roe": 1.35,
            "gross_profit": 101726,
            "gross_margin": 12.04,
            "net_income": 48463,
            "revenue": 845056,
            "common_shares": 2637440,
            "equity": 3585887,
            "current_ratio": 162.73,
            "debt_ratio": 26.08,
            "inventory_turnover_ratio": 4.48,
            "account_receivable_turnover_ratio": null,
            "reinvestment_rate": 292.47,
            "research_to_sale_ratio": null,
            "price_fair": 20.3,
            "eps_avg_yearly": 0.58,
            "eps_latest_yearly": 0.76,
            "eps_growth_yearly": 1980
        },
        "20032": {
            "year_quarter": 20032,
            "year": 2003,
            "quarter": 2,
            "eps": 0.32,
            "eps_growth_year": null,
            "eps_4q": 0.63,
            "eps_4q_growth_year": null,
            "roe": 2.22,
            "gross_profit": 136003,
            "gross_margin": 15.12,
            "net_income": 80582,
            "revenue": 899205,
            "common_shares": 2637440,
            "equity": 3661198,
            "current_ratio": 189.68,
            "debt_ratio": 23.35,
            "inventory_turnover_ratio": 4.49,
            "account_receivable_turnover_ratio": null,
            "reinvestment_rate": 105.05,
            "research_to_sale_ratio": null,
            "price_fair": 28.47,
            "eps_avg_yearly": 0.81,
            "eps_latest_yearly": 1.28,
            "eps_growth_yearly": 1411.23
        },
        "20033": {
            "year_quarter": 20033,
            "year": 2003,
            "quarter": 3,
            "eps": 0.37,
            "eps_growth_year": 3600,
            "eps_4q": 0.98,
            "eps_4q_growth_year": null,
            "roe": 2.5,
            "gross_profit": 162891,
            "gross_margin": 16.43,
            "net_income": 93558,
            "revenue": 991133,
            "common_shares": 2667140,
            "equity": 3822622,
            "current_ratio": 202.37,
            "debt_ratio": 23.41,
            "inventory_turnover_ratio": 4.42,
            "account_receivable_turnover_ratio": null,
            "reinvestment_rate": -15.43,
            "research_to_sale_ratio": null,
            "price_fair": 34.3,
            "eps_avg_yearly": 0.98,
            "eps_latest_yearly": 1.48,
            "eps_growth_yearly": 1074.05
        },
        "20034": {
            "year_quarter": 20034,
            "year": 2003,
            "quarter": 4,
            "eps": 0.58,
            "eps_growth_year": 480,
            "eps_4q": 1.46,
            "eps_4q_growth_year": null,
            "roe": 3.76,
            "gross_profit": 232593,
            "gross_margin": 19.73,
            "net_income": 146665,
            "revenue": 1178940,
            "common_shares": 2667140,
            "equity": 3983798,
            "current_ratio": 281.6,
            "debt_ratio": 30.28,
            "inventory_turnover_ratio": 4.57,
            "account_receivable_turnover_ratio": null,
            "reinvestment_rate": -65.71,
            "research_to_sale_ratio": null,
            "price_fair": 43.68,
            "eps_avg_yearly": 1.25,
            "eps_latest_yearly": 2.32,
            "eps_growth_yearly": 904.64
        },
        "20041": {
            "year_quarter": 20041,
            "year": 2004,
            "quarter": 1,
            "eps": 0.69,
            "eps_growth_year": 263.16,
            "eps_4q": 1.93,
            "eps_4q_growth_year": null,
            "roe": 4.23,
            "gross_profit": 251592,
            "gross_margin": 21.5,
            "net_income": 178880,
            "revenue": 1170062,
            "common_shares": 2894913,
            "equity": 4483261,
            "current_ratio": 257,
            "debt_ratio": 25.87,
            "inventory_turnover_ratio": 3.9,
            "account_receivable_turnover_ratio": null,
            "reinvestment_rate": -69.64,
            "research_to_sale_ratio": null,
            "price_fair": 52.5,
            "eps_avg_yearly": 1.5,
            "eps_latest_yearly": 2.76,
            "eps_growth_yearly": 766.51
        },
        "20042": {
            "year_quarter": 20042,
            "year": 2004,
            "quarter": 2,
            "eps": 0.55,
            "eps_growth_year": 71.88,
            "eps_4q": 2.1,
            "eps_4q_growth_year": 233.78,
            "roe": 3.26,
            "gross_profit": 222731,
            "gross_margin": 18.26,
            "net_income": 148356,
            "revenue": 1219878,
            "common_shares": 2938548,
            "equity": 4622867,
            "current_ratio": 219.82,
            "debt_ratio": 27.03,
            "inventory_turnover_ratio": 3.67,
            "account_receivable_turnover_ratio": null,
            "reinvestment_rate": -66.51,
            "research_to_sale_ratio": null,
            "price_fair": 56,
            "eps_avg_yearly": 1.6,
            "eps_latest_yearly": 2.2,
            "eps_growth_yearly": 645.42
        },
        "20043": {
            "year_quarter": 20043,
            "year": 2004,
            "quarter": 3,
            "eps": 0.53,
            "eps_growth_year": 43.24,
            "eps_4q": 2.23,
            "eps_4q_growth_year": 126.65,
            "roe": 3.14,
            "gross_profit": 201242,
            "gross_margin": 16.12,
            "net_income": 147781,
            "revenue": 1248397,
            "common_shares": 2952277,
            "equity": 4794931,
            "current_ratio": 248.04,
            "debt_ratio": 22.01,
            "inventory_turnover_ratio": 3.63,
            "account_receivable_turnover_ratio": null,
            "reinvestment_rate": -67.21,
            "research_to_sale_ratio": null,
            "price_fair": 58.28,
            "eps_avg_yearly": 1.67,
            "eps_latest_yearly": 2.12,
            "eps_growth_yearly": 562.92
        },
        "20044": {
            "year_quarter": 20044,
            "year": 2004,
            "quarter": 4,
            "eps": -0.35,
            "eps_growth_year": -160.34,
            "eps_4q": 1.34,
            "eps_4q_growth_year": -8.24,
            "roe": -2.08,
            "gross_profit": 108392,
            "gross_margin": 9.76,
            "net_income": -98633,
            "revenue": 1110099,
            "common_shares": 2972639,
            "equity": 4668326,
            "current_ratio": 248.88,
            "debt_ratio": 24.29,
            "inventory_turnover_ratio": 3.51,
            "account_receivable_turnover_ratio": null,
            "reinvestment_rate": -120.34,
            "research_to_sale_ratio": null,
            "price_fair": 58.28,
            "eps_avg_yearly": 1.67,
            "eps_latest_yearly": 2.12,
            "eps_growth_yearly": 562.92
        },
        "20051": {
            "year_quarter": 20051,
            "year": 2005,
            "quarter": 1,
            "eps": -0.07,
            "eps_growth_year": -110.14,
            "eps_4q": 0.57,
            "eps_4q_growth_year": -70.68,
            "roe": -0.47,
            "gross_profit": 19687,
            "gross_margin": 2.13,
            "net_income": -21770,
            "revenue": 922825,
            "common_shares": 2982668,
            "equity": 4642796,
            "current_ratio": 216.82,
            "debt_ratio": 24.57,
            "inventory_turnover_ratio": 3.25,
            "account_receivable_turnover_ratio": null,
            "reinvestment_rate": -240.3,
            "research_to_sale_ratio": null,
            "price_fair": 58.28,
            "eps_avg_yearly": 1.67,
            "eps_latest_yearly": 2.12,
            "eps_growth_yearly": 562.92
        },
        "20052": {
            "year_quarter": 20052,
            "year": 2005,
            "quarter": 2,
            "eps": -0.32,
            "eps_growth_year": -158.18,
            "eps_4q": -0.22,
            "eps_4q_growth_year": -110.51,
            "roe": -2.13,
            "gross_profit": -3998,
            "gross_margin": -0.42,
            "net_income": -93795,
            "revenue": 955973,
            "common_shares": 3003268,
            "equity": 4150166,
            "current_ratio": 180.98,
            "debt_ratio": 29.31,
            "inventory_turnover_ratio": 3.76,
            "account_receivable_turnover_ratio": null,
            "reinvestment_rate": -448.41,
            "research_to_sale_ratio": null,
            "price_fair": 58.28,
            "eps_avg_yearly": 1.67,
            "eps_latest_yearly": 2.12,
            "eps_growth_yearly": 562.92
        },
        "20053": {
            "year_quarter": 20053,
            "year": 2005,
            "quarter": 3,
            "eps": 0.04,
            "eps_growth_year": -92.45,
            "eps_4q": -0.73,
            "eps_4q_growth_year": -132.74,
            "roe": 0.27,
            "gross_profit": 88466,
            "gross_margin": 8.03,
            "net_income": 11129,
            "revenue": 1101102,
            "common_shares": 3005968,
            "equity": 4210661,
            "current_ratio": 187.01,
            "debt_ratio": 26.24,
            "inventory_turnover_ratio": 3.87,
            "account_receivable_turnover_ratio": null,
            "reinvestment_rate": -271.46,
            "research_to_sale_ratio": null,
            "price_fair": 58.28,
            "eps_avg_yearly": 1.67,
            "eps_latest_yearly": 2.12,
            "eps_growth_yearly": 562.92
        },
        "20054": {
            "year_quarter": 20054,
            "year": 2005,
            "quarter": 4,
            "eps": 0.13,
            "eps_growth_year": null,
            "eps_4q": -0.23,
            "eps_4q_growth_year": -116.86,
            "roe": 0.89,
            "gross_profit": 182246,
            "gross_margin": 14.38,
            "net_income": 38139,
            "revenue": 1267800,
            "common_shares": 3007568,
            "equity": 4373724,
            "current_ratio": 170.14,
            "debt_ratio": 31.84,
            "inventory_turnover_ratio": 3.74,
            "account_receivable_turnover_ratio": null,
            "reinvestment_rate": 125.59,
            "research_to_sale_ratio": null,
            "price_fair": 53.82,
            "eps_avg_yearly": 1.54,
            "eps_latest_yearly": 0.52,
            "eps_growth_yearly": 600.37
        },
        "20061": {
            "year_quarter": 20061,
            "year": 2006,
            "quarter": 1,
            "eps": 0.08,
            "eps_growth_year": null,
            "eps_4q": -0.08,
            "eps_4q_growth_year": -114.73,
            "roe": 0.51,
            "gross_profit": 131722,
            "gross_margin": 11.14,
            "net_income": 21826,
            "revenue": 1182004,
            "common_shares": 3008368,
            "equity": 4261764,
            "current_ratio": 186.62,
            "debt_ratio": 28.51,
            "inventory_turnover_ratio": 3.46,
            "account_receivable_turnover_ratio": null,
            "reinvestment_rate": -98.39,
            "research_to_sale_ratio": null,
            "price_fair": 49.56,
            "eps_avg_yearly": 1.42,
            "eps_latest_yearly": 0.32,
            "eps_growth_yearly": 524.95
        },
        "20062": {
            "year_quarter": 20062,
            "year": 2006,
            "quarter": 2,
            "eps": 0.08,
            "eps_growth_year": null,
            "eps_4q": 0.34,
            "eps_4q_growth_year": null,
            "roe": 0.52,
            "gross_profit": 142479,
            "gross_margin": 12.1,
            "net_income": 22139,
            "revenue": 1177817,
            "common_shares": 3008368,
            "equity": 4286203,
            "current_ratio": 190.9,
            "debt_ratio": 28.85,
            "inventory_turnover_ratio": 3.44,
            "account_receivable_turnover_ratio": null,
            "reinvestment_rate": -12.52,
            "research_to_sale_ratio": null,
            "price_fair": 46.07,
            "eps_avg_yearly": 1.32,
            "eps_latest_yearly": 0.32,
            "eps_growth_yearly": 477.23
        },
        "20063": {
            "year_quarter": 20063,
            "year": 2006,
            "quarter": 3,
            "eps": 0.25,
            "eps_growth_year": 525,
            "eps_4q": 0.54,
            "eps_4q_growth_year": null,
            "roe": 1.64,
            "gross_profit": 194700,
            "gross_margin": 14.84,
            "net_income": 70913,
            "revenue": 1312198,
            "common_shares": 3008368,
            "equity": 4375184,
            "current_ratio": 177.06,
            "debt_ratio": 32.39,
            "inventory_turnover_ratio": 3.8,
            "account_receivable_turnover_ratio": null,
            "reinvestment_rate": -2.59,
            "research_to_sale_ratio": null,
            "price_fair": 45.15,
            "eps_avg_yearly": 1.29,
            "eps_latest_yearly": 1,
            "eps_growth_yearly": 508.29
        },
        "20064": {
            "year_quarter": 20064,
            "year": 2006,
            "quarter": 4,
            "eps": 0.21,
            "eps_growth_year": 61.54,
            "eps_4q": 0.62,
            "eps_4q_growth_year": null,
            "roe": 1.32,
            "gross_profit": 215219,
            "gross_margin": 16.87,
            "net_income": 59334,
            "revenue": 1275972,
            "common_shares": 3009368,
            "equity": 4587557,
            "current_ratio": 160.63,
            "debt_ratio": 35.4,
            "inventory_turnover_ratio": 3.26,
            "account_receivable_turnover_ratio": null,
            "reinvestment_rate": 133.3,
            "research_to_sale_ratio": null,
            "price_fair": 46.43,
            "eps_avg_yearly": 1.33,
            "eps_latest_yearly": 0.84,
            "eps_growth_yearly": 202.96
        },
        "20071": {
            "year_quarter": 20071,
            "year": 2007,
            "quarter": 1,
            "eps": 0.07,
            "eps_growth_year": -12.5,
            "eps_4q": 0.59,
            "eps_4q_growth_year": null,
            "roe": 0.45,
            "gross_profit": 121056,
            "gross_margin": 10.88,
            "net_income": 20441,
            "revenue": 1112635,
            "common_shares": 3009794,
            "equity": 4473691,
            "current_ratio": 158.38,
            "debt_ratio": 28.89,
            "inventory_turnover_ratio": 3.07,
            "account_receivable_turnover_ratio": null,
            "reinvestment_rate": 19.76,
            "research_to_sale_ratio": null,
            "price_fair": 45.03,
            "eps_avg_yearly": 1.29,
            "eps_latest_yearly": 0.28,
            "eps_growth_yearly": 150.74
        },
        "20072": {
            "year_quarter": 20072,
            "year": 2007,
            "quarter": 2,
            "eps": 0.18,
            "eps_growth_year": 125,
            "eps_4q": 0.71,
            "eps_4q_growth_year": 109.36,
            "roe": 1.16,
            "gross_profit": 180748,
            "gross_margin": 14.67,
            "net_income": 51633,
            "revenue": 1232397,
            "common_shares": 3026900,
            "equity": 4422217,
            "current_ratio": 143.21,
            "debt_ratio": 30.34,
            "inventory_turnover_ratio": 3.62,
            "account_receivable_turnover_ratio": null,
            "reinvestment_rate": 38.11,
            "research_to_sale_ratio": null,
            "price_fair": 43.4,
            "eps_avg_yearly": 1.24,
            "eps_latest_yearly": 0.72,
            "eps_growth_yearly": 180.31
        },
        "20073": {
            "year_quarter": 20073,
            "year": 2007,
            "quarter": 3,
            "eps": 0.46,
            "eps_growth_year": 84,
            "eps_4q": 0.92,
            "eps_4q_growth_year": 70.35,
            "roe": 2.92,
            "gross_profit": 251144,
            "gross_margin": 17.59,
            "net_income": 131708,
            "revenue": 1427755,
            "common_shares": 3075581,
            "equity": 4597542,
            "current_ratio": 178.98,
            "debt_ratio": 31.82,
            "inventory_turnover_ratio": 4.1,
            "account_receivable_turnover_ratio": null,
            "reinvestment_rate": 68.27,
            "research_to_sale_ratio": null,
            "price_fair": 44.45,
            "eps_avg_yearly": 1.27,
            "eps_latest_yearly": 1.84,
            "eps_growth_yearly": 226.96
        },
        "20074": {
            "year_quarter": 20074,
            "year": 2007,
            "quarter": 4,
            "eps": 0.3,
            "eps_growth_year": 42.86,
            "eps_4q": 0.97,
            "eps_4q_growth_year": 57.62,
            "roe": 1.8,
            "gross_profit": 205713,
            "gross_margin": 14.59,
            "net_income": 90996,
            "revenue": 1410153,
            "common_shares": 3393857,
            "equity": 5515011,
            "current_ratio": 203.47,
            "debt_ratio": 32.53,
            "inventory_turnover_ratio": 4.25,
            "account_receivable_turnover_ratio": null,
            "reinvestment_rate": 257.01,
            "research_to_sale_ratio": null,
            "price_fair": 41.18,
            "eps_avg_yearly": 1.18,
            "eps_latest_yearly": 1.2,
            "eps_growth_yearly": 196.44
        },
        "20081": {
            "year_quarter": 20081,
            "year": 2008,
            "quarter": 1,
            "eps": 0.12,
            "eps_growth_year": 71.43,
            "eps_4q": 1.11,
            "eps_4q_growth_year": 88.37,
            "roe": 0.61,
            "gross_profit": 184525,
            "gross_margin": 13.69,
            "net_income": 33840,
            "revenue": 1347785,
            "common_shares": 3393857,
            "equity": 5532690,
            "current_ratio": 196.23,
            "debt_ratio": 31.43,
            "inventory_turnover_ratio": 3.76,
            "account_receivable_turnover_ratio": null,
            "reinvestment_rate": 309.04,
            "research_to_sale_ratio": null,
            "price_fair": 34.53,
            "eps_avg_yearly": 0.99,
            "eps_latest_yearly": 0.48,
            "eps_growth_yearly": 170.12
        },
        "20082": {
            "year_quarter": 20082,
            "year": 2008,
            "quarter": 2,
            "eps": 0.24,
            "eps_growth_year": 33.33,
            "eps_4q": 1.02,
            "eps_4q_growth_year": 44.38,
            "roe": 1.49,
            "gross_profit": 218130,
            "gross_margin": 14.74,
            "net_income": 80571,
            "revenue": 1479532,
            "common_shares": 3396410,
            "equity": 5309133,
            "current_ratio": 166.13,
            "debt_ratio": 33.75,
            "inventory_turnover_ratio": 3.73,
            "account_receivable_turnover_ratio": null,
            "reinvestment_rate": 325.27,
            "research_to_sale_ratio": null,
            "price_fair": 30.92,
            "eps_avg_yearly": 0.88,
            "eps_latest_yearly": 0.96,
            "eps_growth_yearly": 210.22
        },
        "20083": {
            "year_quarter": 20083,
            "year": 2008,
            "quarter": 3,
            "eps": 0.48,
            "eps_growth_year": 4.35,
            "eps_4q": 1.08,
            "eps_4q_growth_year": 18.07,
            "roe": 3.02,
            "gross_profit": 313290,
            "gross_margin": 18.98,
            "net_income": 163540,
            "revenue": 1650414,
            "common_shares": 3396410,
            "equity": 5538808,
            "current_ratio": 183.41,
            "debt_ratio": 31.11,
            "inventory_turnover_ratio": 4.15,
            "account_receivable_turnover_ratio": null,
            "reinvestment_rate": 287.73,
            "research_to_sale_ratio": null,
            "price_fair": 30.33,
            "eps_avg_yearly": 0.87,
            "eps_latest_yearly": 1.92,
            "eps_growth_yearly": 244.76
        },
        "20084": {
            "year_quarter": 20084,
            "year": 2008,
            "quarter": 4,
            "eps": -0.12,
            "eps_growth_year": -140,
            "eps_4q": 0.76,
            "eps_4q_growth_year": -22.12,
            "roe": -1.01,
            "gross_profit": 77873,
            "gross_margin": 7.1,
            "net_income": -55394,
            "revenue": 1097558,
            "common_shares": 3396410,
            "equity": 5408728,
            "current_ratio": 198.73,
            "debt_ratio": 31.23,
            "inventory_turnover_ratio": 3.46,
            "account_receivable_turnover_ratio": 2.49,
            "reinvestment_rate": 263.7,
            "research_to_sale_ratio": null,
            "price_fair": 30.33,
            "eps_avg_yearly": 0.87,
            "eps_latest_yearly": 1.92,
            "eps_growth_yearly": 244.76
        },
        "20091": {
            "year_quarter": 20091,
            "year": 2009,
            "quarter": 1,
            "eps": -0.22,
            "eps_growth_year": -283.33,
            "eps_4q": 0.36,
            "eps_4q_growth_year": -67.64,
            "roe": -1.69,
            "gross_profit": 2226,
            "gross_margin": 0.23,
            "net_income": -90761,
            "revenue": 956108,
            "common_shares": 3396410,
            "equity": 5354914,
            "current_ratio": 202.51,
            "debt_ratio": 30.24,
            "inventory_turnover_ratio": 3.62,
            "account_receivable_turnover_ratio": 1.06,
            "reinvestment_rate": 288.76,
            "research_to_sale_ratio": null,
            "price_fair": 30.33,
            "eps_avg_yearly": 0.87,
            "eps_latest_yearly": 1.92,
            "eps_growth_yearly": 244.76
        },
        "20092": {
            "year_quarter": 20092,
            "year": 2009,
            "quarter": 2,
            "eps": 0.14,
            "eps_growth_year": -41.67,
            "eps_4q": 0.3,
            "eps_4q_growth_year": -70.73,
            "roe": 0.78,
            "gross_profit": 180197,
            "gross_margin": 14.35,
            "net_income": 41785,
            "revenue": 1255837,
            "common_shares": 3396410,
            "equity": 5299445,
            "current_ratio": 204.1,
            "debt_ratio": 30.16,
            "inventory_turnover_ratio": 4.48,
            "account_receivable_turnover_ratio": 1.28,
            "reinvestment_rate": 220.09,
            "research_to_sale_ratio": null,
            "price_fair": 30.33,
            "eps_avg_yearly": 0.87,
            "eps_latest_yearly": 1.92,
            "eps_growth_yearly": 244.76
        },
        "20093": {
            "year_quarter": 20093,
            "year": 2009,
            "quarter": 3,
            "eps": 0.44,
            "eps_growth_year": -8.33,
            "eps_4q": 0.24,
            "eps_4q_growth_year": -78.08,
            "roe": 2.73,
            "gross_profit": 283867,
            "gross_margin": 19.1,
            "net_income": 147294,
            "revenue": 1486105,
            "common_shares": 3464338,
            "equity": 5495586,
            "current_ratio": 212.37,
            "debt_ratio": 30.32,
            "inventory_turnover_ratio": 4.86,
            "account_receivable_turnover_ratio": 1.3,
            "reinvestment_rate": 174.63,
            "research_to_sale_ratio": null,
            "price_fair": 32.74,
            "eps_avg_yearly": 0.94,
            "eps_latest_yearly": 1.76,
            "eps_growth_yearly": 291.87
        },
        "20094": {
            "year_quarter": 20094,
            "year": 2009,
            "quarter": 4,
            "eps": 0.43,
            "eps_growth_year": null,
            "eps_4q": 0.78,
            "eps_4q_growth_year": 3.67,
            "roe": 2.59,
            "gross_profit": 314692,
            "gross_margin": 20.28,
            "net_income": 145193,
            "revenue": 1551530,
            "common_shares": 3464338,
            "equity": 5706770,
            "current_ratio": 192.52,
            "debt_ratio": 29.32,
            "inventory_turnover_ratio": 4.41,
            "account_receivable_turnover_ratio": 2.53,
            "reinvestment_rate": 178.31,
            "research_to_sale_ratio": null,
            "price_fair": 35.97,
            "eps_avg_yearly": 1.03,
            "eps_latest_yearly": 1.72,
            "eps_growth_yearly": 221.94
        },
        "20101": {
            "year_quarter": 20101,
            "year": 2010,
            "quarter": 1,
            "eps": 0.4,
            "eps_growth_year": null,
            "eps_4q": 1.34,
            "eps_4q_growth_year": 272.42,
            "roe": 2.39,
            "gross_profit": 293475,
            "gross_margin": 18.86,
            "net_income": 140634,
            "revenue": 1555834,
            "common_shares": 3610973,
            "equity": 6043182,
            "current_ratio": 224.34,
            "debt_ratio": 26.47,
            "inventory_turnover_ratio": 4.22,
            "account_receivable_turnover_ratio": 1.23,
            "reinvestment_rate": 133.26,
            "research_to_sale_ratio": 1.82,
            "price_fair": 39.42,
            "eps_avg_yearly": 1.13,
            "eps_latest_yearly": 1.6,
            "eps_growth_yearly": 231.63
        },
        "20102": {
            "year_quarter": 20102,
            "year": 2010,
            "quarter": 2,
            "eps": 0.79,
            "eps_growth_year": 464.92,
            "eps_4q": 2,
            "eps_4q_growth_year": 570.58,
            "roe": 4.8,
            "gross_profit": 472544,
            "gross_margin": 24.69,
            "net_income": 291762,
            "revenue": 1913661,
            "common_shares": 3680065,
            "equity": 6108937,
            "current_ratio": 185.9,
            "debt_ratio": 31.59,
            "inventory_turnover_ratio": 4.51,
            "account_receivable_turnover_ratio": 1.29,
            "reinvestment_rate": 190.37,
            "research_to_sale_ratio": 1.44,
            "price_fair": 47.06,
            "eps_avg_yearly": 1.34,
            "eps_latest_yearly": 3.16,
            "eps_growth_yearly": 261.63
        },
        "20103": {
            "year_quarter": 20103,
            "year": 2010,
            "quarter": 3,
            "eps": 0.57,
            "eps_growth_year": 28.76,
            "eps_4q": 2.13,
            "eps_4q_growth_year": 794.76,
            "roe": 3.34,
            "gross_profit": 377878,
            "gross_margin": 20.3,
            "net_income": 208486,
            "revenue": 1861620,
            "common_shares": 3741304,
            "equity": 6369632,
            "current_ratio": 214.5,
            "debt_ratio": 26.03,
            "inventory_turnover_ratio": 4.23,
            "account_receivable_turnover_ratio": 1.19,
            "reinvestment_rate": 112.48,
            "research_to_sale_ratio": 0.17,
            "price_fair": 50.51,
            "eps_avg_yearly": 1.44,
            "eps_latest_yearly": 2.28,
            "eps_growth_yearly": 187.67
        },
        "20104": {
            "year_quarter": 20104,
            "year": 2010,
            "quarter": 4,
            "eps": 0.4,
            "eps_growth_year": -7.35,
            "eps_4q": 2.12,
            "eps_4q_growth_year": 170.76,
            "roe": 2.28,
            "gross_profit": 274391,
            "gross_margin": 17.43,
            "net_income": 146528,
            "revenue": 1574599,
            "common_shares": 3768107,
            "equity": 6470384,
            "current_ratio": 232.53,
            "debt_ratio": 23.18,
            "inventory_turnover_ratio": 3.56,
            "account_receivable_turnover_ratio": 1.17,
            "reinvestment_rate": 126.65,
            "research_to_sale_ratio": 2.95,
            "price_fair": 52.55,
            "eps_avg_yearly": 1.5,
            "eps_latest_yearly": 1.6,
            "eps_growth_yearly": 183.42
        },
        "20111": {
            "year_quarter": 20111,
            "year": 2011,
            "quarter": 1,
            "eps": 0.42,
            "eps_growth_year": 5,
            "eps_4q": 2.16,
            "eps_4q_growth_year": 60.78,
            "roe": 2.37,
            "gross_profit": 297374,
            "gross_margin": 17.7,
            "net_income": 154939,
            "revenue": 1680001,
            "common_shares": 3769607,
            "equity": 6627316,
            "current_ratio": 255.43,
            "debt_ratio": 21.82,
            "inventory_turnover_ratio": 3.58,
            "account_receivable_turnover_ratio": 1.27,
            "reinvestment_rate": 91.78,
            "research_to_sale_ratio": 1.55,
            "price_fair": 56.32,
            "eps_avg_yearly": 1.61,
            "eps_latest_yearly": 1.68,
            "eps_growth_yearly": 205.47
        },
        "20112": {
            "year_quarter": 20112,
            "year": 2011,
            "quarter": 2,
            "eps": 0.34,
            "eps_growth_year": -57.49,
            "eps_4q": 1.72,
            "eps_4q_growth_year": -13.96,
            "roe": 1.95,
            "gross_profit": 298854,
            "gross_margin": 17.04,
            "net_income": 125680,
            "revenue": 1754247,
            "common_shares": 3769607,
            "equity": 6274990,
            "current_ratio": 189.2,
            "debt_ratio": 28.76,
            "inventory_turnover_ratio": 3.51,
            "account_receivable_turnover_ratio": 1.19,
            "reinvestment_rate": 160.88,
            "research_to_sale_ratio": 1.55,
            "price_fair": 58.05,
            "eps_avg_yearly": 1.66,
            "eps_latest_yearly": 1.36,
            "eps_growth_yearly": 151.26
        },
        "20113": {
            "year_quarter": 20113,
            "year": 2011,
            "quarter": 3,
            "eps": 0.23,
            "eps_growth_year": -59.98,
            "eps_4q": 1.38,
            "eps_4q_growth_year": -35.35,
            "roe": 1.32,
            "gross_profit": 183864,
            "gross_margin": 11.66,
            "net_income": 83369,
            "revenue": 1577551,
            "common_shares": 3769607,
            "equity": 6379687,
            "current_ratio": 251.26,
            "debt_ratio": 19.93,
            "inventory_turnover_ratio": 3.3,
            "account_receivable_turnover_ratio": 1.08,
            "reinvestment_rate": 173.8,
            "research_to_sale_ratio": 1.91,
            "price_fair": 55.57,
            "eps_avg_yearly": 1.59,
            "eps_latest_yearly": 0.92,
            "eps_growth_yearly": 93.44
        },
        "20114": {
            "year_quarter": 20114,
            "year": 2011,
            "quarter": 4,
            "eps": 0.1,
            "eps_growth_year": -74.57,
            "eps_4q": 1.08,
            "eps_4q_growth_year": -49.16,
            "roe": 0.67,
            "gross_profit": 146227,
            "gross_margin": 10.61,
            "net_income": 42831,
            "revenue": 1378759,
            "common_shares": 3787657,
            "equity": 6406934,
            "current_ratio": 241.53,
            "debt_ratio": 19.46,
            "inventory_turnover_ratio": 2.9,
            "account_receivable_turnover_ratio": 1.03,
            "reinvestment_rate": 102.92,
            "research_to_sale_ratio": 2.16,
            "price_fair": 53.42,
            "eps_avg_yearly": 1.53,
            "eps_latest_yearly": 0.4,
            "eps_growth_yearly": 86.75
        },
        "20121": {
            "year_quarter": 20121,
            "year": 2012,
            "quarter": 1,
            "eps": 0.05,
            "eps_growth_year": -88.1,
            "eps_4q": 0.71,
            "eps_4q_growth_year": -66.98,
            "roe": 0.32,
            "gross_profit": 139262,
            "gross_margin": 9.89,
            "net_income": 20455,
            "revenue": 1407731,
            "common_shares": 3800232,
            "equity": 6495822,
            "current_ratio": 262.82,
            "debt_ratio": 18.67,
            "inventory_turnover_ratio": 2.96,
            "account_receivable_turnover_ratio": 1.1,
            "reinvestment_rate": 95.77,
            "research_to_sale_ratio": 2.12,
            "price_fair": 52.66,
            "eps_avg_yearly": 1.5,
            "eps_latest_yearly": 0.2,
            "eps_growth_yearly": 89.83
        },
        "20122": {
            "year_quarter": 20122,
            "year": 2012,
            "quarter": 2,
            "eps": 0.49,
            "eps_growth_year": 45.51,
            "eps_4q": 0.87,
            "eps_4q_growth_year": -49.46,
            "roe": 2.88,
            "gross_profit": 337990,
            "gross_margin": 18.85,
            "net_income": 185995,
            "revenue": 1793270,
            "common_shares": 3800489,
            "equity": 6423020,
            "current_ratio": 216.02,
            "debt_ratio": 23.72,
            "inventory_turnover_ratio": 3.26,
            "account_receivable_turnover_ratio": 1.21,
            "reinvestment_rate": 77.08,
            "research_to_sale_ratio": 1.7,
            "price_fair": 55.35,
            "eps_avg_yearly": 1.58,
            "eps_latest_yearly": 1.96,
            "eps_growth_yearly": 329.83
        },
        "20123": {
            "year_quarter": 20123,
            "year": 2012,
            "quarter": 3,
            "eps": 0.29,
            "eps_growth_year": 28.16,
            "eps_4q": 0.93,
            "eps_4q_growth_year": -32.11,
            "roe": 1.7,
            "gross_profit": 231417,
            "gross_margin": 13.89,
            "net_income": 110256,
            "revenue": 1665489,
            "common_shares": 3800489,
            "equity": 6520007,
            "current_ratio": 240.63,
            "debt_ratio": 21.29,
            "inventory_turnover_ratio": 3.23,
            "account_receivable_turnover_ratio": 1.04,
            "reinvestment_rate": 78.43,
            "research_to_sale_ratio": 1.85,
            "price_fair": 53.31,
            "eps_avg_yearly": 1.52,
            "eps_latest_yearly": 1.16,
            "eps_growth_yearly": 286.5
        },
        "20124": {
            "year_quarter": 20124,
            "year": 2012,
            "quarter": 4,
            "eps": 0.16,
            "eps_growth_year": 62.64,
            "eps_4q": 1,
            "eps_4q_growth_year": -7.63,
            "roe": 0.93,
            "gross_profit": 206973,
            "gross_margin": 13.93,
            "net_income": 61045,
            "revenue": 1486068,
            "common_shares": 3801023,
            "equity": 6587303,
            "current_ratio": 240.94,
            "debt_ratio": 21.26,
            "inventory_turnover_ratio": 3.17,
            "account_receivable_turnover_ratio": 1.03,
            "reinvestment_rate": 75.32,
            "research_to_sale_ratio": 2.78,
            "price_fair": 51.1,
            "eps_avg_yearly": 1.46,
            "eps_latest_yearly": 0.64,
            "eps_growth_yearly": 253.23
        },
        "20131": {
            "year_quarter": 20131,
            "year": 2013,
            "quarter": 1,
            "eps": 0.16,
            "eps_growth_year": 220,
            "eps_4q": 1.11,
            "eps_4q_growth_year": 55.18,
            "roe": 0.92,
            "gross_profit": 186438,
            "gross_margin": 13.03,
            "net_income": 60351,
            "revenue": 1431353,
            "common_shares": 3801023,
            "equity": 6486683,
            "current_ratio": 236.88,
            "debt_ratio": 23.51,
            "inventory_turnover_ratio": 3.16,
            "account_receivable_turnover_ratio": 1.07,
            "reinvestment_rate": 14.27,
            "research_to_sale_ratio": 2.62,
            "price_fair": 49.19,
            "eps_avg_yearly": 1.41,
            "eps_latest_yearly": 0.64,
            "eps_growth_yearly": 236.35
        },
        "20132": {
            "year_quarter": 20132,
            "year": 2013,
            "quarter": 2,
            "eps": 0.38,
            "eps_growth_year": -22.33,
            "eps_4q": 1,
            "eps_4q_growth_year": 14.68,
            "roe": 2.17,
            "gross_profit": 272329,
            "gross_margin": 16.98,
            "net_income": 139164,
            "revenue": 1603383,
            "common_shares": 3801023,
            "equity": 6353817,
            "current_ratio": 215.65,
            "debt_ratio": 24.71,
            "inventory_turnover_ratio": 3.38,
            "account_receivable_turnover_ratio": 1.17,
            "reinvestment_rate": 23.71,
            "research_to_sale_ratio": 2.57,
            "price_fair": 49.44,
            "eps_avg_yearly": 1.41,
            "eps_latest_yearly": 1.52,
            "eps_growth_yearly": 255.95
        },
        "20133": {
            "year_quarter": 20133,
            "year": 2013,
            "quarter": 3,
            "eps": 0.2,
            "eps_growth_year": -31.17,
            "eps_4q": 0.91,
            "eps_4q_growth_year": -2.74,
            "roe": 1.15,
            "gross_profit": 201089,
            "gross_margin": 13.49,
            "net_income": 73514,
            "revenue": 1491163,
            "common_shares": 3801023,
            "equity": 6421398,
            "current_ratio": 209.48,
            "debt_ratio": 26.21,
            "inventory_turnover_ratio": 3.34,
            "account_receivable_turnover_ratio": 1.08,
            "reinvestment_rate": 47.14,
            "research_to_sale_ratio": 2.53,
            "price_fair": 47.34,
            "eps_avg_yearly": 1.35,
            "eps_latest_yearly": 0.8,
            "eps_growth_yearly": 190.54
        },
        "20134": {
            "year_quarter": 20134,
            "year": 2013,
            "quarter": 4,
            "eps": 0.22,
            "eps_growth_year": 34.54,
            "eps_4q": 0.97,
            "eps_4q_growth_year": -3.26,
            "roe": 1.21,
            "gross_profit": 237177,
            "gross_margin": 15.59,
            "net_income": 78286,
            "revenue": 1521762,
            "common_shares": 3801023,
            "equity": 6535117,
            "current_ratio": 190.97,
            "debt_ratio": 24.88,
            "inventory_turnover_ratio": 3.44,
            "account_receivable_turnover_ratio": 1.15,
            "reinvestment_rate": 10.36,
            "research_to_sale_ratio": 2.76,
            "price_fair": 45.5,
            "eps_avg_yearly": 1.3,
            "eps_latest_yearly": 0.88,
            "eps_growth_yearly": 193.6
        },
        "20141": {
            "year_quarter": 20141,
            "year": 2014,
            "quarter": 1,
            "eps": 0.1,
            "eps_growth_year": -37.5,
            "eps_4q": 0.9,
            "eps_4q_growth_year": -18.35,
            "roe": 0.51,
            "gross_profit": 177961,
            "gross_margin": 12.76,
            "net_income": 33449,
            "revenue": 1394727,
            "common_shares": 3801023,
            "equity": 6599532,
            "current_ratio": 216.3,
            "debt_ratio": 30.95,
            "inventory_turnover_ratio": 3.2,
            "account_receivable_turnover_ratio": 1.09,
            "reinvestment_rate": 76.56,
            "research_to_sale_ratio": 2.79,
            "price_fair": 42.88,
            "eps_avg_yearly": 1.23,
            "eps_latest_yearly": 0.4,
            "eps_growth_yearly": 181.71
        },
        "20142": {
            "year_quarter": 20142,
            "year": 2014,
            "quarter": 2,
            "eps": 0.17,
            "eps_growth_year": -55.26,
            "eps_4q": 0.7,
            "eps_4q_growth_year": -30.26,
            "roe": 0.99,
            "gross_profit": 219426,
            "gross_margin": 14.19,
            "net_income": 64482,
            "revenue": 1546391,
            "common_shares": 3801023,
            "equity": 6391489,
            "current_ratio": 186.15,
            "debt_ratio": 32.46,
            "inventory_turnover_ratio": 3.33,
            "account_receivable_turnover_ratio": 1.18,
            "reinvestment_rate": 29.14,
            "research_to_sale_ratio": 2.58,
            "price_fair": 37.45,
            "eps_avg_yearly": 1.07,
            "eps_latest_yearly": 0.68,
            "eps_growth_yearly": 174.84
        },
        "20143": {
            "year_quarter": 20143,
            "year": 2014,
            "quarter": 3,
            "eps": 0.19,
            "eps_growth_year": -5,
            "eps_4q": 0.68,
            "eps_4q_growth_year": -24.77,
            "roe": 1.15,
            "gross_profit": 195869,
            "gross_margin": 12.77,
            "net_income": 73942,
            "revenue": 1533855,
            "common_shares": 3801023,
            "equity": 6506375,
            "current_ratio": 193.98,
            "debt_ratio": 30.76,
            "inventory_turnover_ratio": 3.4,
            "account_receivable_turnover_ratio": 1.12,
            "reinvestment_rate": 103.6,
            "research_to_sale_ratio": 2.49,
            "price_fair": 34.13,
            "eps_avg_yearly": 0.98,
            "eps_latest_yearly": 0.76,
            "eps_growth_yearly": 184.74
        },
        "20144": {
            "year_quarter": 20144,
            "year": 2014,
            "quarter": 4,
            "eps": 0.04,
            "eps_growth_year": -83.03,
            "eps_4q": 0.5,
            "eps_4q_growth_year": -48.27,
            "roe": 0.23,
            "gross_profit": 146872,
            "gross_margin": 10.05,
            "net_income": 14920,
            "revenue": 1460956,
            "common_shares": 3801023,
            "equity": 6595228,
            "current_ratio": 196.2,
            "debt_ratio": 32.63,
            "inventory_turnover_ratio": 3.4,
            "account_receivable_turnover_ratio": 1.1,
            "reinvestment_rate": 27.32,
            "research_to_sale_ratio": 2.4,
            "price_fair": 30.98,
            "eps_avg_yearly": 0.89,
            "eps_latest_yearly": 0.16,
            "eps_growth_yearly": 172.46
        },
        "20151": {
            "year_quarter": 20151,
            "year": 2015,
            "quarter": 1,
            "eps": -0.02,
            "eps_growth_year": -120,
            "eps_4q": 0.38,
            "eps_4q_growth_year": -58.33,
            "roe": -0.14,
            "gross_profit": 118248,
            "gross_margin": 8.43,
            "net_income": -9448,
            "revenue": 1402483,
            "common_shares": 3801023,
            "equity": 6600875,
            "current_ratio": 230.03,
            "debt_ratio": 34.05,
            "inventory_turnover_ratio": 3.31,
            "account_receivable_turnover_ratio": 1.1,
            "reinvestment_rate": 170.57,
            "research_to_sale_ratio": 2.72,
            "price_fair": 29.12,
            "eps_avg_yearly": 0.83,
            "eps_latest_yearly": 0.16,
            "eps_growth_yearly": 182.62
        },
        "20152": {
            "year_quarter": 20152,
            "year": 2015,
            "quarter": 2,
            "eps": -0.11,
            "eps_growth_year": -164.71,
            "eps_4q": 0.1,
            "eps_4q_growth_year": -85.57,
            "roe": -0.65,
            "gross_profit": 91217,
            "gross_margin": 6.61,
            "net_income": -41662,
            "revenue": 1379294,
            "common_shares": 3801023,
            "equity": 6273756,
            "current_ratio": 201.79,
            "debt_ratio": 37.53,
            "inventory_turnover_ratio": 3.34,
            "account_receivable_turnover_ratio": 1.1,
            "reinvestment_rate": 62.18,
            "research_to_sale_ratio": 2.77,
            "price_fair": 27.8,
            "eps_avg_yearly": 0.79,
            "eps_latest_yearly": 0.16,
            "eps_growth_yearly": 201.11
        },
        "20153": {
            "year_quarter": 20153,
            "year": 2015,
            "quarter": 3,
            "eps": -0.03,
            "eps_growth_year": -115.79,
            "eps_4q": -0.12,
            "eps_4q_growth_year": -117.36,
            "roe": -0.25,
            "gross_profit": 97869,
            "gross_margin": 7.28,
            "net_income": -15434,
            "revenue": 1343555,
            "common_shares": 3801023,
            "equity": 6220148,
            "current_ratio": 217.35,
            "debt_ratio": 35.88,
            "inventory_turnover_ratio": 3.27,
            "account_receivable_turnover_ratio": 1.07,
            "reinvestment_rate": 15.92,
            "research_to_sale_ratio": 2.82,
            "price_fair": 27.46,
            "eps_avg_yearly": 0.78,
            "eps_latest_yearly": 0.16,
            "eps_growth_yearly": 226.53
        },
        "20154": {
            "year_quarter": 20154,
            "year": 2015,
            "quarter": 4,
            "eps": -0.06,
            "eps_growth_year": -246.26,
            "eps_4q": -0.21,
            "eps_4q_growth_year": -142.31,
            "roe": -0.31,
            "gross_profit": 151877,
            "gross_margin": 10.97,
            "net_income": -19567,
            "revenue": 1384762,
            "common_shares": 3801023,
            "equity": 6231542,
            "current_ratio": 243,
            "debt_ratio": 35.55,
            "inventory_turnover_ratio": 3.32,
            "account_receivable_turnover_ratio": 1.12,
            "reinvestment_rate": -6.46,
            "research_to_sale_ratio": 2.79,
            "price_fair": 28.58,
            "eps_avg_yearly": 0.82,
            "eps_latest_yearly": 0.16,
            "eps_growth_yearly": 264.25
        },
        "20161": {
            "year_quarter": 20161,
            "year": 2016,
            "quarter": 1,
            "eps": 0.03,
            "eps_growth_year": null,
            "eps_4q": -0.16,
            "eps_4q_growth_year": -143.26,
            "roe": 0.15,
            "gross_profit": 147224,
            "gross_margin": 11.06,
            "net_income": 9387,
            "revenue": 1331500,
            "common_shares": 3801023,
            "equity": 6228495,
            "current_ratio": 241.21,
            "debt_ratio": 35.37,
            "inventory_turnover_ratio": 3.24,
            "account_receivable_turnover_ratio": 1.11,
            "reinvestment_rate": -11.92,
            "research_to_sale_ratio": 3.29,
            "price_fair": 30.55,
            "eps_avg_yearly": 0.87,
            "eps_latest_yearly": 0.16,
            "eps_growth_yearly": 306.46
        },
        "20162": {
            "year_quarter": 20162,
            "year": 2016,
            "quarter": 2,
            "eps": 0.07,
            "eps_growth_year": null,
            "eps_4q": 0.01,
            "eps_4q_growth_year": -91.37,
            "roe": 0.38,
            "gross_profit": 158625,
            "gross_margin": 11.42,
            "net_income": 23680,
            "revenue": 1389507,
            "common_shares": 3801023,
            "equity": 6115719,
            "current_ratio": 228.96,
            "debt_ratio": 36.21,
            "inventory_turnover_ratio": 3.2,
            "account_receivable_turnover_ratio": 1.14,
            "reinvestment_rate": -20.21,
            "research_to_sale_ratio": 3.37,
            "price_fair": 25.2,
            "eps_avg_yearly": 0.72,
            "eps_latest_yearly": 0.28,
            "eps_growth_yearly": 34.94
        },
        "20163": {
            "year_quarter": 20163,
            "year": 2016,
            "quarter": 3,
            "eps": 0.42,
            "eps_growth_year": null,
            "eps_4q": 0.46,
            "eps_4q_growth_year": null,
            "roe": 2.52,
            "gross_profit": 162612,
            "gross_margin": 11.34,
            "net_income": 156478,
            "revenue": 1433978,
            "common_shares": 3801023,
            "equity": 6285608,
            "current_ratio": 266.1,
            "debt_ratio": 34.12,
            "inventory_turnover_ratio": 3.13,
            "account_receivable_turnover_ratio": 1.13,
            "reinvestment_rate": -62.89,
            "research_to_sale_ratio": 3.75,
            "price_fair": 26.85,
            "eps_avg_yearly": 0.77,
            "eps_latest_yearly": 1.68,
            "eps_growth_yearly": 231.6
        },
        "20164": {
            "year_quarter": 20164,
            "year": 2016,
            "quarter": 4,
            "eps": 0.11,
            "eps_growth_year": null,
            "eps_4q": 0.62,
            "eps_4q_growth_year": null,
            "roe": 0.66,
            "gross_profit": 194030,
            "gross_margin": 13.22,
            "net_income": 41440,
            "revenue": 1467390,
            "common_shares": 3801023,
            "equity": 6331355,
            "current_ratio": 278,
            "debt_ratio": 34.6,
            "inventory_turnover_ratio": 3.09,
            "account_receivable_turnover_ratio": 1.13,
            "reinvestment_rate": -101.81,
            "research_to_sale_ratio": 3.22,
            "price_fair": 26.22,
            "eps_avg_yearly": 0.75,
            "eps_latest_yearly": 0.44,
            "eps_growth_yearly": 221.06
        },
        "20171": {
            "year_quarter": 20171,
            "year": 2017,
            "quarter": 1,
            "eps": 0.11,
            "eps_growth_year": 266.67,
            "eps_4q": 0.71,
            "eps_4q_growth_year": null,
            "roe": 0.67,
            "gross_profit": 162339,
            "gross_margin": 11.16,
            "net_income": 42461,
            "revenue": 1454271,
            "common_shares": 3801023,
            "equity": 6339834,
            "current_ratio": 279.84,
            "debt_ratio": 33.96,
            "inventory_turnover_ratio": 3.07,
            "account_receivable_turnover_ratio": 1.12,
            "reinvestment_rate": 51.58,
            "research_to_sale_ratio": 3.56,
            "price_fair": 25.58,
            "eps_avg_yearly": 0.73,
            "eps_latest_yearly": 0.44,
            "eps_growth_yearly": 221.06
        },
        "20172": {
            "year_quarter": 20172,
            "year": 2017,
            "quarter": 2,
            "eps": 0.08,
            "eps_growth_year": 14.29,
            "eps_4q": 0.73,
            "eps_4q_growth_year": 8313.15,
            "roe": 0.54,
            "gross_profit": 173349,
            "gross_margin": 11.7,
            "net_income": 33612,
            "revenue": 1481129,
            "common_shares": 3801023,
            "equity": 6189759,
            "current_ratio": 232.19,
            "debt_ratio": 36.03,
            "inventory_turnover_ratio": 2.92,
            "account_receivable_turnover_ratio": 1.1,
            "reinvestment_rate": 42,
            "research_to_sale_ratio": 3.18,
            "price_fair": 21.76,
            "eps_avg_yearly": 0.62,
            "eps_latest_yearly": 0.32,
            "eps_growth_yearly": 161.15
        },
        "20173": {
            "year_quarter": 20173,
            "year": 2017,
            "quarter": 3,
            "eps": 0.1,
            "eps_growth_year": -76.19,
            "eps_4q": 0.4,
            "eps_4q_growth_year": -12.49,
            "roe": 0.62,
            "gross_profit": 180800,
            "gross_margin": 11.3,
            "net_income": 38318,
            "revenue": 1599290,
            "common_shares": 3801023,
            "equity": 6235298,
            "current_ratio": 241.19,
            "debt_ratio": 34.11,
            "inventory_turnover_ratio": 2.96,
            "account_receivable_turnover_ratio": 1.13,
            "reinvestment_rate": 18.75,
            "research_to_sale_ratio": 2.89,
            "price_fair": 20.49,
            "eps_avg_yearly": 0.59,
            "eps_latest_yearly": 0.4,
            "eps_growth_yearly": 187.46
        },
        "20174": {
            "year_quarter": 20174,
            "year": 2017,
            "quarter": 4,
            "eps": 0.05,
            "eps_growth_year": -49.29,
            "eps_4q": 0.35,
            "eps_4q_growth_year": -43.82,
            "roe": 0.42,
            "gross_profit": 149152,
            "gross_margin": 9.76,
            "net_income": 26484,
            "revenue": 1528975,
            "common_shares": 3801023,
            "equity": 6264501,
            "current_ratio": 245.83,
            "debt_ratio": 32.86,
            "inventory_turnover_ratio": 2.9,
            "account_receivable_turnover_ratio": 1.12,
            "reinvestment_rate": -80.81,
            "research_to_sale_ratio": 3,
            "price_fair": 18.33,
            "eps_avg_yearly": 0.52,
            "eps_latest_yearly": 0.2,
            "eps_growth_yearly": 165.64
        },
        "20181": {
            "year_quarter": 20181,
            "year": 2018,
            "quarter": 1,
            "eps": -0.22,
            "eps_growth_year": -300,
            "eps_4q": 0.02,
            "eps_4q_growth_year": -97,
            "roe": -1.26,
            "gross_profit": 27681,
            "gross_margin": 1.95,
            "net_income": -78552,
            "revenue": 1418076,
            "common_shares": 3801023,
            "equity": 6230397,
            "current_ratio": 251.61,
            "debt_ratio": 31.36,
            "inventory_turnover_ratio": 3.28,
            "account_receivable_turnover_ratio": 1.18,
            "reinvestment_rate": -97.3,
            "research_to_sale_ratio": 3.02,
            "price_fair": 18.76,
            "eps_avg_yearly": 0.54,
            "eps_latest_yearly": 0.2,
            "eps_growth_yearly": 204.03
        },
        "20182": {
            "year_quarter": 20182,
            "year": 2018,
            "quarter": 2,
            "eps": 0.01,
            "eps_growth_year": -87.5,
            "eps_4q": -0.06,
            "eps_4q_growth_year": -108.42,
            "roe": 0.06,
            "gross_profit": 123246,
            "gross_margin": 9.67,
            "net_income": 3541,
            "revenue": 1274066,
            "common_shares": 3801023,
            "equity": 6045821,
            "current_ratio": 221.46,
            "debt_ratio": 33.23,
            "inventory_turnover_ratio": 3.01,
            "account_receivable_turnover_ratio": 1.05,
            "reinvestment_rate": -257.66,
            "research_to_sale_ratio": 3.42,
            "price_fair": 18.2,
            "eps_avg_yearly": 0.52,
            "eps_latest_yearly": 0.2,
            "eps_growth_yearly": 195.59
        },
        "20183": {
            "year_quarter": 20183,
            "year": 2018,
            "quarter": 3,
            "eps": -0.09,
            "eps_growth_year": -190,
            "eps_4q": -0.25,
            "eps_4q_growth_year": -162.18,
            "roe": -0.48,
            "gross_profit": 65424,
            "gross_margin": 4.87,
            "net_income": -29039,
            "revenue": 1344596,
            "common_shares": 3801023,
            "equity": 6005339,
            "current_ratio": 228.65,
            "debt_ratio": 31.6,
            "inventory_turnover_ratio": 3.38,
            "account_receivable_turnover_ratio": 1.05,
            "reinvestment_rate": -597.05,
            "research_to_sale_ratio": 3.13,
            "price_fair": 17.15,
            "eps_avg_yearly": 0.49,
            "eps_latest_yearly": 0.2,
            "eps_growth_yearly": 214.15
        },
        "20184": {
            "year_quarter": 20184,
            "year": 2018,
            "quarter": 4,
            "eps": -0.25,
            "eps_growth_year": -556.6,
            "eps_4q": -0.55,
            "eps_4q_growth_year": -258.24,
            "roe": -1.53,
            "gross_profit": 23045,
            "gross_margin": 1.91,
            "net_income": -91264,
            "revenue": 1206221,
            "common_shares": 3801023,
            "equity": 5939703,
            "current_ratio": 266.79,
            "debt_ratio": 27.12,
            "inventory_turnover_ratio": 3.26,
            "account_receivable_turnover_ratio": 1.03,
            "reinvestment_rate": -2084.03,
            "research_to_sale_ratio": 3.61,
            "price_fair": 18.8,
            "eps_avg_yearly": 0.54,
            "eps_latest_yearly": 0.2,
            "eps_growth_yearly": 289.86
        },
        "20191": {
            "year_quarter": 20191,
            "year": 2019,
            "quarter": 1,
            "eps": -0.58,
            "eps_growth_year": null,
            "eps_4q": -0.92,
            "eps_4q_growth_year": -4417.59,
            "roe": -3.73,
            "gross_profit": -99182,
            "gross_margin": -10.01,
            "net_income": -217598,
            "revenue": 990423,
            "common_shares": 3801023,
            "equity": 5726076,
            "current_ratio": 252.07,
            "debt_ratio": 28.82,
            "inventory_turnover_ratio": 3.19,
            "account_receivable_turnover_ratio": 0.96,
            "reinvestment_rate": null,
            "research_to_sale_ratio": 4.31,
            "price_fair": 18.8,
            "eps_avg_yearly": 0.54,
            "eps_latest_yearly": 0.2,
            "eps_growth_yearly": 289.86
        },
        "20192": {
            "year_quarter": 20192,
            "year": 2019,
            "quarter": 2,
            "eps": -0.37,
            "eps_growth_year": -3800,
            "eps_4q": -1.29,
            "eps_4q_growth_year": null,
            "roe": -2.39,
            "gross_profit": -3911,
            "gross_margin": -0.33,
            "net_income": -134167,
            "revenue": 1172227,
            "common_shares": 3801023,
            "equity": 5511204,
            "current_ratio": 208.59,
            "debt_ratio": 34.01,
            "inventory_turnover_ratio": 3.54,
            "account_receivable_turnover_ratio": 1.09,
            "reinvestment_rate": null,
            "research_to_sale_ratio": 3.97,
            "price_fair": 18.8,
            "eps_avg_yearly": 0.54,
            "eps_latest_yearly": 0.2,
            "eps_growth_yearly": 289.86
        },
        "20193": {
            "year_quarter": 20193,
            "year": 2019,
            "quarter": 3,
            "eps": -0.23,
            "eps_growth_year": null,
            "eps_4q": -1.43,
            "eps_4q_growth_year": null,
            "roe": -1.59,
            "gross_profit": 33898,
            "gross_margin": 2.61,
            "net_income": -87166,
            "revenue": 1300167,
            "common_shares": 3801023,
            "equity": 5420048,
            "current_ratio": 211.02,
            "debt_ratio": 32.83,
            "inventory_turnover_ratio": 3.9,
            "account_receivable_turnover_ratio": 1.09,
            "reinvestment_rate": null,
            "research_to_sale_ratio": 3.8,
            "price_fair": 18.8,
            "eps_avg_yearly": 0.54,
            "eps_latest_yearly": 0.2,
            "eps_growth_yearly": 289.86
        },
        "20194": {
            "year_quarter": 20194,
            "year": 2019,
            "quarter": 4,
            "eps": -0.29,
            "eps_growth_year": null,
            "eps_4q": -1.47,
            "eps_4q_growth_year": null,
            "roe": -2.11,
            "gross_profit": 5576,
            "gross_margin": 0.44,
            "net_income": -113200,
            "revenue": 1256573,
            "common_shares": 3801023,
            "equity": 5311227,
            "current_ratio": 212.9,
            "debt_ratio": 35.61,
            "inventory_turnover_ratio": 3.77,
            "account_receivable_turnover_ratio": 1.1,
            "reinvestment_rate": null,
            "research_to_sale_ratio": 3.67,
            "price_fair": 18.8,
            "eps_avg_yearly": 0.54,
            "eps_latest_yearly": 0.2,
            "eps_growth_yearly": 289.86
        },
        "20201": {
            "year_quarter": 20201,
            "year": 2020,
            "quarter": 1,
            "eps": -0.15,
            "eps_growth_year": null,
            "eps_4q": -1.04,
            "eps_4q_growth_year": null,
            "roe": -1.1,
            "gross_profit": 45411,
            "gross_margin": 3.54,
            "net_income": -58055,
            "revenue": 1281737,
            "common_shares": 3801023,
            "equity": 5253762,
            "current_ratio": 221.67,
            "debt_ratio": 34.05,
            "inventory_turnover_ratio": 3.5,
            "account_receivable_turnover_ratio": 1.16,
            "reinvestment_rate": null,
            "research_to_sale_ratio": 3.29,
            "price_fair": 18.8,
            "eps_avg_yearly": 0.54,
            "eps_latest_yearly": 0.2,
            "eps_growth_yearly": 289.86
        },
        "20202": {
            "year_quarter": 20202,
            "year": 2020,
            "quarter": 2,
            "eps": -0.14,
            "eps_growth_year": null,
            "eps_4q": -0.82,
            "eps_4q_growth_year": null,
            "roe": -1.05,
            "gross_profit": 54237,
            "gross_margin": 4.21,
            "net_income": -54847,
            "revenue": 1288035,
            "common_shares": 3801023,
            "equity": 5196069,
            "current_ratio": 217.91,
            "debt_ratio": 33.06,
            "inventory_turnover_ratio": 3.15,
            "account_receivable_turnover_ratio": 1.16,
            "reinvestment_rate": null,
            "research_to_sale_ratio": 3.27,
            "price_fair": 20.3,
            "eps_avg_yearly": 0.58,
            "eps_latest_yearly": 0.2,
            "eps_growth_yearly": 249.28
        },
        "20203": {
            "year_quarter": 20203,
            "year": 2020,
            "quarter": 3,
            "eps": -0.01,
            "eps_growth_year": null,
            "eps_4q": -0.59,
            "eps_4q_growth_year": null,
            "roe": 0.04,
            "gross_profit": 103406,
            "gross_margin": 7.57,
            "net_income": 1985,
            "revenue": 1365300,
            "common_shares": 3801023,
            "equity": 5180287,
            "current_ratio": 225.56,
            "debt_ratio": 33.22,
            "inventory_turnover_ratio": 3.01,
            "account_receivable_turnover_ratio": 1.19,
            "reinvestment_rate": null,
            "research_to_sale_ratio": 3.09,
            "price_fair": 1.08,
            "eps_avg_yearly": 0.36,
            "eps_latest_yearly": 0.2,
            "eps_growth_yearly": -100.87
        },
        "20204": {
            "year_quarter": 20204,
            "year": 2020,
            "quarter": 4,
            "eps": -0.14,
            "eps_growth_year": null,
            "eps_4q": -0.44,
            "eps_4q_growth_year": null,
            "roe": -1.01,
            "gross_profit": 96030,
            "gross_margin": 6.31,
            "net_income": -52223,
            "revenue": 1522514,
            "common_shares": 3801023,
            "equity": 5133515,
            "current_ratio": 213.84,
            "debt_ratio": 32.85,
            "inventory_turnover_ratio": 3.79,
            "account_receivable_turnover_ratio": 1.21,
            "reinvestment_rate": null,
            "research_to_sale_ratio": 2.64,
            "price_fair": 1.02,
            "eps_avg_yearly": 0.34,
            "eps_latest_yearly": 0.2,
            "eps_growth_yearly": -52.27
        },
        "20211": {
            "year_quarter": 20211,
            "year": 2021,
            "quarter": 1,
            "eps": 0.29,
            "eps_growth_year": null,
            "eps_4q": -0,
            "eps_4q_growth_year": null,
            "roe": 2.2,
            "gross_profit": 250209,
            "gross_margin": 14.63,
            "net_income": 113962,
            "revenue": 1710780,
            "common_shares": 3801023,
            "equity": 5241487,
            "current_ratio": 211.08,
            "debt_ratio": 33.76,
            "inventory_turnover_ratio": 4.07,
            "account_receivable_turnover_ratio": 1.21,
            "reinvestment_rate": null,
            "research_to_sale_ratio": 2.39,
            "price_fair": 0.92,
            "eps_avg_yearly": 0.31,
            "eps_latest_yearly": 0.2,
            "eps_growth_yearly": -69.7
        },
        "20212": {
            "year_quarter": 20212,
            "year": 2021,
            "quarter": 2,
            "eps": 0.51,
            "eps_growth_year": null,
            "eps_4q": 0.65,
            "eps_4q_growth_year": null,
            "roe": 3.79,
            "gross_profit": 407775,
            "gross_margin": 20.45,
            "net_income": 202342,
            "revenue": 1994342,
            "common_shares": 3801023,
            "equity": 5439995,
            "current_ratio": 201.97,
            "debt_ratio": 37.14,
            "inventory_turnover_ratio": 3.72,
            "account_receivable_turnover_ratio": 1.21,
            "reinvestment_rate": null,
            "research_to_sale_ratio": 2.29,
            "price_fair": 30.8,
            "eps_avg_yearly": 0.88,
            "eps_latest_yearly": 2.04,
            "eps_growth_yearly": 67.82
        },
        "20213": {
            "year_quarter": 20213,
            "year": 2021,
            "quarter": 3,
            "eps": 0.79,
            "eps_growth_year": null,
            "eps_4q": 1.45,
            "eps_4q_growth_year": null,
            "roe": 5.64,
            "gross_profit": 432981,
            "gross_margin": 21.01,
            "net_income": 315952,
            "revenue": 2061101,
            "common_shares": 3801023,
            "equity": 5756427,
            "current_ratio": 205.55,
            "debt_ratio": 37,
            "inventory_turnover_ratio": 3.24,
            "account_receivable_turnover_ratio": 1.12,
            "reinvestment_rate": null,
            "research_to_sale_ratio": 2.26,
            "price_fair": 63,
            "eps_avg_yearly": 1.8,
            "eps_latest_yearly": 3.16,
            "eps_growth_yearly": 107.69
        },
        "20214": {
            "year_quarter": 20214,
            "year": 2021,
            "quarter": 4,
            "eps": 0.76,
            "eps_growth_year": null,
            "eps_4q": 2.35,
            "eps_4q_growth_year": null,
            "roe": 5.05,
            "gross_profit": 383931,
            "gross_margin": 19.52,
            "net_income": 299335,
            "revenue": 1967079,
            "common_shares": 3801023,
            "equity": 6097427,
            "current_ratio": 220.12,
            "debt_ratio": 35.3,
            "inventory_turnover_ratio": 2.58,
            "account_receivable_turnover_ratio": 1.08,
            "reinvestment_rate": null,
            "research_to_sale_ratio": 2.22,
            "price_fair": 96.13,
            "eps_avg_yearly": 2.75,
            "eps_latest_yearly": 3.04,
            "eps_growth_yearly": 169.29
        },
        "20221": {
            "year_quarter": 20221,
            "year": 2022,
            "quarter": 1,
            "eps": 0.36,
            "eps_growth_year": 24.14,
            "eps_4q": 2.42,
            "eps_4q_growth_year": null,
            "roe": 2.31,
            "gross_profit": 285390,
            "gross_margin": 16.19,
            "net_income": 142445,
            "revenue": 1762311,
            "common_shares": 3801023,
            "equity": 6248457,
            "current_ratio": 235.75,
            "debt_ratio": 32.87,
            "inventory_turnover_ratio": 2.12,
            "account_receivable_turnover_ratio": 1.06,
            "reinvestment_rate": -512.71,
            "research_to_sale_ratio": 2.52,
            "price_fair": 84.7,
            "eps_avg_yearly": 2.42,
            "eps_latest_yearly": 1.44,
            "eps_growth_yearly": 74.33
        },
        "20222": {
            "year_quarter": 20222,
            "year": 2022,
            "quarter": 2,
            "eps": 0.25,
            "eps_growth_year": -50.98,
            "eps_4q": 2.15,
            "eps_4q_growth_year": 230.93,
            "roe": 1.59,
            "gross_profit": 217927,
            "gross_margin": 13.21,
            "net_income": 96665,
            "revenue": 1649308,
            "common_shares": 3801023,
            "equity": 5885230,
            "current_ratio": 195.36,
            "debt_ratio": 36.31,
            "inventory_turnover_ratio": 2.04,
            "account_receivable_turnover_ratio": 1.08,
            "reinvestment_rate": -201.59,
            "research_to_sale_ratio": 2.84,
            "price_fair": 74.76,
            "eps_avg_yearly": 2.14,
            "eps_latest_yearly": 1,
            "eps_growth_yearly": 35.02
        },
        "20223": {
            "year_quarter": 20223,
            "year": 2022,
            "quarter": 3,
            "eps": -0.08,
            "eps_growth_year": -110.13,
            "eps_4q": 1.27,
            "eps_4q_growth_year": -11.9,
            "roe": -0.62,
            "gross_profit": 32082,
            "gross_margin": 2.36,
            "net_income": -36348,
            "revenue": 1358219,
            "common_shares": 3801023,
            "equity": 5860773,
            "current_ratio": 242.17,
            "debt_ratio": 33.17,
            "inventory_turnover_ratio": 1.95,
            "account_receivable_turnover_ratio": 1.02,
            "reinvestment_rate": -116.01,
            "research_to_sale_ratio": 2.91,
            "price_fair": 74.76,
            "eps_avg_yearly": 2.14,
            "eps_latest_yearly": 1,
            "eps_growth_yearly": 35.02
        },
        "20224": {
            "year_quarter": 20224,
            "year": 2022,
            "quarter": 4,
            "eps": 0.03,
            "eps_growth_year": -95.77,
            "eps_4q": 0.55,
            "eps_4q_growth_year": -76.41,
            "roe": -0.04,
            "gross_profit": -14631,
            "gross_margin": -1.18,
            "net_income": -2109,
            "revenue": 1236968,
            "common_shares": 3801023,
            "equity": 5949233,
            "current_ratio": 232.56,
            "debt_ratio": 32.05,
            "inventory_turnover_ratio": 2.11,
            "account_receivable_turnover_ratio": 1.15,
            "reinvestment_rate": -44.22,
            "research_to_sale_ratio": 2.82,
            "price_fair": 74.76,
            "eps_avg_yearly": 2.14,
            "eps_latest_yearly": 1,
            "eps_growth_yearly": 35.02
        },
        "20231": {
            "year_quarter": 20231,
            "year": 2023,
            "quarter": 1,
            "eps": -0.25,
            "eps_growth_year": -169.44,
            "eps_4q": -0.05,
            "eps_4q_growth_year": -102.22,
            "roe": -1.75,
            "gross_profit": -5300,
            "gross_margin": -0.42,
            "net_income": -103258,
            "revenue": 1259399,
            "common_shares": 3801023,
            "equity": 5847135,
            "current_ratio": 212.07,
            "debt_ratio": 31.45,
            "inventory_turnover_ratio": 2.53,
            "account_receivable_turnover_ratio": 1.23,
            "reinvestment_rate": -7.07,
            "research_to_sale_ratio": 2.64,
            "price_fair": 74.76,
            "eps_avg_yearly": 2.14,
            "eps_latest_yearly": 1,
            "eps_growth_yearly": 35.02
        }
    },
    "months": {
        "2001-06": {
            "month": "2001-06",
            "price": "12.99",
            "revenue": 134887
        },
        "2001-07": {
            "month": "2001-07",
            "price": "10.00",
            "revenue": 141006
        },
        "2001-08": {
            "month": "2001-08",
            "price": "9.60",
            "revenue": 156781
        },
        "2001-09": {
            "month": "2001-09",
            "price": "8.38",
            "revenue": 142206
        },
        "2001-10": {
            "month": "2001-10",
            "price": "7.41",
            "revenue": 206683
        },
        "2001-11": {
            "month": "2001-11",
            "price": "8.87",
            "revenue": 257638
        },
        "2001-12": {
            "month": "2001-12",
            "price": "12.11",
            "revenue": 296250
        },
        "2002-01": {
            "month": "2002-01",
            "price": "15.02",
            "revenue": 194507
        },
        "2002-02": {
            "month": "2002-02",
            "price": "14.01",
            "revenue": 164448
        },
        "2002-03": {
            "month": "2002-03",
            "price": "15.43",
            "revenue": 259737
        },
        "2002-04": {
            "month": "2002-04",
            "price": "18.03",
            "revenue": 286551
        },
        "2002-05": {
            "month": "2002-05",
            "price": "14.34",
            "revenue": 275136
        },
        "2002-06": {
            "month": "2002-06",
            "price": "13.41",
            "revenue": 251917
        },
        "2002-07": {
            "month": "2002-07",
            "price": "11.36",
            "revenue": 237474
        },
        "2002-08": {
            "month": "2002-08",
            "price": "10.21",
            "revenue": 214201
        },
        "2002-09": {
            "month": "2002-09",
            "price": "8.40",
            "revenue": 224500
        },
        "2002-10": {
            "month": "2002-10",
            "price": "7.85",
            "revenue": 254298
        },
        "2002-11": {
            "month": "2002-11",
            "price": "8.15",
            "revenue": 262516
        },
        "2002-12": {
            "month": "2002-12",
            "price": "7.65",
            "revenue": 298121
        },
        "2003-01": {
            "month": "2003-01",
            "price": "8.22",
            "revenue": 293910
        },
        "2003-02": {
            "month": "2003-02",
            "price": "9.15",
            "revenue": 242119
        },
        "2003-03": {
            "month": "2003-03",
            "price": "8.81",
            "revenue": 309025
        },
        "2003-04": {
            "month": "2003-04",
            "price": "8.43",
            "revenue": 306515
        },
        "2003-05": {
            "month": "2003-05",
            "price": "9.15",
            "revenue": 292451
        },
        "2003-06": {
            "month": "2003-06",
            "price": "13.68",
            "revenue": 300320
        },
        "2003-07": {
            "month": "2003-07",
            "price": "15.74",
            "revenue": 319108
        },
        "2003-08": {
            "month": "2003-08",
            "price": "14.61",
            "revenue": 332571
        },
        "2003-09": {
            "month": "2003-09",
            "price": "15.65",
            "revenue": 339454
        },
        "2003-10": {
            "month": "2003-10",
            "price": "16.45",
            "revenue": 394660
        },
        "2003-11": {
            "month": "2003-11",
            "price": "16.17",
            "revenue": 382209
        },
        "2003-12": {
            "month": "2003-12",
            "price": "16.49",
            "revenue": 402165
        },
        "2004-01": {
            "month": "2004-01",
            "price": "19.61",
            "revenue": 349332
        },
        "2004-02": {
            "month": "2004-02",
            "price": "22.72",
            "revenue": 380753
        },
        "2004-03": {
            "month": "2004-03",
            "price": "21.77",
            "revenue": 439977
        },
        "2004-04": {
            "month": "2004-04",
            "price": "23.43",
            "revenue": 386302
        },
        "2004-05": {
            "month": "2004-05",
            "price": "17.84",
            "revenue": 411677
        },
        "2004-06": {
            "month": "2004-06",
            "price": "16.60",
            "revenue": 421898
        },
        "2004-07": {
            "month": "2004-07",
            "price": "16.14",
            "revenue": 423369
        },
        "2004-08": {
            "month": "2004-08",
            "price": "16.34",
            "revenue": 434708
        },
        "2004-09": {
            "month": "2004-09",
            "price": "15.95",
            "revenue": 390321
        },
        "2004-10": {
            "month": "2004-10",
            "price": "14.34",
            "revenue": 383105
        },
        "2004-11": {
            "month": "2004-11",
            "price": "13.98",
            "revenue": 399712
        },
        "2004-12": {
            "month": "2004-12",
            "price": "13.49",
            "revenue": 327283
        },
        "2005-01": {
            "month": "2005-01",
            "price": "11.85",
            "revenue": 306415
        },
        "2005-02": {
            "month": "2005-02",
            "price": "12.26",
            "revenue": 267574
        },
        "2005-03": {
            "month": "2005-03",
            "price": "13.02",
            "revenue": 348836
        },
        "2005-04": {
            "month": "2005-04",
            "price": "11.66",
            "revenue": 328753
        },
        "2005-05": {
            "month": "2005-05",
            "price": "11.54",
            "revenue": 309686
        },
        "2005-06": {
            "month": "2005-06",
            "price": "12.45",
            "revenue": 317534
        },
        "2005-07": {
            "month": "2005-07",
            "price": "13.26",
            "revenue": 351579
        },
        "2005-08": {
            "month": "2005-08",
            "price": "12.41",
            "revenue": 386280
        },
        "2005-09": {
            "month": "2005-09",
            "price": "9.97",
            "revenue": 363243
        },
        "2005-10": {
            "month": "2005-10",
            "price": "8.37",
            "revenue": 424001
        },
        "2005-11": {
            "month": "2005-11",
            "price": "8.76",
            "revenue": 436628
        },
        "2005-12": {
            "month": "2005-12",
            "price": "12.44",
            "revenue": 407172
        },
        "2006-01": {
            "month": "2006-01",
            "price": "12.24",
            "revenue": 377623
        },
        "2006-02": {
            "month": "2006-02",
            "price": "11.32",
            "revenue": 370937
        },
        "2006-03": {
            "month": "2006-03",
            "price": "10.90",
            "revenue": 433444
        },
        "2006-04": {
            "month": "2006-04",
            "price": "12.41",
            "revenue": 388203
        },
        "2006-05": {
            "month": "2006-05",
            "price": "11.31",
            "revenue": 378121
        },
        "2006-06": {
            "month": "2006-06",
            "price": "9.31",
            "revenue": 411493
        },
        "2006-07": {
            "month": "2006-07",
            "price": "9.23",
            "revenue": 438346
        },
        "2006-08": {
            "month": "2006-08",
            "price": "9.63",
            "revenue": 455639
        },
        "2006-09": {
            "month": "2006-09",
            "price": "9.21",
            "revenue": 418213
        },
        "2006-10": {
            "month": "2006-10",
            "price": "9.34",
            "revenue": 437969
        },
        "2006-11": {
            "month": "2006-11",
            "price": "9.83",
            "revenue": 440307
        },
        "2006-12": {
            "month": "2006-12",
            "price": "11.43",
            "revenue": 397696
        },
        "2007-01": {
            "month": "2007-01",
            "price": "12.16",
            "revenue": 412617
        },
        "2007-02": {
            "month": "2007-02",
            "price": "12.66",
            "revenue": 308467
        },
        "2007-03": {
            "month": "2007-03",
            "price": "14.00",
            "revenue": 391551
        },
        "2007-04": {
            "month": "2007-04",
            "price": "13.54",
            "revenue": 391029
        },
        "2007-05": {
            "month": "2007-05",
            "price": "12.72",
            "revenue": 444105
        },
        "2007-06": {
            "month": "2007-06",
            "price": "17.75",
            "revenue": 397262
        },
        "2007-07": {
            "month": "2007-07",
            "price": "17.77",
            "revenue": 465930
        },
        "2007-08": {
            "month": "2007-08",
            "price": "16.62",
            "revenue": 490303
        },
        "2007-09": {
            "month": "2007-09",
            "price": "16.05",
            "revenue": 471522
        },
        "2007-10": {
            "month": "2007-10",
            "price": "17.50",
            "revenue": 481695
        },
        "2007-11": {
            "month": "2007-11",
            "price": "15.45",
            "revenue": 485376
        },
        "2007-12": {
            "month": "2007-12",
            "price": "15.00",
            "revenue": 448027
        },
        "2008-01": {
            "month": "2008-01",
            "price": "13.07",
            "revenue": 453437
        },
        "2008-02": {
            "month": "2008-02",
            "price": "11.20",
            "revenue": 362617
        },
        "2008-03": {
            "month": "2008-03",
            "price": "12.05",
            "revenue": 445796
        },
        "2008-04": {
            "month": "2008-04",
            "price": "13.36",
            "revenue": 443668
        },
        "2008-05": {
            "month": "2008-05",
            "price": "13.16",
            "revenue": 470844
        },
        "2008-06": {
            "month": "2008-06",
            "price": "11.72",
            "revenue": 458844
        },
        "2008-07": {
            "month": "2008-07",
            "price": "9.91",
            "revenue": 531039
        },
        "2008-08": {
            "month": "2008-08",
            "price": "10.38",
            "revenue": 504128
        },
        "2008-09": {
            "month": "2008-09",
            "price": "9.09",
            "revenue": 482845
        },
        "2008-10": {
            "month": "2008-10",
            "price": "7.70",
            "revenue": 446031
        },
        "2008-11": {
            "month": "2008-11",
            "price": "6.47",
            "revenue": 319110
        },
        "2008-12": {
            "month": "2008-12",
            "price": "5.91",
            "revenue": 280896
        },
        "2009-01": {
            "month": "2009-01",
            "price": "5.92",
            "revenue": 214311
        },
        "2009-02": {
            "month": "2009-02",
            "price": "6.34",
            "revenue": 312836
        },
        "2009-03": {
            "month": "2009-03",
            "price": "7.53",
            "revenue": 380917
        },
        "2009-04": {
            "month": "2009-04",
            "price": "8.99",
            "revenue": 364171
        },
        "2009-05": {
            "month": "2009-05",
            "price": "9.86",
            "revenue": 402021
        },
        "2009-06": {
            "month": "2009-06",
            "price": "10.04",
            "revenue": 408713
        },
        "2009-07": {
            "month": "2009-07",
            "price": "11.04",
            "revenue": 450210
        },
        "2009-08": {
            "month": "2009-08",
            "price": "11.39",
            "revenue": 454423
        },
        "2009-09": {
            "month": "2009-09",
            "price": "11.57",
            "revenue": 478435
        },
        "2009-10": {
            "month": "2009-10",
            "price": "12.12",
            "revenue": 502675
        },
        "2009-11": {
            "month": "2009-11",
            "price": "12.49",
            "revenue": 501937
        },
        "2009-12": {
            "month": "2009-12",
            "price": "14.84",
            "revenue": 445519
        },
        "2010-01": {
            "month": "2010-01",
            "price": "15.74",
            "revenue": 485695
        },
        "2010-02": {
            "month": "2010-02",
            "price": "14.83",
            "revenue": 379667
        },
        "2010-03": {
            "month": "2010-03",
            "price": "16.35",
            "revenue": 581996
        },
        "2010-04": {
            "month": "2010-04",
            "price": "19.94",
            "revenue": 534961
        },
        "2010-05": {
            "month": "2010-05",
            "price": "17.25",
            "revenue": 618140
        },
        "2010-06": {
            "month": "2010-06",
            "price": "19.37",
            "revenue": 612461
        },
        "2010-07": {
            "month": "2010-07",
            "price": "19.92",
            "revenue": 626186
        },
        "2010-08": {
            "month": "2010-08",
            "price": "19.82",
            "revenue": 606054
        },
        "2010-09": {
            "month": "2010-09",
            "price": "22.07",
            "revenue": 489104
        },
        "2010-10": {
            "month": "2010-10",
            "price": "20.49",
            "revenue": 449764
        },
        "2010-11": {
            "month": "2010-11",
            "price": "20.56",
            "revenue": 517425
        },
        "2010-12": {
            "month": "2010-12",
            "price": "23.43",
            "revenue": 472330
        },
        "2011-01": {
            "month": "2011-01",
            "price": "25.68",
            "revenue": 561731
        },
        "2011-02": {
            "month": "2011-02",
            "price": "25.84",
            "revenue": 427314
        },
        "2011-03": {
            "month": "2011-03",
            "price": "23.17",
            "revenue": 561453
        },
        "2011-04": {
            "month": "2011-04",
            "price": "23.92",
            "revenue": 520210
        },
        "2011-05": {
            "month": "2011-05",
            "price": "22.70",
            "revenue": 557485
        },
        "2011-06": {
            "month": "2011-06",
            "price": "22.50",
            "revenue": 514991
        },
        "2011-07": {
            "month": "2011-07",
            "price": "20.34",
            "revenue": 516549
        },
        "2011-08": {
            "month": "2011-08",
            "price": "16.09",
            "revenue": 505344
        },
        "2011-09": {
            "month": "2011-09",
            "price": "15.86",
            "revenue": 410018
        },
        "2011-10": {
            "month": "2011-10",
            "price": "16.07",
            "revenue": 422316
        },
        "2011-11": {
            "month": "2011-11",
            "price": "15.02",
            "revenue": 430310
        },
        "2011-12": {
            "month": "2011-12",
            "price": "13.41",
            "revenue": 393839
        },
        "2012-01": {
            "month": "2012-01",
            "price": "13.58",
            "revenue": 369643
        },
        "2012-02": {
            "month": "2012-02",
            "price": "18.80",
            "revenue": 417530
        },
        "2012-03": {
            "month": "2012-03",
            "price": "19.87",
            "revenue": 494552
        },
        "2012-04": {
            "month": "2012-04",
            "price": "17.90",
            "revenue": 541568
        },
        "2012-05": {
            "month": "2012-05",
            "price": "16.82",
            "revenue": 579765
        },
        "2012-06": {
            "month": "2012-06",
            "price": "16.43",
            "revenue": 516240
        },
        "2012-07": {
            "month": "2012-07",
            "price": "15.28",
            "revenue": 541758
        },
        "2012-08": {
            "month": "2012-08",
            "price": "16.27",
            "revenue": 508510
        },
        "2012-09": {
            "month": "2012-09",
            "price": "17.33",
            "revenue": 479229
        },
        "2012-10": {
            "month": "2012-10",
            "price": "15.60",
            "revenue": 471538
        },
        "2012-11": {
            "month": "2012-11",
            "price": "14.12",
            "revenue": 456818
        },
        "2012-12": {
            "month": "2012-12",
            "price": "14.98",
            "revenue": 425307
        },
        "2013-01": {
            "month": "2013-01",
            "price": "15.20",
            "revenue": 508469
        },
        "2013-02": {
            "month": "2013-02",
            "price": "16.24",
            "revenue": 381997
        },
        "2013-03": {
            "month": "2013-03",
            "price": "16.52",
            "revenue": 540887
        },
        "2013-04": {
            "month": "2013-04",
            "price": "16.42",
            "revenue": 560303
        },
        "2013-05": {
            "month": "2013-05",
            "price": "17.02",
            "revenue": 572371
        },
        "2013-06": {
            "month": "2013-06",
            "price": "15.97",
            "revenue": 470709
        },
        "2013-07": {
            "month": "2013-07",
            "price": "15.90",
            "revenue": 528939
        },
        "2013-08": {
            "month": "2013-08",
            "price": "15.40",
            "revenue": 482830
        },
        "2013-09": {
            "month": "2013-09",
            "price": "15.62",
            "revenue": 479394
        },
        "2013-10": {
            "month": "2013-10",
            "price": "15.42",
            "revenue": 534776
        },
        "2013-11": {
            "month": "2013-11",
            "price": "15.03",
            "revenue": 482243
        },
        "2013-12": {
            "month": "2013-12",
            "price": "15.74",
            "revenue": 504743
        },
        "2014-01": {
            "month": "2014-01",
            "price": "17.29",
            "revenue": 466883
        },
        "2014-02": {
            "month": "2014-02",
            "price": "18.54",
            "revenue": 412917
        },
        "2014-03": {
            "month": "2014-03",
            "price": "20.87",
            "revenue": 514927
        },
        "2014-04": {
            "month": "2014-04",
            "price": "20.21",
            "revenue": 497879
        },
        "2014-05": {
            "month": "2014-05",
            "price": "17.91",
            "revenue": 539046
        },
        "2014-06": {
            "month": "2014-06",
            "price": "18.12",
            "revenue": 509466
        },
        "2014-07": {
            "month": "2014-07",
            "price": "18.32",
            "revenue": 519396
        },
        "2014-08": {
            "month": "2014-08",
            "price": "16.61",
            "revenue": 511129
        },
        "2014-09": {
            "month": "2014-09",
            "price": "15.94",
            "revenue": 503330
        },
        "2014-10": {
            "month": "2014-10",
            "price": "15.93",
            "revenue": 519548
        },
        "2014-11": {
            "month": "2014-11",
            "price": "14.16",
            "revenue": 443929
        },
        "2014-12": {
            "month": "2014-12",
            "price": "14.12",
            "revenue": 497479
        },
        "2015-01": {
            "month": "2015-01",
            "price": "15.19",
            "revenue": 491843
        },
        "2015-02": {
            "month": "2015-02",
            "price": "15.06",
            "revenue": 403379
        },
        "2015-03": {
            "month": "2015-03",
            "price": "15.15",
            "revenue": 507261
        },
        "2015-04": {
            "month": "2015-04",
            "price": "14.16",
            "revenue": 413795
        },
        "2015-05": {
            "month": "2015-05",
            "price": "12.90",
            "revenue": 480607
        },
        "2015-06": {
            "month": "2015-06",
            "price": "11.11",
            "revenue": 484892
        },
        "2015-07": {
            "month": "2015-07",
            "price": "11.07",
            "revenue": 446670
        },
        "2015-08": {
            "month": "2015-08",
            "price": "9.11",
            "revenue": 445645
        },
        "2015-09": {
            "month": "2015-09",
            "price": "8.94",
            "revenue": 451240
        },
        "2015-10": {
            "month": "2015-10",
            "price": "9.82",
            "revenue": 452834
        },
        "2015-11": {
            "month": "2015-11",
            "price": "9.71",
            "revenue": 465901
        },
        "2015-12": {
            "month": "2015-12",
            "price": "9.02",
            "revenue": 466027
        },
        "2016-01": {
            "month": "2016-01",
            "price": "8.26",
            "revenue": 491526
        },
        "2016-02": {
            "month": "2016-02",
            "price": "8.56",
            "revenue": 359990
        },
        "2016-03": {
            "month": "2016-03",
            "price": "9.38",
            "revenue": 479984
        },
        "2016-04": {
            "month": "2016-04",
            "price": "8.86",
            "revenue": 443089
        },
        "2016-05": {
            "month": "2016-05",
            "price": "8.36",
            "revenue": 488453
        },
        "2016-06": {
            "month": "2016-06",
            "price": "8.78",
            "revenue": 457965
        },
        "2016-07": {
            "month": "2016-07",
            "price": "9.13",
            "revenue": 469779
        },
        "2016-08": {
            "month": "2016-08",
            "price": "10.31",
            "revenue": 512461
        },
        "2016-09": {
            "month": "2016-09",
            "price": "11.78",
            "revenue": 451738
        },
        "2016-10": {
            "month": "2016-10",
            "price": "11.51",
            "revenue": 476130
        },
        "2016-11": {
            "month": "2016-11",
            "price": "11.30",
            "revenue": 502135
        },
        "2016-12": {
            "month": "2016-12",
            "price": "12.09",
            "revenue": 489125
        },
        "2017-01": {
            "month": "2017-01",
            "price": "11.80",
            "revenue": 462010
        },
        "2017-02": {
            "month": "2017-02",
            "price": "13.16",
            "revenue": 448365
        },
        "2017-03": {
            "month": "2017-03",
            "price": "13.96",
            "revenue": 543896
        },
        "2017-04": {
            "month": "2017-04",
            "price": "14.04",
            "revenue": 460979
        },
        "2017-05": {
            "month": "2017-05",
            "price": "14.68",
            "revenue": 520433
        },
        "2017-06": {
            "month": "2017-06",
            "price": "15.33",
            "revenue": 499717
        },
        "2017-07": {
            "month": "2017-07",
            "price": "14.78",
            "revenue": 517664
        },
        "2017-08": {
            "month": "2017-08",
            "price": "14.40",
            "revenue": 537845
        },
        "2017-09": {
            "month": "2017-09",
            "price": "15.77",
            "revenue": 543781
        },
        "2017-10": {
            "month": "2017-10",
            "price": "16.51",
            "revenue": 502697
        },
        "2017-11": {
            "month": "2017-11",
            "price": "15.84",
            "revenue": 528603
        },
        "2017-12": {
            "month": "2017-12",
            "price": "15.04",
            "revenue": 497675
        },
        "2018-01": {
            "month": "2018-01",
            "price": "15.37",
            "revenue": 485178
        },
        "2018-02": {
            "month": "2018-02",
            "price": "13.59",
            "revenue": 394984
        },
        "2018-03": {
            "month": "2018-03",
            "price": "13.68",
            "revenue": 537914
        },
        "2018-04": {
            "month": "2018-04",
            "price": "12.94",
            "revenue": 412403
        },
        "2018-05": {
            "month": "2018-05",
            "price": "12.07",
            "revenue": 446237
        },
        "2018-06": {
            "month": "2018-06",
            "price": "12.73",
            "revenue": 415426
        },
        "2018-07": {
            "month": "2018-07",
            "price": "11.37",
            "revenue": 452251
        },
        "2018-08": {
            "month": "2018-08",
            "price": "11.02",
            "revenue": 469548
        },
        "2018-09": {
            "month": "2018-09",
            "price": "10.27",
            "revenue": 422797
        },
        "2018-10": {
            "month": "2018-10",
            "price": "9.08",
            "revenue": 441370
        },
        "2018-11": {
            "month": "2018-11",
            "price": "8.81",
            "revenue": 405307
        },
        "2018-12": {
            "month": "2018-12",
            "price": "9.25",
            "revenue": 359544
        },
        "2019-01": {
            "month": "2019-01",
            "price": "9.10",
            "revenue": 358362
        },
        "2019-02": {
            "month": "2019-02",
            "price": "9.98",
            "revenue": 283373
        },
        "2019-03": {
            "month": "2019-03",
            "price": "9.99",
            "revenue": 348688
        },
        "2019-04": {
            "month": "2019-04",
            "price": "9.76",
            "revenue": 355940
        },
        "2019-05": {
            "month": "2019-05",
            "price": "8.83",
            "revenue": 414864
        },
        "2019-06": {
            "month": "2019-06",
            "price": "8.38",
            "revenue": 401423
        },
        "2019-07": {
            "month": "2019-07",
            "price": "8.70",
            "revenue": 436297
        },
        "2019-08": {
            "month": "2019-08",
            "price": "8.80",
            "revenue": 437345
        },
        "2019-09": {
            "month": "2019-09",
            "price": "9.32",
            "revenue": 426525
        },
        "2019-10": {
            "month": "2019-10",
            "price": "9.34",
            "revenue": 432766
        },
        "2019-11": {
            "month": "2019-11",
            "price": "8.94",
            "revenue": 402294
        },
        "2019-12": {
            "month": "2019-12",
            "price": "9.52",
            "revenue": 421513
        },
        "2020-01": {
            "month": "2020-01",
            "price": "10.61",
            "revenue": 366319
        },
        "2020-02": {
            "month": "2020-02",
            "price": "10.38",
            "revenue": 440430
        },
        "2020-03": {
            "month": "2020-03",
            "price": "9.11",
            "revenue": 474988
        },
        "2020-04": {
            "month": "2020-04",
            "price": "9.18",
            "revenue": 441899
        },
        "2020-05": {
            "month": "2020-05",
            "price": "9.61",
            "revenue": 437315
        },
        "2020-06": {
            "month": "2020-06",
            "price": "10.22",
            "revenue": 408821
        },
        "2020-07": {
            "month": "2020-07",
            "price": "11.30",
            "revenue": 445881
        },
        "2020-08": {
            "month": "2020-08",
            "price": "11.40",
            "revenue": 459811
        },
        "2020-09": {
            "month": "2020-09",
            "price": "11.32",
            "revenue": 459608
        },
        "2020-10": {
            "month": "2020-10",
            "price": "10.98",
            "revenue": 488162
        },
        "2020-11": {
            "month": "2020-11",
            "price": "11.46",
            "revenue": 500825
        },
        "2020-12": {
            "month": "2020-12",
            "price": "13.98",
            "revenue": 533527
        },
        "2021-01": {
            "month": "2021-01",
            "price": "14.56",
            "revenue": 574950
        },
        "2021-02": {
            "month": "2021-02",
            "price": "15.00",
            "revenue": 492954
        },
        "2021-03": {
            "month": "2021-03",
            "price": "15.82",
            "revenue": 642876
        },
        "2021-04": {
            "month": "2021-04",
            "price": "18.44",
            "revenue": 651712
        },
        "2021-05": {
            "month": "2021-05",
            "price": "16.65",
            "revenue": 654970
        },
        "2021-06": {
            "month": "2021-06",
            "price": "18.81",
            "revenue": 687660
        },
        "2021-07": {
            "month": "2021-07",
            "price": "25.08",
            "revenue": 699171
        },
        "2021-08": {
            "month": "2021-08",
            "price": "28.09",
            "revenue": 713962
        },
        "2021-09": {
            "month": "2021-09",
            "price": "28.80",
            "revenue": 647968
        },
        "2021-10": {
            "month": "2021-10",
            "price": "25.12",
            "revenue": 664131
        },
        "2021-11": {
            "month": "2021-11",
            "price": "26.12",
            "revenue": 668860
        },
        "2021-12": {
            "month": "2021-12",
            "price": "26.69",
            "revenue": 634088
        },
        "2022-01": {
            "month": "2022-01",
            "price": "25.48",
            "revenue": 598978
        },
        "2022-02": {
            "month": "2022-02",
            "price": "24.60",
            "revenue": 520410
        },
        "2022-03": {
            "month": "2022-03",
            "price": "23.80",
            "revenue": 642923
        },
        "2022-04": {
            "month": "2022-04",
            "price": "22.82",
            "revenue": 583835
        },
        "2022-05": {
            "month": "2022-05",
            "price": "20.93",
            "revenue": 573044
        },
        "2022-06": {
            "month": "2022-06",
            "price": "19.00",
            "revenue": 492429
        },
        "2022-07": {
            "month": "2022-07",
            "price": "16.20",
            "revenue": 490820
        },
        "2022-08": {
            "month": "2022-08",
            "price": "15.98",
            "revenue": 453201
        },
        "2022-09": {
            "month": "2022-09",
            "price": "14.53",
            "revenue": 414198
        },
        "2022-10": {
            "month": "2022-10",
            "price": "12.84",
            "revenue": 383145
        },
        "2022-11": {
            "month": "2022-11",
            "price": "13.85",
            "revenue": 392298
        },
        "2022-12": {
            "month": "2022-12",
            "price": "13.76",
            "revenue": 461525
        },
        "2023-01": {
            "month": "2023-01",
            "price": "13.25",
            "revenue": 375026
        },
        "2023-02": {
            "month": "2023-02",
            "price": "15.01",
            "revenue": 412621
        },
        "2023-03": {
            "month": "2023-03",
            "price": "15.11",
            "revenue": 471752
        },
        "2023-04": {
            "month": "2023-04",
            "price": "14.97",
            "revenue": 468140
        }
    }
}
