{
    "summary": {
        "stock_name": "大同",
        "stock_id": "2371",
        "category": "電機機械",
        "main_business": "機電能源系統產品<br>消費產品",
        "website_url": "http://www.tatung.com.tw",
        "ceo": "沈柏延",
        "pe_ratio": 11,
        "report_year_from": 2001,
        "report_year_to": 2023,
        "age": 22,
        "eps_negative_percentage": 57,
        "eps_growth_avg": {
            "last_all": -50,
            "last_2y": 0,
            "last_4y": -33.33,
            "last_8y": -50,
            "last_12y": -60,
            "last_16y": -66.67,
            "last_20y": -50,
            "at_2006_last_3y": 0,
            "at_2007_last_3y": 0,
            "at_2008_last_3y": -100,
            "at_2009_last_3y": -100,
            "at_2010_last_3y": -100,
            "at_2011_last_3y": -100,
            "at_2012_last_3y": -100,
            "at_2013_last_3y": -100,
            "at_2014_last_3y": -100,
            "at_2015_last_3y": -100,
            "at_2016_last_3y": -100,
            "at_2017_last_3y": -100,
            "at_2018_last_3y": -100,
            "at_2019_last_3y": -100,
            "at_2020_last_3y": -100,
            "at_2021_last_3y": -100,
            "at_2022_last_3y": 0,
            "at_2023_last_3y": 0,
            "at_2006_last_all": 0,
            "at_2007_last_all": 0,
            "at_2008_last_all": -33.33,
            "at_2009_last_all": -33.33,
            "at_2010_last_all": -33.33,
            "at_2011_last_all": -33.33,
            "at_2012_last_all": -50,
            "at_2013_last_all": -50,
            "at_2014_last_all": -50,
            "at_2015_last_all": -60,
            "at_2016_last_all": -60,
            "at_2017_last_all": -60,
            "at_2018_last_all": -66.67,
            "at_2019_last_all": -66.67,
            "at_2020_last_all": -71.43,
            "at_2021_last_all": -71.43,
            "at_2022_last_all": -50,
            "at_2023_last_all": -50
        },
        "latest_eps": 4.07,
        "latest_price": 45.35,
        "latest_roe": 18.43,
        "latest_gross_margin": 19.34,
        "latest_equity": 66490651,
        "latest_revenue": 13240088,
        "latest_gross_profit": 2560423,
        "latest_net_income": 808875,
        "latest_debt_ratio": 50.86,
        "latest_current_ratio": 198.53,
        "latest_account_receivable_turnover_ratio": 2.07,
        "latest_inventory_turnover_ratio": 0.55,
        "latest_reinvestment_rate": -55.48,
        "latest_research_to_sale_ratio": 3.18
    },
    "eps_dividends": {
        "1989": {
            "cash": 0.35,
            "stock": 1.45,
            "eps": 0
        },
        "1991": {
            "cash": 0,
            "stock": 0.7,
            "eps": 0
        },
        "1993": {
            "cash": 0.5,
            "stock": 1.4,
            "eps": 0
        },
        "1994": {
            "cash": 0,
            "stock": 2.5,
            "eps": 0
        },
        "1995": {
            "cash": 0.8,
            "stock": 2.4,
            "eps": 0
        },
        "1996": {
            "cash": 0.8,
            "stock": 2.5,
            "eps": 0
        },
        "1997": {
            "cash": 1,
            "stock": 2,
            "eps": 0
        },
        "1998": {
            "cash": 0.5,
            "stock": 1.3,
            "eps": 0
        },
        "1999": {
            "cash": 0,
            "stock": 1,
            "eps": 0
        },
        "2000": {
            "cash": 0.4,
            "stock": 0.8,
            "eps": 0
        },
        "2001": {
            "cash": 0.2,
            "stock": 0.5,
            "eps": -2.06
        },
        "2002": {
            "cash": 0,
            "stock": 0,
            "eps": -1.29
        },
        "2003": {
            "cash": 0,
            "stock": 0,
            "eps": 0.03
        },
        "2004": {
            "cash": 0,
            "stock": 0,
            "eps": 1.12
        },
        "2005": {
            "cash": 0,
            "stock": 0,
            "eps": -1.49
        },
        "2006": {
            "cash": 0,
            "stock": 0,
            "eps": -1.99
        },
        "2007": {
            "cash": 0,
            "stock": 0,
            "eps": 0.82
        },
        "2008": {
            "cash": 0,
            "stock": 0,
            "eps": -1.52
        },
        "2009": {
            "cash": 0,
            "stock": 0,
            "eps": -2.17
        },
        "2010": {
            "cash": 0,
            "stock": 0,
            "eps": -1.17
        },
        "2011": {
            "cash": 0,
            "stock": 0,
            "eps": 0.11
        },
        "2012": {
            "cash": 0,
            "stock": 0,
            "eps": -1.58
        },
        "2013": {
            "cash": 0,
            "stock": 0,
            "eps": -0.7
        },
        "2014": {
            "cash": 0,
            "stock": 0,
            "eps": 0.16
        },
        "2015": {
            "cash": 0,
            "stock": 0,
            "eps": -1.35
        },
        "2016": {
            "cash": 0,
            "stock": 0,
            "eps": -1.03
        },
        "2017": {
            "cash": 0,
            "stock": 0,
            "eps": 0.03
        },
        "2018": {
            "cash": 0,
            "stock": 0,
            "eps": -4.71
        },
        "2019": {
            "cash": 0,
            "stock": 0,
            "eps": 1.23
        },
        "2020": {
            "cash": 0,
            "stock": 0,
            "eps": -0.46
        },
        "2021": {
            "cash": 0,
            "stock": 0,
            "eps": 1.57
        },
        "2022": {
            "cash": 0,
            "stock": 0,
            "eps": 4.01
        },
        "2023": {
            "cash": 0,
            "stock": 0,
            "eps": 0.45
        }
    },
    "dividends": {
        "1989-05-28": {
            "cash": 0.35,
            "stock": 1.45
        },
        "1991-06-02": {
            "cash": 0,
            "stock": 0.7
        },
        "1993-06-03": {
            "cash": 0.5,
            "stock": 1.4
        },
        "1994-06-28": {
            "cash": 0,
            "stock": 2.5
        },
        "1995-06-15": {
            "cash": 0.8,
            "stock": 2.4
        },
        "1996-06-06": {
            "cash": 0.8,
            "stock": 2.5
        },
        "1997-06-12": {
            "cash": 1,
            "stock": 2
        },
        "1998-06-19": {
            "cash": 0.5,
            "stock": 1.3
        },
        "1999-06-24": {
            "cash": 0,
            "stock": 1
        },
        "2000-06-15": {
            "cash": 0.4,
            "stock": 0.8
        },
        "2001-06-15": {
            "cash": 0.2,
            "stock": 0.5
        }
    },
    "prices": {
        "200101": "14.18",
        "200102": "14.45",
        "200103": "13.41",
        "200104": "13.09",
        "200105": "10.51",
        "200106": "10.19",
        "200107": "8.20",
        "200108": "7.54",
        "200109": "6.14",
        "200110": "5.44",
        "200111": "6.63",
        "200112": "8.55",
        "200201": "12.48",
        "200202": "12.07",
        "200203": "12.27",
        "200204": "15.08",
        "200205": "12.29",
        "200206": "10.42",
        "200207": "9.41",
        "200208": "8.17",
        "200209": "6.70",
        "200210": "7.20",
        "200211": "8.11",
        "200212": "7.70",
        "200301": "7.79",
        "200302": "7.09",
        "200303": "6.50",
        "200304": "6.54",
        "200305": "5.59",
        "200306": "6.59",
        "200307": "7.38",
        "200308": "8.66",
        "200309": "8.85",
        "200310": "8.72",
        "200311": "8.83",
        "200312": "8.63",
        "200401": "9.11",
        "200402": "11.58",
        "200403": "13.47",
        "200404": "14.09",
        "200405": "13.22",
        "200406": "13.09",
        "200407": "13.27",
        "200408": "13.44",
        "200409": "13.80",
        "200410": "12.81",
        "200411": "11.82",
        "200412": "11.65",
        "200501": "12.01",
        "200502": "11.75",
        "200503": "11.86",
        "200504": "10.10",
        "200505": "9.25",
        "200506": "10.12",
        "200507": "10.21",
        "200508": "11.07",
        "200509": "9.26",
        "200510": "8.39",
        "200511": "8.22",
        "200512": "8.85",
        "200601": "9.08",
        "200602": "8.25",
        "200603": "7.56",
        "200604": "8.56",
        "200605": "12.34",
        "200606": "13.10",
        "200607": "12.10",
        "200608": "10.93",
        "200609": "11.07",
        "200610": "12.01",
        "200611": "13.35",
        "200612": "15.30",
        "200701": "13.53",
        "200702": "14.18",
        "200703": "13.58",
        "200704": "14.53",
        "200705": "13.98",
        "200706": "14.33",
        "200707": "17.70",
        "200708": "15.48",
        "200709": "15.61",
        "200710": "17.34",
        "200711": "16.18",
        "200712": "15.66",
        "200801": "16.58",
        "200802": "17.76",
        "200803": "19.76",
        "200804": "19.03",
        "200805": "17.86",
        "200806": "14.60",
        "200807": "11.38",
        "200808": "11.26",
        "200809": "8.55",
        "200810": "6.11",
        "200811": "5.56",
        "200812": "5.97",
        "200901": "5.85",
        "200902": "5.62",
        "200903": "6.02",
        "200904": "8.17",
        "200905": "9.22",
        "200906": "8.42",
        "200907": "8.52",
        "200908": "7.71",
        "200909": "7.58",
        "200910": "7.55",
        "200911": "7.34",
        "200912": "7.61",
        "201001": "7.56",
        "201002": "6.69",
        "201003": "7.28",
        "201004": "7.40",
        "201005": "6.02",
        "201006": "5.83",
        "201007": "5.77",
        "201008": "5.75",
        "201009": "5.61",
        "201010": "7.43",
        "201011": "7.47",
        "201012": "7.59",
        "201101": "7.27",
        "201102": "6.48",
        "201103": "6.87",
        "201104": "14.74",
        "201105": "13.67",
        "201106": "12.76",
        "201107": "13.47",
        "201108": "13.94",
        "201109": "11.64",
        "201110": "10.96",
        "201111": "9.53",
        "201112": "7.74",
        "201201": "7.87",
        "201202": "9.52",
        "201203": "9.43",
        "201204": "8.10",
        "201205": "7.35",
        "201206": "6.25",
        "201207": "6.10",
        "201208": "6.09",
        "201209": "7.06",
        "201210": "7.33",
        "201211": "6.98",
        "201212": "7.26",
        "201301": "7.67",
        "201302": "8.03",
        "201303": "7.65",
        "201304": "7.24",
        "201305": "7.63",
        "201306": "7.78",
        "201307": "7.57",
        "201308": "7.37",
        "201309": "7.56",
        "201310": "8.09",
        "201311": "7.95",
        "201312": "8.13",
        "201401": "8.58",
        "201402": "9.42",
        "201403": "9.49",
        "201404": "9.38",
        "201405": "9.62",
        "201406": "9.64",
        "201407": "9.74",
        "201408": "9.66",
        "201409": "9.38",
        "201410": "8.67",
        "201411": "8.33",
        "201412": "8.55",
        "201501": "8.93",
        "201502": "8.71",
        "201503": "8.58",
        "201504": "8.25",
        "201505": "7.47",
        "201506": "6.97",
        "201507": "6.26",
        "201508": "5.46",
        "201509": "5.20",
        "201510": "5.80",
        "201511": "5.64",
        "201512": "5.37",
        "201601": "5.14",
        "201602": "5.18",
        "201603": "5.51",
        "201604": "5.16",
        "201605": "4.82",
        "201606": "4.96",
        "201607": "5.20",
        "201608": "5.42",
        "201609": "6.72",
        "201610": "7.81",
        "201611": "9.05",
        "201612": "9.37",
        "201701": "12.18",
        "201702": "17.06",
        "201703": "12.82",
        "201704": "11.35",
        "201705": "10.52",
        "201706": "12.82",
        "201707": "12.29",
        "201708": "12.37",
        "201709": "13.13",
        "201710": "13.24",
        "201711": "15.44",
        "201712": "18.32",
        "201801": "23.78",
        "201802": "24.14",
        "201803": "23.07",
        "201804": "23.41",
        "201805": "22.65",
        "201806": "25.35",
        "201807": "34.62",
        "201808": "37.53",
        "201809": "36.29",
        "201810": "37.49",
        "201811": "39.43",
        "201812": "32.66",
        "201901": "26.20",
        "201902": "26.15",
        "201903": "25.81",
        "201904": "25.66",
        "201905": "22.45",
        "201906": "20.16",
        "201907": "19.34",
        "201908": "18.15",
        "201909": "17.48",
        "201910": "17.14",
        "201911": "20.27",
        "201912": "21.08",
        "202001": "20.88",
        "202002": "21.35",
        "202003": "19.40",
        "202004": "22.01",
        "202005": "20.85",
        "202006": "21.32",
        "202007": "20.07",
        "202008": "16.10",
        "202009": "16.44",
        "202010": "19.23",
        "202011": "19.91",
        "202012": "24.68",
        "202101": "25.58",
        "202102": "26.37",
        "202103": "28.02",
        "202104": "26.90",
        "202105": "23.91",
        "202106": "24.73",
        "202107": "24.38",
        "202108": "27.23",
        "202109": "30.88",
        "202110": "34.08",
        "202111": "34.88",
        "202112": "32.55",
        "202201": "30.55",
        "202202": "30.93",
        "202203": "33.87",
        "202204": "34.40",
        "202205": "34.89",
        "202206": "35.02",
        "202207": "34.40",
        "202208": "34.20",
        "202209": "32.91",
        "202210": "32.08",
        "202211": "31.58",
        "202212": "33.87",
        "202301": "33.81",
        "202302": "33.92",
        "202303": "33.15",
        "202304": "33.01",
        "202305": "37.08",
        "202306": "46.10",
        "202307": "52.57",
        "202308": "50.65",
        "202309": "47.32"
    },
    "quarters": {
        "20011": {
            "year_quarter": 20011,
            "year": 2001,
            "quarter": 1,
            "eps": -0.09,
            "eps_growth_year": -117.31,
            "eps_4q": 0.32,
            "eps_4q_growth_year": -80.94,
            "roe": -0.6,
            "roe_4q": -0.6,
            "gross_profit": 786627,
            "gross_margin": 4.17,
            "gross_margin_4q_avg": 4.17,
            "net_income": -356928,
            "revenue": 18856184,
            "common_shares": 40000000,
            "book_valuer_per_share": 12.49,
            "book_valuer_per_share_4q_avg": 12.49,
            "equity": 49977527,
            "current_ratio": 109.71,
            "debt_ratio": 51.33,
            "inventory_turnover_ratio": 1.35,
            "account_receivable_turnover_ratio": null,
            "reinvestment_rate": null,
            "research_to_sale_ratio": null,
            "price_fair": 0,
            "eps_avg_yearly": 0,
            "eps_latest_yearly": 0,
            "eps_growth_yearly": 0
        },
        "20012": {
            "year_quarter": 20012,
            "year": 2001,
            "quarter": 2,
            "eps": -0.42,
            "eps_growth_year": -205,
            "eps_4q": -0.5,
            "eps_4q_growth_year": -135.98,
            "roe": -3.64,
            "roe_4q": -4.24,
            "gross_profit": 406516,
            "gross_margin": 2.59,
            "gross_margin_4q_avg": 3.38,
            "net_income": -1773352,
            "revenue": 15670630,
            "common_shares": 40000000,
            "book_valuer_per_share": 11.85,
            "book_valuer_per_share_4q_avg": 12.17,
            "equity": 47404164,
            "current_ratio": 91.14,
            "debt_ratio": 53.28,
            "inventory_turnover_ratio": 1.61,
            "account_receivable_turnover_ratio": null,
            "reinvestment_rate": null,
            "research_to_sale_ratio": null,
            "price_fair": 0,
            "eps_avg_yearly": 0,
            "eps_latest_yearly": 0,
            "eps_growth_yearly": 0
        },
        "20013": {
            "year_quarter": 20013,
            "year": 2001,
            "quarter": 3,
            "eps": -0.58,
            "eps_growth_year": -323.08,
            "eps_4q": -1.3,
            "eps_4q_growth_year": -218.41,
            "roe": -5.26,
            "roe_4q": -9.5,
            "gross_profit": 507886,
            "gross_margin": 3.12,
            "gross_margin_4q_avg": 3.29,
            "net_income": -2429775,
            "revenue": 16298944,
            "common_shares": 42100000,
            "book_valuer_per_share": 10.67,
            "book_valuer_per_share_4q_avg": 11.67,
            "equity": 44928376,
            "current_ratio": 101.51,
            "debt_ratio": 53.95,
            "inventory_turnover_ratio": 1.81,
            "account_receivable_turnover_ratio": null,
            "reinvestment_rate": null,
            "research_to_sale_ratio": null,
            "price_fair": 0,
            "eps_avg_yearly": 0,
            "eps_latest_yearly": 0,
            "eps_growth_yearly": 0
        },
        "20014": {
            "year_quarter": 20014,
            "year": 2001,
            "quarter": 4,
            "eps": -0.97,
            "eps_growth_year": null,
            "eps_4q": -1.62,
            "eps_4q_growth_year": -449.16,
            "roe": -7.97,
            "roe_4q": -17.470000000000002,
            "gross_profit": 653543,
            "gross_margin": 3.17,
            "gross_margin_4q_avg": 3.26,
            "net_income": -4089544,
            "revenue": 20618712,
            "common_shares": 42100000,
            "book_valuer_per_share": 9.67,
            "book_valuer_per_share_4q_avg": 11.17,
            "equity": 57753166,
            "current_ratio": 92.92,
            "debt_ratio": 68.24,
            "inventory_turnover_ratio": 1.74,
            "account_receivable_turnover_ratio": null,
            "reinvestment_rate": null,
            "research_to_sale_ratio": null,
            "price_fair": 0,
            "eps_avg_yearly": 0,
            "eps_latest_yearly": 0,
            "eps_growth_yearly": 0
        },
        "20021": {
            "year_quarter": 20021,
            "year": 2002,
            "quarter": 1,
            "eps": 0.19,
            "eps_growth_year": null,
            "eps_4q": -1.91,
            "eps_4q_growth_year": -704.43,
            "roe": 1.52,
            "roe_4q": -15.35,
            "gross_profit": 856009,
            "gross_margin": 4.87,
            "gross_margin_4q_avg": 3.44,
            "net_income": 751889,
            "revenue": 17590244,
            "common_shares": 42100000,
            "book_valuer_per_share": 9.82,
            "book_valuer_per_share_4q_avg": 10.5,
            "equity": 41330262,
            "current_ratio": 90.63,
            "debt_ratio": 56.46,
            "inventory_turnover_ratio": 1.47,
            "account_receivable_turnover_ratio": null,
            "reinvestment_rate": null,
            "research_to_sale_ratio": null,
            "price_fair": 0,
            "eps_avg_yearly": 0,
            "eps_latest_yearly": 0,
            "eps_growth_yearly": 0
        },
        "20022": {
            "year_quarter": 20022,
            "year": 2002,
            "quarter": 2,
            "eps": 0.07,
            "eps_growth_year": null,
            "eps_4q": -1.49,
            "eps_4q_growth_year": null,
            "roe": 0.62,
            "roe_4q": -11.09,
            "gross_profit": 450022,
            "gross_margin": 3.64,
            "gross_margin_4q_avg": 3.7,
            "net_income": 259228,
            "revenue": 12371321,
            "common_shares": 42100000,
            "book_valuer_per_share": 10.07,
            "book_valuer_per_share_4q_avg": 10.06,
            "equity": 42382004,
            "current_ratio": 82.84,
            "debt_ratio": 54.09,
            "inventory_turnover_ratio": 1.56,
            "account_receivable_turnover_ratio": null,
            "reinvestment_rate": null,
            "research_to_sale_ratio": null,
            "price_fair": 0.84,
            "eps_avg_yearly": 0.28,
            "eps_latest_yearly": 0.28,
            "eps_growth_yearly": -252.63
        },
        "20023": {
            "year_quarter": 20023,
            "year": 2002,
            "quarter": 3,
            "eps": -0.08,
            "eps_growth_year": null,
            "eps_4q": -0.81,
            "eps_4q_growth_year": null,
            "roe": -0.74,
            "roe_4q": -6.57,
            "gross_profit": 897854,
            "gross_margin": 6.43,
            "gross_margin_4q_avg": 4.53,
            "net_income": -311895,
            "revenue": 13968223,
            "common_shares": 42100000,
            "book_valuer_per_share": 10.03,
            "book_valuer_per_share_4q_avg": 9.9,
            "equity": 42206337,
            "current_ratio": 83.43,
            "debt_ratio": 56.12,
            "inventory_turnover_ratio": 1.5,
            "account_receivable_turnover_ratio": null,
            "reinvestment_rate": null,
            "research_to_sale_ratio": null,
            "price_fair": 0.84,
            "eps_avg_yearly": 0.28,
            "eps_latest_yearly": 0.28,
            "eps_growth_yearly": -252.63
        },
        "20024": {
            "year_quarter": 20024,
            "year": 2002,
            "quarter": 4,
            "eps": -1.47,
            "eps_growth_year": null,
            "eps_4q": -1.25,
            "eps_4q_growth_year": null,
            "roe": -13.94,
            "roe_4q": -12.540000000000001,
            "gross_profit": 1343792,
            "gross_margin": 5.9,
            "gross_margin_4q_avg": 5.21,
            "net_income": -5811630,
            "revenue": 22766050,
            "common_shares": 42100000,
            "book_valuer_per_share": 9.23,
            "book_valuer_per_share_4q_avg": 9.79,
            "equity": 41195974,
            "current_ratio": 86.85,
            "debt_ratio": 62.15,
            "inventory_turnover_ratio": 2.15,
            "account_receivable_turnover_ratio": null,
            "reinvestment_rate": null,
            "research_to_sale_ratio": null,
            "price_fair": 0.84,
            "eps_avg_yearly": 0.28,
            "eps_latest_yearly": 0.28,
            "eps_growth_yearly": -252.63
        },
        "20031": {
            "year_quarter": 20031,
            "year": 2003,
            "quarter": 1,
            "eps": -0.18,
            "eps_growth_year": -194.74,
            "eps_4q": -1.64,
            "eps_4q_growth_year": null,
            "roe": -1.83,
            "roe_4q": -15.889999999999999,
            "gross_profit": 1114803,
            "gross_margin": 5.89,
            "gross_margin_4q_avg": 5.47,
            "net_income": -725448,
            "revenue": 18912847,
            "common_shares": 42100000,
            "book_valuer_per_share": 9.06,
            "book_valuer_per_share_4q_avg": 9.6,
            "equity": 38132563,
            "current_ratio": 102.26,
            "debt_ratio": 59.83,
            "inventory_turnover_ratio": 1.68,
            "account_receivable_turnover_ratio": null,
            "reinvestment_rate": null,
            "research_to_sale_ratio": null,
            "price_fair": 0.84,
            "eps_avg_yearly": 0.28,
            "eps_latest_yearly": 0.28,
            "eps_growth_yearly": -252.63
        },
        "20032": {
            "year_quarter": 20032,
            "year": 2003,
            "quarter": 2,
            "eps": -0.2,
            "eps_growth_year": -385.71,
            "eps_4q": -1.82,
            "eps_4q_growth_year": null,
            "roe": -2.13,
            "roe_4q": -18.639999999999997,
            "gross_profit": 997749,
            "gross_margin": 5.78,
            "gross_margin_4q_avg": 6,
            "net_income": -794721,
            "revenue": 17255436,
            "common_shares": 42100000,
            "book_valuer_per_share": 8.68,
            "book_valuer_per_share_4q_avg": 9.25,
            "equity": 36524460,
            "current_ratio": 100.27,
            "debt_ratio": 60.86,
            "inventory_turnover_ratio": 1.46,
            "account_receivable_turnover_ratio": null,
            "reinvestment_rate": null,
            "research_to_sale_ratio": null,
            "price_fair": 0.84,
            "eps_avg_yearly": 0.28,
            "eps_latest_yearly": 0.28,
            "eps_growth_yearly": -252.63
        },
        "20033": {
            "year_quarter": 20033,
            "year": 2003,
            "quarter": 3,
            "eps": -0.05,
            "eps_growth_year": null,
            "eps_4q": -1.78,
            "eps_4q_growth_year": null,
            "roe": -0.49,
            "roe_4q": -18.39,
            "gross_profit": 946959,
            "gross_margin": 4.72,
            "gross_margin_4q_avg": 5.57,
            "net_income": -178053,
            "revenue": 20050212,
            "common_shares": 42100000,
            "book_valuer_per_share": 8.73,
            "book_valuer_per_share_4q_avg": 8.93,
            "equity": 36756566,
            "current_ratio": 96.47,
            "debt_ratio": 60.01,
            "inventory_turnover_ratio": 1.7,
            "account_receivable_turnover_ratio": null,
            "reinvestment_rate": null,
            "research_to_sale_ratio": null,
            "price_fair": 0.84,
            "eps_avg_yearly": 0.28,
            "eps_latest_yearly": 0.28,
            "eps_growth_yearly": -252.63
        },
        "20034": {
            "year_quarter": 20034,
            "year": 2003,
            "quarter": 4,
            "eps": 0.46,
            "eps_growth_year": null,
            "eps_4q": 0.03,
            "eps_4q_growth_year": null,
            "roe": 4.38,
            "roe_4q": -0.07000000000000028,
            "gross_profit": 1616690,
            "gross_margin": 5.89,
            "gross_margin_4q_avg": 5.57,
            "net_income": 1834320,
            "revenue": 27425635,
            "common_shares": 41981420,
            "book_valuer_per_share": 10.72,
            "book_valuer_per_share_4q_avg": 9.3,
            "equity": 46968585,
            "current_ratio": 100.66,
            "debt_ratio": 57.71,
            "inventory_turnover_ratio": 2.03,
            "account_receivable_turnover_ratio": null,
            "reinvestment_rate": null,
            "research_to_sale_ratio": null,
            "price_fair": 0.84,
            "eps_avg_yearly": 0.28,
            "eps_latest_yearly": 0.28,
            "eps_growth_yearly": -252.63
        },
        "20041": {
            "year_quarter": 20041,
            "year": 2004,
            "quarter": 1,
            "eps": 1.14,
            "eps_growth_year": null,
            "eps_4q": 1.35,
            "eps_4q_growth_year": null,
            "roe": 9.86,
            "roe_4q": 11.619999999999997,
            "gross_profit": 1245771,
            "gross_margin": 4.9,
            "gross_margin_4q_avg": 5.32,
            "net_income": 4748755,
            "revenue": 25398275,
            "common_shares": 41981420,
            "book_valuer_per_share": 11.76,
            "book_valuer_per_share_4q_avg": 9.97,
            "equity": 49349230,
            "current_ratio": 117.7,
            "debt_ratio": 48.41,
            "inventory_turnover_ratio": 1.9,
            "account_receivable_turnover_ratio": null,
            "reinvestment_rate": null,
            "research_to_sale_ratio": null,
            "price_fair": 84.7,
            "eps_avg_yearly": 2.42,
            "eps_latest_yearly": 4.56,
            "eps_growth_yearly": 169.34
        },
        "20042": {
            "year_quarter": 20042,
            "year": 2004,
            "quarter": 2,
            "eps": 0.51,
            "eps_growth_year": null,
            "eps_4q": 2.05,
            "eps_4q_growth_year": null,
            "roe": 4.19,
            "roe_4q": 17.94,
            "gross_profit": 1562772,
            "gross_margin": 6.12,
            "gross_margin_4q_avg": 5.41,
            "net_income": 2121047,
            "revenue": 25535299,
            "common_shares": 41981420,
            "book_valuer_per_share": 12.34,
            "book_valuer_per_share_4q_avg": 10.89,
            "equity": 51802039,
            "current_ratio": 110.43,
            "debt_ratio": 49.47,
            "inventory_turnover_ratio": 1.97,
            "account_receivable_turnover_ratio": null,
            "reinvestment_rate": null,
            "research_to_sale_ratio": null,
            "price_fair": 80.27,
            "eps_avg_yearly": 2.29,
            "eps_latest_yearly": 2.04,
            "eps_growth_yearly": 39.21
        },
        "20043": {
            "year_quarter": 20043,
            "year": 2004,
            "quarter": 3,
            "eps": 0.11,
            "eps_growth_year": null,
            "eps_4q": 2.15,
            "eps_4q_growth_year": null,
            "roe": 0.9,
            "roe_4q": 19.33,
            "gross_profit": 1246093,
            "gross_margin": 5.63,
            "gross_margin_4q_avg": 5.64,
            "net_income": 468607,
            "revenue": 22137525,
            "common_shares": 41981420,
            "book_valuer_per_share": 12.6,
            "book_valuer_per_share_4q_avg": 11.86,
            "equity": 52891607,
            "current_ratio": 108.47,
            "debt_ratio": 47.64,
            "inventory_turnover_ratio": 1.58,
            "account_receivable_turnover_ratio": null,
            "reinvestment_rate": null,
            "research_to_sale_ratio": null,
            "price_fair": 5.49,
            "eps_avg_yearly": 1.83,
            "eps_latest_yearly": 0.44,
            "eps_growth_yearly": -49.03
        },
        "20044": {
            "year_quarter": 20044,
            "year": 2004,
            "quarter": 4,
            "eps": -0.64,
            "eps_growth_year": -239.13,
            "eps_4q": 1.05,
            "eps_4q_growth_year": 2989.92,
            "roe": -5.03,
            "roe_4q": 9.92,
            "gross_profit": 690357,
            "gross_margin": 3.16,
            "gross_margin_4q_avg": 4.95,
            "net_income": -2671315,
            "revenue": 21820410,
            "common_shares": 41981420,
            "book_valuer_per_share": 12.14,
            "book_valuer_per_share_4q_avg": 12.21,
            "equity": 53353623,
            "current_ratio": 99.62,
            "debt_ratio": 51.82,
            "inventory_turnover_ratio": 1.79,
            "account_receivable_turnover_ratio": null,
            "reinvestment_rate": null,
            "research_to_sale_ratio": null,
            "price_fair": 5.49,
            "eps_avg_yearly": 1.83,
            "eps_latest_yearly": 0.44,
            "eps_growth_yearly": -49.03
        },
        "20051": {
            "year_quarter": 20051,
            "year": 2005,
            "quarter": 1,
            "eps": -0.51,
            "eps_growth_year": -144.74,
            "eps_4q": -0.53,
            "eps_4q_growth_year": -139.34,
            "roe": -4.14,
            "roe_4q": -4.079999999999999,
            "gross_profit": 366851,
            "gross_margin": 2.39,
            "gross_margin_4q_avg": 4.33,
            "net_income": -2100316,
            "revenue": 15369159,
            "common_shares": 41981420,
            "book_valuer_per_share": 11.43,
            "book_valuer_per_share_4q_avg": 12.13,
            "equity": 47994927,
            "current_ratio": 113.73,
            "debt_ratio": 46.46,
            "inventory_turnover_ratio": 1.55,
            "account_receivable_turnover_ratio": null,
            "reinvestment_rate": null,
            "research_to_sale_ratio": null,
            "price_fair": 5.49,
            "eps_avg_yearly": 1.83,
            "eps_latest_yearly": 0.44,
            "eps_growth_yearly": -49.03
        },
        "20052": {
            "year_quarter": 20052,
            "year": 2005,
            "quarter": 2,
            "eps": -0.39,
            "eps_growth_year": -176.47,
            "eps_4q": -1.41,
            "eps_4q_growth_year": -168.64,
            "roe": -3.41,
            "roe_4q": -11.68,
            "gross_profit": 810452,
            "gross_margin": 4.35,
            "gross_margin_4q_avg": 3.88,
            "net_income": -1604514,
            "revenue": 18640552,
            "common_shares": 41981420,
            "book_valuer_per_share": 10.98,
            "book_valuer_per_share_4q_avg": 11.79,
            "equity": 46103853,
            "current_ratio": 136.28,
            "debt_ratio": 48.62,
            "inventory_turnover_ratio": 1.85,
            "account_receivable_turnover_ratio": null,
            "reinvestment_rate": null,
            "research_to_sale_ratio": null,
            "price_fair": 5.49,
            "eps_avg_yearly": 1.83,
            "eps_latest_yearly": 0.44,
            "eps_growth_yearly": -49.03
        },
        "20053": {
            "year_quarter": 20053,
            "year": 2005,
            "quarter": 3,
            "eps": -0.12,
            "eps_growth_year": -209.09,
            "eps_4q": -1.64,
            "eps_4q_growth_year": -176.17,
            "roe": -1.11,
            "roe_4q": -13.690000000000001,
            "gross_profit": 1206904,
            "gross_margin": 6.07,
            "gross_margin_4q_avg": 3.99,
            "net_income": -509139,
            "revenue": 19890880,
            "common_shares": 41981420,
            "book_valuer_per_share": 10.86,
            "book_valuer_per_share_4q_avg": 11.35,
            "equity": 45579947,
            "current_ratio": 125.77,
            "debt_ratio": 49.73,
            "inventory_turnover_ratio": 1.84,
            "account_receivable_turnover_ratio": null,
            "reinvestment_rate": null,
            "research_to_sale_ratio": null,
            "price_fair": 5.49,
            "eps_avg_yearly": 1.83,
            "eps_latest_yearly": 0.44,
            "eps_growth_yearly": -49.03
        },
        "20054": {
            "year_quarter": 20054,
            "year": 2005,
            "quarter": 4,
            "eps": -0.47,
            "eps_growth_year": null,
            "eps_4q": -0.84,
            "eps_4q_growth_year": -179.87,
            "roe": -2.43,
            "roe_4q": -11.09,
            "gross_profit": 444786,
            "gross_margin": 2.08,
            "gross_margin_4q_avg": 3.72,
            "net_income": -1917956,
            "revenue": 21390778,
            "common_shares": 41981446,
            "book_valuer_per_share": 10.63,
            "book_valuer_per_share_4q_avg": 10.98,
            "equity": 112222767,
            "current_ratio": 112.19,
            "debt_ratio": 65.89,
            "inventory_turnover_ratio": 0.98,
            "account_receivable_turnover_ratio": null,
            "reinvestment_rate": null,
            "research_to_sale_ratio": null,
            "price_fair": 5.49,
            "eps_avg_yearly": 1.83,
            "eps_latest_yearly": 0.44,
            "eps_growth_yearly": -49.03
        },
        "20061": {
            "year_quarter": 20061,
            "year": 2006,
            "quarter": 1,
            "eps": -0.01,
            "eps_growth_year": null,
            "eps_4q": -1.34,
            "eps_4q_growth_year": null,
            "roe": -0.04,
            "roe_4q": -6.99,
            "gross_profit": 528343,
            "gross_margin": 6.14,
            "gross_margin_4q_avg": 4.66,
            "net_income": -30384,
            "revenue": 8610357,
            "common_shares": 41982046,
            "book_valuer_per_share": 10.64,
            "book_valuer_per_share_4q_avg": 10.78,
            "equity": 44666067,
            "current_ratio": 95.6,
            "debt_ratio": 46.97,
            "inventory_turnover_ratio": 0.43,
            "account_receivable_turnover_ratio": null,
            "reinvestment_rate": null,
            "research_to_sale_ratio": null,
            "price_fair": 5.49,
            "eps_avg_yearly": 1.83,
            "eps_latest_yearly": 0.44,
            "eps_growth_yearly": -49.03
        },
        "20062": {
            "year_quarter": 20062,
            "year": 2006,
            "quarter": 2,
            "eps": -0.55,
            "eps_growth_year": null,
            "eps_4q": -1.12,
            "eps_4q_growth_year": null,
            "roe": -5.16,
            "roe_4q": -8.74,
            "gross_profit": 575193,
            "gross_margin": 6.85,
            "gross_margin_4q_avg": 5.29,
            "net_income": -2247501,
            "revenue": 8398751,
            "common_shares": 42094209,
            "book_valuer_per_share": 10.08,
            "book_valuer_per_share_4q_avg": 10.55,
            "equity": 42417448,
            "current_ratio": 105.85,
            "debt_ratio": 50.33,
            "inventory_turnover_ratio": 1.64,
            "account_receivable_turnover_ratio": null,
            "reinvestment_rate": null,
            "research_to_sale_ratio": null,
            "price_fair": 67.68,
            "eps_avg_yearly": 2.35,
            "eps_latest_yearly": 0.44,
            "eps_growth_yearly": 18.84
        },
        "20063": {
            "year_quarter": 20063,
            "year": 2006,
            "quarter": 3,
            "eps": -0.33,
            "eps_growth_year": null,
            "eps_4q": -1.32,
            "eps_4q_growth_year": null,
            "roe": -3.26,
            "roe_4q": -10.889999999999999,
            "gross_profit": 572307,
            "gross_margin": 7.05,
            "gross_margin_4q_avg": 5.53,
            "net_income": -1361893,
            "revenue": 8119790,
            "common_shares": 42094209,
            "book_valuer_per_share": 9.76,
            "book_valuer_per_share_4q_avg": 10.28,
            "equity": 41082228,
            "current_ratio": 100.75,
            "debt_ratio": 50.55,
            "inventory_turnover_ratio": 1.58,
            "account_receivable_turnover_ratio": null,
            "reinvestment_rate": null,
            "research_to_sale_ratio": null,
            "price_fair": 67.68,
            "eps_avg_yearly": 2.35,
            "eps_latest_yearly": 0.44,
            "eps_growth_yearly": 18.84
        },
        "20064": {
            "year_quarter": 20064,
            "year": 2006,
            "quarter": 4,
            "eps": -1.1,
            "eps_growth_year": null,
            "eps_4q": -0.93,
            "eps_4q_growth_year": null,
            "roe": -6.59,
            "roe_4q": -15.049999999999999,
            "gross_profit": 375010,
            "gross_margin": 3.93,
            "gross_margin_4q_avg": 5.99,
            "net_income": -4540186,
            "revenue": 9550540,
            "common_shares": 43487072,
            "book_valuer_per_share": 8.86,
            "book_valuer_per_share_4q_avg": 9.84,
            "equity": 96699170,
            "current_ratio": 95.95,
            "debt_ratio": 70.31,
            "inventory_turnover_ratio": 0.47,
            "account_receivable_turnover_ratio": null,
            "reinvestment_rate": null,
            "research_to_sale_ratio": null,
            "price_fair": 67.68,
            "eps_avg_yearly": 2.35,
            "eps_latest_yearly": 0.44,
            "eps_growth_yearly": 18.84
        },
        "20071": {
            "year_quarter": 20071,
            "year": 2007,
            "quarter": 1,
            "eps": 0.23,
            "eps_growth_year": null,
            "eps_4q": -1.66,
            "eps_4q_growth_year": null,
            "roe": 1.44,
            "roe_4q": -13.57,
            "gross_profit": 436383,
            "gross_margin": 4.65,
            "gross_margin_4q_avg": 5.62,
            "net_income": 990192,
            "revenue": 9383333,
            "common_shares": 44274879,
            "book_valuer_per_share": 9.26,
            "book_valuer_per_share_4q_avg": 9.49,
            "equity": 40987765,
            "current_ratio": 95.3,
            "debt_ratio": 51.8,
            "inventory_turnover_ratio": 0.45,
            "account_receivable_turnover_ratio": null,
            "reinvestment_rate": null,
            "research_to_sale_ratio": null,
            "price_fair": 67.68,
            "eps_avg_yearly": 2.35,
            "eps_latest_yearly": 0.44,
            "eps_growth_yearly": 18.84
        },
        "20072": {
            "year_quarter": 20072,
            "year": 2007,
            "quarter": 2,
            "eps": 0.19,
            "eps_growth_year": null,
            "eps_4q": -0.93,
            "eps_4q_growth_year": null,
            "roe": 2,
            "roe_4q": -6.41,
            "gross_profit": 644950,
            "gross_margin": 6.41,
            "gross_margin_4q_avg": 5.51,
            "net_income": 835768,
            "revenue": 10063712,
            "common_shares": 44298244,
            "book_valuer_per_share": 9.62,
            "book_valuer_per_share_4q_avg": 9.38,
            "equity": 42620976,
            "current_ratio": 94.13,
            "debt_ratio": 50.27,
            "inventory_turnover_ratio": 1.86,
            "account_receivable_turnover_ratio": null,
            "reinvestment_rate": null,
            "research_to_sale_ratio": null,
            "price_fair": 5.85,
            "eps_avg_yearly": 1.95,
            "eps_latest_yearly": 0.76,
            "eps_growth_yearly": -3.26
        },
        "20073": {
            "year_quarter": 20073,
            "year": 2007,
            "quarter": 3,
            "eps": 0.39,
            "eps_growth_year": null,
            "eps_4q": -0.24,
            "eps_4q_growth_year": null,
            "roe": 3.86,
            "roe_4q": 0.7099999999999991,
            "gross_profit": 715081,
            "gross_margin": 6.4,
            "gross_margin_4q_avg": 5.35,
            "net_income": 1686363,
            "revenue": 11168657,
            "common_shares": 44298244,
            "book_valuer_per_share": 10.1,
            "book_valuer_per_share_4q_avg": 9.46,
            "equity": 44753097,
            "current_ratio": 97.97,
            "debt_ratio": 51.18,
            "inventory_turnover_ratio": 2.14,
            "account_receivable_turnover_ratio": null,
            "reinvestment_rate": null,
            "research_to_sale_ratio": null,
            "price_fair": 65.52,
            "eps_avg_yearly": 1.87,
            "eps_latest_yearly": 1.56,
            "eps_growth_yearly": 81.6
        },
        "20074": {
            "year_quarter": 20074,
            "year": 2007,
            "quarter": 4,
            "eps": 0.01,
            "eps_growth_year": null,
            "eps_4q": 0.28,
            "eps_4q_growth_year": null,
            "roe": 0.08,
            "roe_4q": 7.379999999999999,
            "gross_profit": 695464,
            "gross_margin": 5.58,
            "gross_margin_4q_avg": 5.76,
            "net_income": 64305,
            "revenue": 12456435,
            "common_shares": 44877758,
            "book_valuer_per_share": 9.86,
            "book_valuer_per_share_4q_avg": 9.71,
            "equity": 121934989,
            "current_ratio": 106.61,
            "debt_ratio": 62.43,
            "inventory_turnover_ratio": 0.74,
            "account_receivable_turnover_ratio": null,
            "reinvestment_rate": null,
            "research_to_sale_ratio": null,
            "price_fair": 20.44,
            "eps_avg_yearly": 1.57,
            "eps_latest_yearly": 0.04,
            "eps_growth_yearly": 3.05
        },
        "20081": {
            "year_quarter": 20081,
            "year": 2008,
            "quarter": 1,
            "eps": 0.21,
            "eps_growth_year": -8.7,
            "eps_4q": 0.15,
            "eps_4q_growth_year": null,
            "roe": 3.95,
            "roe_4q": 9.89,
            "gross_profit": 10175326,
            "gross_margin": 17.25,
            "gross_margin_4q_avg": 8.91,
            "net_income": 4909328,
            "revenue": 59002362,
            "common_shares": 44877758,
            "book_valuer_per_share": 10.1,
            "book_valuer_per_share_4q_avg": 9.92,
            "equity": 126393036,
            "current_ratio": 117.31,
            "debt_ratio": 62.15,
            "inventory_turnover_ratio": 1.62,
            "account_receivable_turnover_ratio": null,
            "reinvestment_rate": null,
            "research_to_sale_ratio": null,
            "price_fair": 33.13,
            "eps_avg_yearly": 0.95,
            "eps_latest_yearly": 0.84,
            "eps_growth_yearly": 1237.83
        },
        "20082": {
            "year_quarter": 20082,
            "year": 2008,
            "quarter": 2,
            "eps": 0.16,
            "eps_growth_year": -15.79,
            "eps_4q": 0.34,
            "eps_4q_growth_year": null,
            "roe": 1.29,
            "roe_4q": 9.18,
            "gross_profit": 7780303,
            "gross_margin": 14.3,
            "gross_margin_4q_avg": 10.88,
            "net_income": 1617864,
            "revenue": 54417862,
            "common_shares": 45471886,
            "book_valuer_per_share": 9.96,
            "book_valuer_per_share_4q_avg": 10.01,
            "equity": 124348479,
            "current_ratio": 113.11,
            "debt_ratio": 61.6,
            "inventory_turnover_ratio": 1.32,
            "account_receivable_turnover_ratio": null,
            "reinvestment_rate": null,
            "research_to_sale_ratio": null,
            "price_fair": 24.97,
            "eps_avg_yearly": 0.71,
            "eps_latest_yearly": 0.64,
            "eps_growth_yearly": 1258.8
        },
        "20083": {
            "year_quarter": 20083,
            "year": 2008,
            "quarter": 3,
            "eps": -0.27,
            "eps_growth_year": -169.23,
            "eps_4q": 0.11,
            "eps_4q_growth_year": null,
            "roe": -4.89,
            "roe_4q": 0.43000000000000055,
            "gross_profit": -193586,
            "gross_margin": -0.39,
            "gross_margin_4q_avg": 9.19,
            "net_income": -5942599,
            "revenue": 49329338,
            "common_shares": 45471886,
            "book_valuer_per_share": 9.77,
            "book_valuer_per_share_4q_avg": 9.92,
            "equity": 118928399,
            "current_ratio": 96.31,
            "debt_ratio": 61,
            "inventory_turnover_ratio": 1.41,
            "account_receivable_turnover_ratio": null,
            "reinvestment_rate": null,
            "research_to_sale_ratio": null,
            "price_fair": 26.88,
            "eps_avg_yearly": 0.77,
            "eps_latest_yearly": 0.64,
            "eps_growth_yearly": 1573.3
        },
        "20084": {
            "year_quarter": 20084,
            "year": 2008,
            "quarter": 4,
            "eps": -1.62,
            "eps_growth_year": -16300,
            "eps_4q": -0.58,
            "eps_4q_growth_year": -311.11,
            "roe": -16.72,
            "roe_4q": -16.37,
            "gross_profit": -6931628,
            "gross_margin": -28.3,
            "gross_margin_4q_avg": 0.72,
            "net_income": -18554482,
            "revenue": 24497160,
            "common_shares": 45495276,
            "book_valuer_per_share": 8.18,
            "book_valuer_per_share_4q_avg": 9.5,
            "equity": 102961684,
            "current_ratio": 85.49,
            "debt_ratio": 63.78,
            "inventory_turnover_ratio": 1.05,
            "account_receivable_turnover_ratio": 2.02,
            "reinvestment_rate": null,
            "research_to_sale_ratio": null,
            "price_fair": 26.88,
            "eps_avg_yearly": 0.77,
            "eps_latest_yearly": 0.64,
            "eps_growth_yearly": 1573.3
        },
        "20091": {
            "year_quarter": 20091,
            "year": 2009,
            "quarter": 1,
            "eps": -0.66,
            "eps_growth_year": -414.29,
            "eps_4q": -2.36,
            "eps_4q_growth_year": -1662.76,
            "roe": -12.16,
            "roe_4q": -32.48,
            "gross_profit": -5770238,
            "gross_margin": -24.69,
            "gross_margin_4q_avg": -9.77,
            "net_income": -11867642,
            "revenue": 23368462,
            "common_shares": 45495276,
            "book_valuer_per_share": 7.58,
            "book_valuer_per_share_4q_avg": 8.87,
            "equity": 92168639,
            "current_ratio": 77.65,
            "debt_ratio": 65.73,
            "inventory_turnover_ratio": 1.15,
            "account_receivable_turnover_ratio": 1.06,
            "reinvestment_rate": null,
            "research_to_sale_ratio": null,
            "price_fair": 26.88,
            "eps_avg_yearly": 0.77,
            "eps_latest_yearly": 0.64,
            "eps_growth_yearly": 1573.3
        },
        "20092": {
            "year_quarter": 20092,
            "year": 2009,
            "quarter": 2,
            "eps": -0.56,
            "eps_growth_year": -450,
            "eps_4q": -3.06,
            "eps_4q_growth_year": -1011.87,
            "roe": -10.91,
            "roe_4q": -44.68,
            "gross_profit": -3950806,
            "gross_margin": -14.81,
            "gross_margin_4q_avg": -17.05,
            "net_income": -9460020,
            "revenue": 26675341,
            "common_shares": 45502954,
            "book_valuer_per_share": 6.98,
            "book_valuer_per_share_4q_avg": 8.13,
            "equity": 81174281,
            "current_ratio": 76.95,
            "debt_ratio": 68.42,
            "inventory_turnover_ratio": 1.33,
            "account_receivable_turnover_ratio": 1.43,
            "reinvestment_rate": null,
            "research_to_sale_ratio": null,
            "price_fair": 26.88,
            "eps_avg_yearly": 0.77,
            "eps_latest_yearly": 0.64,
            "eps_growth_yearly": 1573.3
        },
        "20093": {
            "year_quarter": 20093,
            "year": 2009,
            "quarter": 3,
            "eps": 0,
            "eps_growth_year": null,
            "eps_4q": -2.79,
            "eps_4q_growth_year": -2746.75,
            "roe": -4.14,
            "roe_4q": -43.93,
            "gross_profit": 749992,
            "gross_margin": 2.13,
            "gross_margin_4q_avg": -16.42,
            "net_income": -3539812,
            "revenue": 35204366,
            "common_shares": 45502954,
            "book_valuer_per_share": 6.98,
            "book_valuer_per_share_4q_avg": 7.43,
            "equity": 89820554,
            "current_ratio": 85.75,
            "debt_ratio": 65.65,
            "inventory_turnover_ratio": 1.55,
            "account_receivable_turnover_ratio": 1.81,
            "reinvestment_rate": null,
            "research_to_sale_ratio": null,
            "price_fair": 26.88,
            "eps_avg_yearly": 0.77,
            "eps_latest_yearly": 0.64,
            "eps_growth_yearly": 1573.3
        },
        "20094": {
            "year_quarter": 20094,
            "year": 2009,
            "quarter": 4,
            "eps": -0.95,
            "eps_growth_year": null,
            "eps_4q": -1.89,
            "eps_4q_growth_year": null,
            "roe": -17.66,
            "roe_4q": -44.870000000000005,
            "gross_profit": -2691164,
            "gross_margin": -8.04,
            "gross_margin_4q_avg": -11.35,
            "net_income": -15882107,
            "revenue": 33484492,
            "common_shares": 55516699,
            "book_valuer_per_share": 6.26,
            "book_valuer_per_share_4q_avg": 6.95,
            "equity": 90028188,
            "current_ratio": 88.51,
            "debt_ratio": 64.45,
            "inventory_turnover_ratio": 1.61,
            "account_receivable_turnover_ratio": 3.52,
            "reinvestment_rate": null,
            "research_to_sale_ratio": null,
            "price_fair": 26.88,
            "eps_avg_yearly": 0.77,
            "eps_latest_yearly": 0.64,
            "eps_growth_yearly": 1573.3
        },
        "20101": {
            "year_quarter": 20101,
            "year": 2010,
            "quarter": 1,
            "eps": -0.54,
            "eps_growth_year": null,
            "eps_4q": -1.37,
            "eps_4q_growth_year": null,
            "roe": -3.23,
            "roe_4q": -35.94,
            "gross_profit": 1278649,
            "gross_margin": 3.31,
            "gross_margin_4q_avg": -4.35,
            "net_income": -2947579,
            "revenue": 38598234,
            "common_shares": 55517314,
            "book_valuer_per_share": 6.2,
            "book_valuer_per_share_4q_avg": 6.61,
            "equity": 92741793,
            "current_ratio": 90.16,
            "debt_ratio": 63.98,
            "inventory_turnover_ratio": 1.56,
            "account_receivable_turnover_ratio": 1.96,
            "reinvestment_rate": null,
            "research_to_sale_ratio": 3.64,
            "price_fair": 26.88,
            "eps_avg_yearly": 0.77,
            "eps_latest_yearly": 0.64,
            "eps_growth_yearly": 1573.3
        },
        "20102": {
            "year_quarter": 20102,
            "year": 2010,
            "quarter": 2,
            "eps": -0.1,
            "eps_growth_year": null,
            "eps_4q": -0.99,
            "eps_4q_growth_year": null,
            "roe": -0.2,
            "roe_4q": -25.23,
            "gross_profit": 5067353,
            "gross_margin": 11.9,
            "gross_margin_4q_avg": 2.33,
            "net_income": -185040,
            "revenue": 42592451,
            "common_shares": 55520694,
            "book_valuer_per_share": 6.14,
            "book_valuer_per_share_4q_avg": 6.4,
            "equity": 92432039,
            "current_ratio": 103.39,
            "debt_ratio": 64.08,
            "inventory_turnover_ratio": 1.44,
            "account_receivable_turnover_ratio": 1.82,
            "reinvestment_rate": null,
            "research_to_sale_ratio": 3.3,
            "price_fair": 26.88,
            "eps_avg_yearly": 0.77,
            "eps_latest_yearly": 0.64,
            "eps_growth_yearly": 1573.3
        },
        "20103": {
            "year_quarter": 20103,
            "year": 2010,
            "quarter": 3,
            "eps": -0.17,
            "eps_growth_year": null,
            "eps_4q": -1.16,
            "eps_4q_growth_year": null,
            "roe": -4.65,
            "roe_4q": -25.740000000000002,
            "gross_profit": 384525,
            "gross_margin": 0.88,
            "gross_margin_4q_avg": 2.01,
            "net_income": -4263574,
            "revenue": 43767638,
            "common_shares": 55521094,
            "book_valuer_per_share": 5.98,
            "book_valuer_per_share_4q_avg": 6.15,
            "equity": 90833121,
            "current_ratio": 101.73,
            "debt_ratio": 64.3,
            "inventory_turnover_ratio": 1.63,
            "account_receivable_turnover_ratio": 1.71,
            "reinvestment_rate": null,
            "research_to_sale_ratio": 3.11,
            "price_fair": 26.88,
            "eps_avg_yearly": 0.77,
            "eps_latest_yearly": 0.64,
            "eps_growth_yearly": 1573.3
        },
        "20104": {
            "year_quarter": 20104,
            "year": 2010,
            "quarter": 4,
            "eps": -0.36,
            "eps_growth_year": null,
            "eps_4q": -0.66,
            "eps_4q_growth_year": null,
            "roe": -9.37,
            "roe_4q": -17.45,
            "gross_profit": -1405809,
            "gross_margin": -4.27,
            "gross_margin_4q_avg": 2.96,
            "net_income": -8106473,
            "revenue": 32953067,
            "common_shares": 55521094,
            "book_valuer_per_share": 5.89,
            "book_valuer_per_share_4q_avg": 6.05,
            "equity": 82184867,
            "current_ratio": 97.32,
            "debt_ratio": 65.48,
            "inventory_turnover_ratio": 1.32,
            "account_receivable_turnover_ratio": 1.51,
            "reinvestment_rate": null,
            "research_to_sale_ratio": 7.43,
            "price_fair": 26.88,
            "eps_avg_yearly": 0.77,
            "eps_latest_yearly": 0.64,
            "eps_growth_yearly": 1573.3
        },
        "20111": {
            "year_quarter": 20111,
            "year": 2011,
            "quarter": 1,
            "eps": -0.65,
            "eps_growth_year": null,
            "eps_4q": -1.63,
            "eps_4q_growth_year": null,
            "roe": -1.84,
            "roe_4q": -16.06,
            "gross_profit": 2291732,
            "gross_margin": 5.75,
            "gross_margin_4q_avg": 3.57,
            "net_income": -1521281,
            "revenue": 39838714,
            "common_shares": 23395367,
            "book_valuer_per_share": 13.97,
            "book_valuer_per_share_4q_avg": 8,
            "equity": 83472462,
            "current_ratio": 102.64,
            "debt_ratio": 65.55,
            "inventory_turnover_ratio": 1.43,
            "account_receivable_turnover_ratio": 1.99,
            "reinvestment_rate": null,
            "research_to_sale_ratio": 3.59,
            "price_fair": 26.88,
            "eps_avg_yearly": 0.77,
            "eps_latest_yearly": 0.64,
            "eps_growth_yearly": 1573.3
        },
        "20112": {
            "year_quarter": 20112,
            "year": 2011,
            "quarter": 2,
            "eps": -0.47,
            "eps_growth_year": null,
            "eps_4q": -1.86,
            "eps_4q_growth_year": null,
            "roe": -4.66,
            "roe_4q": -20.52,
            "gross_profit": 827307,
            "gross_margin": 2.45,
            "gross_margin_4q_avg": 1.2,
            "net_income": -3788115,
            "revenue": 33769165,
            "common_shares": 23395367,
            "book_valuer_per_share": 13.51,
            "book_valuer_per_share_4q_avg": 9.84,
            "equity": 79155126,
            "current_ratio": 96.78,
            "debt_ratio": 66.51,
            "inventory_turnover_ratio": 1.18,
            "account_receivable_turnover_ratio": 1.62,
            "reinvestment_rate": null,
            "research_to_sale_ratio": 4.31,
            "price_fair": 26.95,
            "eps_avg_yearly": 0.77,
            "eps_latest_yearly": 0.64,
            "eps_growth_yearly": 1984.02
        },
        "20113": {
            "year_quarter": 20113,
            "year": 2011,
            "quarter": 3,
            "eps": -0.45,
            "eps_growth_year": null,
            "eps_4q": -1.91,
            "eps_4q_growth_year": null,
            "roe": -4.35,
            "roe_4q": -20.22,
            "gross_profit": 548629,
            "gross_margin": 1.57,
            "gross_margin_4q_avg": 1.38,
            "net_income": -3362480,
            "revenue": 35047917,
            "common_shares": 23395367,
            "book_valuer_per_share": 13.24,
            "book_valuer_per_share_4q_avg": 11.65,
            "equity": 75510100,
            "current_ratio": 95.7,
            "debt_ratio": 68.09,
            "inventory_turnover_ratio": 1.2,
            "account_receivable_turnover_ratio": 1.83,
            "reinvestment_rate": null,
            "research_to_sale_ratio": 3.44,
            "price_fair": 17.73,
            "eps_avg_yearly": 0.51,
            "eps_latest_yearly": 0.64,
            "eps_growth_yearly": 2505.01
        },
        "20114": {
            "year_quarter": 20114,
            "year": 2011,
            "quarter": 4,
            "eps": 1.68,
            "eps_growth_year": null,
            "eps_4q": 0.62,
            "eps_4q_growth_year": null,
            "roe": -4.38,
            "roe_4q": -15.23,
            "gross_profit": 3459074,
            "gross_margin": 9.2,
            "gross_margin_4q_avg": 4.74,
            "net_income": -3321638,
            "revenue": 37594383,
            "common_shares": 23395367,
            "book_valuer_per_share": 14.84,
            "book_valuer_per_share_4q_avg": 13.89,
            "equity": 76097263,
            "current_ratio": 97.14,
            "debt_ratio": 66.11,
            "inventory_turnover_ratio": 1.31,
            "account_receivable_turnover_ratio": 2.31,
            "reinvestment_rate": null,
            "research_to_sale_ratio": 4.72,
            "price_fair": 25.9,
            "eps_avg_yearly": 0.74,
            "eps_latest_yearly": 0.64,
            "eps_growth_yearly": 3952.38
        },
        "20121": {
            "year_quarter": 20121,
            "year": 2012,
            "quarter": 1,
            "eps": -0.33,
            "eps_growth_year": null,
            "eps_4q": 0.42,
            "eps_4q_growth_year": null,
            "roe": -5.36,
            "roe_4q": -18.75,
            "gross_profit": 118042,
            "gross_margin": 0.43,
            "gross_margin_4q_avg": 3.41,
            "net_income": -4017655,
            "revenue": 27440580,
            "common_shares": 23395367,
            "book_valuer_per_share": 15.35,
            "book_valuer_per_share_4q_avg": 14.24,
            "equity": 73801734,
            "current_ratio": 96.52,
            "debt_ratio": 66.25,
            "inventory_turnover_ratio": 1.17,
            "account_receivable_turnover_ratio": 1.83,
            "reinvestment_rate": null,
            "research_to_sale_ratio": 4.43,
            "price_fair": 1.92,
            "eps_avg_yearly": 0.64,
            "eps_latest_yearly": 0.64,
            "eps_growth_yearly": -95.24
        },
        "20122": {
            "year_quarter": 20122,
            "year": 2012,
            "quarter": 2,
            "eps": -0.42,
            "eps_growth_year": null,
            "eps_4q": 0.47,
            "eps_4q_growth_year": null,
            "roe": -5.63,
            "roe_4q": -19.72,
            "gross_profit": 288332,
            "gross_margin": 1.16,
            "gross_margin_4q_avg": 3.09,
            "net_income": -4023309,
            "revenue": 24779203,
            "common_shares": 23395367,
            "book_valuer_per_share": 14.93,
            "book_valuer_per_share_4q_avg": 14.59,
            "equity": 69102458,
            "current_ratio": 90.2,
            "debt_ratio": 67.24,
            "inventory_turnover_ratio": 1.07,
            "account_receivable_turnover_ratio": 1.55,
            "reinvestment_rate": null,
            "research_to_sale_ratio": 4.86,
            "price_fair": 0,
            "eps_avg_yearly": 0,
            "eps_latest_yearly": 0,
            "eps_growth_yearly": 0
        },
        "20123": {
            "year_quarter": 20123,
            "year": 2012,
            "quarter": 3,
            "eps": -0.51,
            "eps_growth_year": null,
            "eps_4q": 0.41,
            "eps_4q_growth_year": null,
            "roe": -6.21,
            "roe_4q": -21.58,
            "gross_profit": -12062,
            "gross_margin": -0.04,
            "gross_margin_4q_avg": 2.69,
            "net_income": -4148162,
            "revenue": 29953542,
            "common_shares": 23395367,
            "book_valuer_per_share": 14.44,
            "book_valuer_per_share_4q_avg": 14.89,
            "equity": 64495125,
            "current_ratio": 84.77,
            "debt_ratio": 69.17,
            "inventory_turnover_ratio": 1.33,
            "account_receivable_turnover_ratio": 1.81,
            "reinvestment_rate": null,
            "research_to_sale_ratio": 4.92,
            "price_fair": 0,
            "eps_avg_yearly": 0,
            "eps_latest_yearly": 0,
            "eps_growth_yearly": 0
        },
        "20124": {
            "year_quarter": 20124,
            "year": 2012,
            "quarter": 4,
            "eps": -0.32,
            "eps_growth_year": -119.02,
            "eps_4q": -1.59,
            "eps_4q_growth_year": -354.54,
            "roe": -4.66,
            "roe_4q": -21.86,
            "gross_profit": 217539,
            "gross_margin": 0.86,
            "gross_margin_4q_avg": 0.6,
            "net_income": -2894910,
            "revenue": 25182983,
            "common_shares": 23395367,
            "book_valuer_per_share": 13.83,
            "book_valuer_per_share_4q_avg": 14.64,
            "equity": 59753450,
            "current_ratio": 78.24,
            "debt_ratio": 70.31,
            "inventory_turnover_ratio": 1.07,
            "account_receivable_turnover_ratio": 1.68,
            "reinvestment_rate": null,
            "research_to_sale_ratio": 5.53,
            "price_fair": 0,
            "eps_avg_yearly": 0,
            "eps_latest_yearly": 0,
            "eps_growth_yearly": 0
        },
        "20131": {
            "year_quarter": 20131,
            "year": 2013,
            "quarter": 1,
            "eps": -0.35,
            "eps_growth_year": null,
            "eps_4q": -1.61,
            "eps_4q_growth_year": -484.78,
            "roe": -4.77,
            "roe_4q": -21.27,
            "gross_profit": 1382000,
            "gross_margin": 5.44,
            "gross_margin_4q_avg": 1.86,
            "net_income": -2879622,
            "revenue": 25395432,
            "common_shares": 23395367,
            "book_valuer_per_share": 15.17,
            "book_valuer_per_share_4q_avg": 14.59,
            "equity": 60892193,
            "current_ratio": 73.92,
            "debt_ratio": 70.38,
            "inventory_turnover_ratio": 1.08,
            "account_receivable_turnover_ratio": 1.74,
            "reinvestment_rate": null,
            "research_to_sale_ratio": 4.77,
            "price_fair": 0,
            "eps_avg_yearly": 0,
            "eps_latest_yearly": 0,
            "eps_growth_yearly": 0
        },
        "20132": {
            "year_quarter": 20132,
            "year": 2013,
            "quarter": 2,
            "eps": -0.28,
            "eps_growth_year": null,
            "eps_4q": -1.45,
            "eps_4q_growth_year": -408.44,
            "roe": -3.29,
            "roe_4q": -18.93,
            "gross_profit": 3008774,
            "gross_margin": 10.49,
            "gross_margin_4q_avg": 4.19,
            "net_income": -2022805,
            "revenue": 28688916,
            "common_shares": 23395367,
            "book_valuer_per_share": 14.52,
            "book_valuer_per_share_4q_avg": 14.49,
            "equity": 62144462,
            "current_ratio": 74.67,
            "debt_ratio": 70.6,
            "inventory_turnover_ratio": 1.22,
            "account_receivable_turnover_ratio": 1.77,
            "reinvestment_rate": null,
            "research_to_sale_ratio": 5.02,
            "price_fair": 0,
            "eps_avg_yearly": 0,
            "eps_latest_yearly": 0,
            "eps_growth_yearly": 0
        },
        "20133": {
            "year_quarter": 20133,
            "year": 2013,
            "quarter": 3,
            "eps": -0.06,
            "eps_growth_year": null,
            "eps_4q": -1.01,
            "eps_4q_growth_year": -345.66,
            "roe": -0.44,
            "roe_4q": -13.16,
            "gross_profit": 4178166,
            "gross_margin": 14.34,
            "gross_margin_4q_avg": 7.78,
            "net_income": -269158,
            "revenue": 29131746,
            "common_shares": 23395367,
            "book_valuer_per_share": 14.39,
            "book_valuer_per_share_4q_avg": 14.48,
            "equity": 61529827,
            "current_ratio": 75.99,
            "debt_ratio": 69.85,
            "inventory_turnover_ratio": 1.13,
            "account_receivable_turnover_ratio": 1.68,
            "reinvestment_rate": null,
            "research_to_sale_ratio": 5.45,
            "price_fair": 0,
            "eps_avg_yearly": 0,
            "eps_latest_yearly": 0,
            "eps_growth_yearly": 0
        },
        "20134": {
            "year_quarter": 20134,
            "year": 2013,
            "quarter": 4,
            "eps": -0.01,
            "eps_growth_year": null,
            "eps_4q": -0.71,
            "eps_4q_growth_year": null,
            "roe": -0.24,
            "roe_4q": -8.739999999999998,
            "gross_profit": 3709226,
            "gross_margin": 12.48,
            "gross_margin_4q_avg": 10.69,
            "net_income": -147967,
            "revenue": 29710776,
            "common_shares": 23395367,
            "book_valuer_per_share": 14.68,
            "book_valuer_per_share_4q_avg": 14.69,
            "equity": 62249720,
            "current_ratio": 74.91,
            "debt_ratio": 69.43,
            "inventory_turnover_ratio": 1.18,
            "account_receivable_turnover_ratio": 1.79,
            "reinvestment_rate": null,
            "research_to_sale_ratio": 4.8,
            "price_fair": 0,
            "eps_avg_yearly": 0,
            "eps_latest_yearly": 0,
            "eps_growth_yearly": 0
        },
        "20141": {
            "year_quarter": 20141,
            "year": 2014,
            "quarter": 1,
            "eps": 0.3,
            "eps_growth_year": null,
            "eps_4q": -0.05,
            "eps_4q_growth_year": null,
            "roe": 1.4,
            "roe_4q": -2.5700000000000003,
            "gross_profit": 5623859,
            "gross_margin": 19.09,
            "gross_margin_4q_avg": 14.1,
            "net_income": 884571,
            "revenue": 29466131,
            "common_shares": 23395367,
            "book_valuer_per_share": 15.16,
            "book_valuer_per_share_4q_avg": 14.69,
            "equity": 64260969,
            "current_ratio": 86.09,
            "debt_ratio": 69.53,
            "inventory_turnover_ratio": 1.12,
            "account_receivable_turnover_ratio": 1.78,
            "reinvestment_rate": null,
            "research_to_sale_ratio": 4.76,
            "price_fair": 0,
            "eps_avg_yearly": 0,
            "eps_latest_yearly": 0,
            "eps_growth_yearly": 0
        },
        "20142": {
            "year_quarter": 20142,
            "year": 2014,
            "quarter": 2,
            "eps": 0.19,
            "eps_growth_year": null,
            "eps_4q": 0.43,
            "eps_4q_growth_year": null,
            "roe": 1.82,
            "roe_4q": 2.5399999999999996,
            "gross_profit": 5510119,
            "gross_margin": 19.5,
            "gross_margin_4q_avg": 16.35,
            "net_income": 1182772,
            "revenue": 28249760,
            "common_shares": 23395367,
            "book_valuer_per_share": 15.43,
            "book_valuer_per_share_4q_avg": 14.92,
            "equity": 65638997,
            "current_ratio": 94.02,
            "debt_ratio": 67.8,
            "inventory_turnover_ratio": 1.07,
            "account_receivable_turnover_ratio": 1.67,
            "reinvestment_rate": null,
            "research_to_sale_ratio": 4.41,
            "price_fair": 2.28,
            "eps_avg_yearly": 0.76,
            "eps_latest_yearly": 0.76,
            "eps_growth_yearly": -146.67
        },
        "20143": {
            "year_quarter": 20143,
            "year": 2014,
            "quarter": 3,
            "eps": 0.05,
            "eps_growth_year": null,
            "eps_4q": 0.54,
            "eps_4q_growth_year": null,
            "roe": -2.39,
            "roe_4q": 0.5899999999999999,
            "gross_profit": 2759809,
            "gross_margin": 10.29,
            "gross_margin_4q_avg": 15.34,
            "net_income": -1557706,
            "revenue": 26825888,
            "common_shares": 23395367,
            "book_valuer_per_share": 15.39,
            "book_valuer_per_share_4q_avg": 15.17,
            "equity": 64840370,
            "current_ratio": 88.97,
            "debt_ratio": 69.08,
            "inventory_turnover_ratio": 1.07,
            "account_receivable_turnover_ratio": 1.66,
            "reinvestment_rate": null,
            "research_to_sale_ratio": 5.23,
            "price_fair": 1.44,
            "eps_avg_yearly": 0.48,
            "eps_latest_yearly": 0.2,
            "eps_growth_yearly": -220.7
        },
        "20144": {
            "year_quarter": 20144,
            "year": 2014,
            "quarter": 4,
            "eps": -0.38,
            "eps_growth_year": null,
            "eps_4q": 0.16,
            "eps_4q_growth_year": null,
            "roe": -5.52,
            "roe_4q": -4.6899999999999995,
            "gross_profit": 1990287,
            "gross_margin": 7.09,
            "gross_margin_4q_avg": 13.99,
            "net_income": -3496686,
            "revenue": 28067499,
            "common_shares": 23395367,
            "book_valuer_per_share": 15.15,
            "book_valuer_per_share_4q_avg": 15.28,
            "equity": 61870524,
            "current_ratio": 91.69,
            "debt_ratio": 71.07,
            "inventory_turnover_ratio": 1.17,
            "account_receivable_turnover_ratio": 1.76,
            "reinvestment_rate": null,
            "research_to_sale_ratio": 5.13,
            "price_fair": 1.44,
            "eps_avg_yearly": 0.48,
            "eps_latest_yearly": 0.2,
            "eps_growth_yearly": -220.7
        },
        "20151": {
            "year_quarter": 20151,
            "year": 2015,
            "quarter": 1,
            "eps": -0.21,
            "eps_growth_year": -170,
            "eps_4q": -0.35,
            "eps_4q_growth_year": null,
            "roe": -2.94,
            "roe_4q": -9.03,
            "gross_profit": 2015615,
            "gross_margin": 8.04,
            "gross_margin_4q_avg": 11.23,
            "net_income": -1782667,
            "revenue": 25056066,
            "common_shares": 23395367,
            "book_valuer_per_share": 14.78,
            "book_valuer_per_share_4q_avg": 15.19,
            "equity": 59248897,
            "current_ratio": 89.59,
            "debt_ratio": 71.89,
            "inventory_turnover_ratio": 1.13,
            "account_receivable_turnover_ratio": 1.67,
            "reinvestment_rate": null,
            "research_to_sale_ratio": 5.5,
            "price_fair": 1.44,
            "eps_avg_yearly": 0.48,
            "eps_latest_yearly": 0.2,
            "eps_growth_yearly": -220.7
        },
        "20152": {
            "year_quarter": 20152,
            "year": 2015,
            "quarter": 2,
            "eps": -0.25,
            "eps_growth_year": -231.58,
            "eps_4q": -0.8,
            "eps_4q_growth_year": -286.43,
            "roe": -3.4,
            "roe_4q": -14.25,
            "gross_profit": 834105,
            "gross_margin": 3.66,
            "gross_margin_4q_avg": 7.27,
            "net_income": -1969416,
            "revenue": 22789484,
            "common_shares": 23395367,
            "book_valuer_per_share": 14.37,
            "book_valuer_per_share_4q_avg": 14.92,
            "equity": 56499109,
            "current_ratio": 86.47,
            "debt_ratio": 72.16,
            "inventory_turnover_ratio": 1.15,
            "account_receivable_turnover_ratio": 1.72,
            "reinvestment_rate": null,
            "research_to_sale_ratio": 5.34,
            "price_fair": 1.44,
            "eps_avg_yearly": 0.48,
            "eps_latest_yearly": 0.2,
            "eps_growth_yearly": -220.7
        },
        "20153": {
            "year_quarter": 20153,
            "year": 2015,
            "quarter": 3,
            "eps": -0.45,
            "eps_growth_year": -1000,
            "eps_4q": -1.3,
            "eps_4q_growth_year": -341.99,
            "roe": -7.34,
            "roe_4q": -19.2,
            "gross_profit": 1476364,
            "gross_margin": 6.19,
            "gross_margin_4q_avg": 6.25,
            "net_income": -3963799,
            "revenue": 23852323,
            "common_shares": 23395367,
            "book_valuer_per_share": 13.94,
            "book_valuer_per_share_4q_avg": 14.56,
            "equity": 51477554,
            "current_ratio": 80.61,
            "debt_ratio": 74.22,
            "inventory_turnover_ratio": 1.17,
            "account_receivable_turnover_ratio": 1.76,
            "reinvestment_rate": null,
            "research_to_sale_ratio": 5.2,
            "price_fair": 1.44,
            "eps_avg_yearly": 0.48,
            "eps_latest_yearly": 0.2,
            "eps_growth_yearly": -220.7
        },
        "20154": {
            "year_quarter": 20154,
            "year": 2015,
            "quarter": 4,
            "eps": -0.44,
            "eps_growth_year": null,
            "eps_4q": -1.36,
            "eps_4q_growth_year": -945.85,
            "roe": -6.13,
            "roe_4q": -19.81,
            "gross_profit": 1718332,
            "gross_margin": 7.46,
            "gross_margin_4q_avg": 6.34,
            "net_income": -3078637,
            "revenue": 23046480,
            "common_shares": 23395367,
            "book_valuer_per_share": 13.49,
            "book_valuer_per_share_4q_avg": 14.15,
            "equity": 48911859,
            "current_ratio": 83.6,
            "debt_ratio": 75.78,
            "inventory_turnover_ratio": 1.11,
            "account_receivable_turnover_ratio": 1.74,
            "reinvestment_rate": null,
            "research_to_sale_ratio": 4.63,
            "price_fair": 1.44,
            "eps_avg_yearly": 0.48,
            "eps_latest_yearly": 0.2,
            "eps_growth_yearly": -220.7
        },
        "20161": {
            "year_quarter": 20161,
            "year": 2016,
            "quarter": 1,
            "eps": -0.35,
            "eps_growth_year": null,
            "eps_4q": -1.5,
            "eps_4q_growth_year": null,
            "roe": -5.59,
            "roe_4q": -22.459999999999997,
            "gross_profit": 2137429,
            "gross_margin": 9.7,
            "gross_margin_4q_avg": 6.75,
            "net_income": -2645804,
            "revenue": 22029509,
            "common_shares": 23395367,
            "book_valuer_per_share": 13.12,
            "book_valuer_per_share_4q_avg": 13.73,
            "equity": 45825969,
            "current_ratio": 79.9,
            "debt_ratio": 77.51,
            "inventory_turnover_ratio": 1.07,
            "account_receivable_turnover_ratio": 1.91,
            "reinvestment_rate": null,
            "research_to_sale_ratio": 4.51,
            "price_fair": 1.44,
            "eps_avg_yearly": 0.48,
            "eps_latest_yearly": 0.2,
            "eps_growth_yearly": -220.7
        },
        "20162": {
            "year_quarter": 20162,
            "year": 2016,
            "quarter": 2,
            "eps": -0.31,
            "eps_growth_year": null,
            "eps_4q": -1.55,
            "eps_4q_growth_year": null,
            "roe": 0.76,
            "roe_4q": -18.3,
            "gross_profit": 2524139,
            "gross_margin": 11.55,
            "gross_margin_4q_avg": 8.73,
            "net_income": 345219,
            "revenue": 21855331,
            "common_shares": 23395367,
            "book_valuer_per_share": 12.6,
            "book_valuer_per_share_4q_avg": 13.29,
            "equity": 44661601,
            "current_ratio": 80.18,
            "debt_ratio": 77.64,
            "inventory_turnover_ratio": 1.09,
            "account_receivable_turnover_ratio": 1.94,
            "reinvestment_rate": null,
            "research_to_sale_ratio": 4.58,
            "price_fair": 1.44,
            "eps_avg_yearly": 0.48,
            "eps_latest_yearly": 0.2,
            "eps_growth_yearly": -220.7
        },
        "20163": {
            "year_quarter": 20163,
            "year": 2016,
            "quarter": 3,
            "eps": -0.19,
            "eps_growth_year": null,
            "eps_4q": -1.3,
            "eps_4q_growth_year": null,
            "roe": -1.43,
            "roe_4q": -12.39,
            "gross_profit": 1979242,
            "gross_margin": 9.75,
            "gross_margin_4q_avg": 9.62,
            "net_income": -959402,
            "revenue": 20307372,
            "common_shares": 23395367,
            "book_valuer_per_share": 13.19,
            "book_valuer_per_share_4q_avg": 13.1,
            "equity": 89073575,
            "current_ratio": 115.69,
            "debt_ratio": 62.92,
            "inventory_turnover_ratio": 1.06,
            "account_receivable_turnover_ratio": 1.8,
            "reinvestment_rate": null,
            "research_to_sale_ratio": 4.87,
            "price_fair": 1.44,
            "eps_avg_yearly": 0.48,
            "eps_latest_yearly": 0.2,
            "eps_growth_yearly": -220.7
        },
        "20164": {
            "year_quarter": 20164,
            "year": 2016,
            "quarter": 4,
            "eps": -0.18,
            "eps_growth_year": null,
            "eps_4q": -1.05,
            "eps_4q_growth_year": null,
            "roe": -0.32,
            "roe_4q": -6.58,
            "gross_profit": 3945756,
            "gross_margin": 29.26,
            "gross_margin_4q_avg": 15.07,
            "net_income": -279915,
            "revenue": 13485413,
            "common_shares": 23395367,
            "book_valuer_per_share": 13.28,
            "book_valuer_per_share_4q_avg": 13.05,
            "equity": 85883325,
            "current_ratio": 126.27,
            "debt_ratio": 63.98,
            "inventory_turnover_ratio": 0.56,
            "account_receivable_turnover_ratio": 1.36,
            "reinvestment_rate": null,
            "research_to_sale_ratio": 6.58,
            "price_fair": 1.44,
            "eps_avg_yearly": 0.48,
            "eps_latest_yearly": 0.2,
            "eps_growth_yearly": -220.7
        },
        "20171": {
            "year_quarter": 20171,
            "year": 2017,
            "quarter": 1,
            "eps": 0.04,
            "eps_growth_year": null,
            "eps_4q": -0.65,
            "eps_4q_growth_year": null,
            "roe": 1.29,
            "roe_4q": 0.30000000000000004,
            "gross_profit": 3954435,
            "gross_margin": 21.33,
            "gross_margin_4q_avg": 17.97,
            "net_income": 1096936,
            "revenue": 18539120,
            "common_shares": 23395367,
            "book_valuer_per_share": 13.03,
            "book_valuer_per_share_4q_avg": 13.03,
            "equity": 83638327,
            "current_ratio": 121.22,
            "debt_ratio": 62.32,
            "inventory_turnover_ratio": 0.88,
            "account_receivable_turnover_ratio": 2.18,
            "reinvestment_rate": null,
            "research_to_sale_ratio": 4.92,
            "price_fair": 1.44,
            "eps_avg_yearly": 0.48,
            "eps_latest_yearly": 0.2,
            "eps_growth_yearly": -220.7
        },
        "20172": {
            "year_quarter": 20172,
            "year": 2017,
            "quarter": 2,
            "eps": 0.24,
            "eps_growth_year": null,
            "eps_4q": -0.1,
            "eps_4q_growth_year": null,
            "roe": 1.21,
            "roe_4q": 0.7500000000000002,
            "gross_profit": 2230923,
            "gross_margin": 12.96,
            "gross_margin_4q_avg": 18.33,
            "net_income": 1015196,
            "revenue": 17212600,
            "common_shares": 23395367,
            "book_valuer_per_share": 13.16,
            "book_valuer_per_share_4q_avg": 13.17,
            "equity": 84768308,
            "current_ratio": 110.09,
            "debt_ratio": 61.69,
            "inventory_turnover_ratio": 0.93,
            "account_receivable_turnover_ratio": 2,
            "reinvestment_rate": null,
            "research_to_sale_ratio": 5.39,
            "price_fair": 22.4,
            "eps_avg_yearly": 0.64,
            "eps_latest_yearly": 0.96,
            "eps_growth_yearly": 519.53
        },
        "20173": {
            "year_quarter": 20173,
            "year": 2017,
            "quarter": 3,
            "eps": -0.06,
            "eps_growth_year": null,
            "eps_4q": 0.04,
            "eps_4q_growth_year": null,
            "roe": -0.1,
            "roe_4q": 2.08,
            "gross_profit": 3131559,
            "gross_margin": 15.67,
            "gross_margin_4q_avg": 19.81,
            "net_income": -85628,
            "revenue": 19978822,
            "common_shares": 23395367,
            "book_valuer_per_share": 13.16,
            "book_valuer_per_share_4q_avg": 13.16,
            "equity": 84791616,
            "current_ratio": 107.29,
            "debt_ratio": 61.62,
            "inventory_turnover_ratio": 1.03,
            "account_receivable_turnover_ratio": 2.23,
            "reinvestment_rate": null,
            "research_to_sale_ratio": 5.52,
            "price_fair": 22.4,
            "eps_avg_yearly": 0.64,
            "eps_latest_yearly": 0.96,
            "eps_growth_yearly": 519.53
        },
        "20174": {
            "year_quarter": 20174,
            "year": 2017,
            "quarter": 4,
            "eps": -0.19,
            "eps_growth_year": null,
            "eps_4q": 0.03,
            "eps_4q_growth_year": null,
            "roe": 0.11,
            "roe_4q": 2.51,
            "gross_profit": 2500780,
            "gross_margin": 12.62,
            "gross_margin_4q_avg": 15.65,
            "net_income": 92750,
            "revenue": 19822467,
            "common_shares": 23395367,
            "book_valuer_per_share": 12.99,
            "book_valuer_per_share_4q_avg": 13.09,
            "equity": 84771859,
            "current_ratio": 100.42,
            "debt_ratio": 62.91,
            "inventory_turnover_ratio": 1.06,
            "account_receivable_turnover_ratio": 2.33,
            "reinvestment_rate": null,
            "research_to_sale_ratio": 5.1,
            "price_fair": 22.4,
            "eps_avg_yearly": 0.64,
            "eps_latest_yearly": 0.96,
            "eps_growth_yearly": 519.53
        },
        "20181": {
            "year_quarter": 20181,
            "year": 2018,
            "quarter": 1,
            "eps": -0.34,
            "eps_growth_year": -950,
            "eps_4q": -0.35,
            "eps_4q_growth_year": null,
            "roe": -2.68,
            "roe_4q": -1.4600000000000004,
            "gross_profit": 1138383,
            "gross_margin": 6.91,
            "gross_margin_4q_avg": 12.04,
            "net_income": -2244612,
            "revenue": 16470505,
            "common_shares": 23395367,
            "book_valuer_per_share": 12.8,
            "book_valuer_per_share_4q_avg": 13.03,
            "equity": 82953161,
            "current_ratio": 100.08,
            "debt_ratio": 64.38,
            "inventory_turnover_ratio": 0.93,
            "account_receivable_turnover_ratio": 2.08,
            "reinvestment_rate": null,
            "research_to_sale_ratio": 5.22,
            "price_fair": 22.4,
            "eps_avg_yearly": 0.64,
            "eps_latest_yearly": 0.96,
            "eps_growth_yearly": 519.53
        },
        "20182": {
            "year_quarter": 20182,
            "year": 2018,
            "quarter": 2,
            "eps": -0.6,
            "eps_growth_year": -350,
            "eps_4q": -1.19,
            "eps_4q_growth_year": null,
            "roe": -4.82,
            "roe_4q": -7.489999999999999,
            "gross_profit": 1123245,
            "gross_margin": 6.93,
            "gross_margin_4q_avg": 10.53,
            "net_income": -3893581,
            "revenue": 16213554,
            "common_shares": 23395367,
            "book_valuer_per_share": 12.16,
            "book_valuer_per_share_4q_avg": 12.78,
            "equity": 78566727,
            "current_ratio": 96.57,
            "debt_ratio": 66.1,
            "inventory_turnover_ratio": 0.84,
            "account_receivable_turnover_ratio": 1.97,
            "reinvestment_rate": null,
            "research_to_sale_ratio": 6.63,
            "price_fair": 20.3,
            "eps_avg_yearly": 0.58,
            "eps_latest_yearly": 0.96,
            "eps_growth_yearly": 852.63
        },
        "20183": {
            "year_quarter": 20183,
            "year": 2018,
            "quarter": 3,
            "eps": -0.89,
            "eps_growth_year": null,
            "eps_4q": -2.01,
            "eps_4q_growth_year": -5448.9,
            "roe": -7.67,
            "roe_4q": -15.06,
            "gross_profit": -263362,
            "gross_margin": -1.69,
            "gross_margin_4q_avg": 6.19,
            "net_income": -5722696,
            "revenue": 15623824,
            "common_shares": 23395367,
            "book_valuer_per_share": 11.1,
            "book_valuer_per_share_4q_avg": 12.26,
            "equity": 70679684,
            "current_ratio": 90.67,
            "debt_ratio": 68.31,
            "inventory_turnover_ratio": 0.81,
            "account_receivable_turnover_ratio": 1.76,
            "reinvestment_rate": null,
            "research_to_sale_ratio": 6.4,
            "price_fair": 33.6,
            "eps_avg_yearly": 0.96,
            "eps_latest_yearly": 0.96,
            "eps_growth_yearly": 2000
        },
        "20184": {
            "year_quarter": 20184,
            "year": 2018,
            "quarter": 4,
            "eps": -2.88,
            "eps_growth_year": null,
            "eps_4q": -4.68,
            "eps_4q_growth_year": -14216.5,
            "roe": -42.19,
            "roe_4q": -57.36,
            "gross_profit": -4460060,
            "gross_margin": -36.22,
            "gross_margin_4q_avg": -6.02,
            "net_income": -21432019,
            "revenue": 12314842,
            "common_shares": 23395367,
            "book_valuer_per_share": 14.5,
            "book_valuer_per_share_4q_avg": 12.64,
            "equity": 30925911,
            "current_ratio": 65.81,
            "debt_ratio": 77.78,
            "inventory_turnover_ratio": 0.86,
            "account_receivable_turnover_ratio": 1.46,
            "reinvestment_rate": null,
            "research_to_sale_ratio": 10.55,
            "price_fair": 33.6,
            "eps_avg_yearly": 0.96,
            "eps_latest_yearly": 0.96,
            "eps_growth_yearly": 2000
        },
        "20191": {
            "year_quarter": 20191,
            "year": 2019,
            "quarter": 1,
            "eps": 1.34,
            "eps_growth_year": null,
            "eps_4q": -3,
            "eps_4q_growth_year": null,
            "roe": -0.48,
            "roe_4q": -55.16,
            "gross_profit": -412346,
            "gross_margin": -5.09,
            "gross_margin_4q_avg": -9.02,
            "net_income": -154190,
            "revenue": 8104064,
            "common_shares": 23395367,
            "book_valuer_per_share": 16.25,
            "book_valuer_per_share_4q_avg": 13.5,
            "equity": 32723509,
            "current_ratio": 73.65,
            "debt_ratio": 76.5,
            "inventory_turnover_ratio": 0.47,
            "account_receivable_turnover_ratio": 1.14,
            "reinvestment_rate": null,
            "research_to_sale_ratio": 6.17,
            "price_fair": 33.6,
            "eps_avg_yearly": 0.96,
            "eps_latest_yearly": 0.96,
            "eps_growth_yearly": 2000
        },
        "20192": {
            "year_quarter": 20192,
            "year": 2019,
            "quarter": 2,
            "eps": -1.94,
            "eps_growth_year": null,
            "eps_4q": -4.25,
            "eps_4q_growth_year": null,
            "roe": -41.57,
            "roe_4q": -91.91,
            "gross_profit": -388295,
            "gross_margin": -4.78,
            "gross_margin_4q_avg": -11.95,
            "net_income": -11139059,
            "revenue": 8116711,
            "common_shares": 23395367,
            "book_valuer_per_share": 13.82,
            "book_valuer_per_share_4q_avg": 13.92,
            "equity": 20872105,
            "current_ratio": 48.6,
            "debt_ratio": 83.21,
            "inventory_turnover_ratio": 0.48,
            "account_receivable_turnover_ratio": 1.3,
            "reinvestment_rate": null,
            "research_to_sale_ratio": 5.38,
            "price_fair": 33.6,
            "eps_avg_yearly": 0.96,
            "eps_latest_yearly": 0.96,
            "eps_growth_yearly": 2000
        },
        "20193": {
            "year_quarter": 20193,
            "year": 2019,
            "quarter": 3,
            "eps": 1.03,
            "eps_growth_year": null,
            "eps_4q": -2.38,
            "eps_4q_growth_year": null,
            "roe": 1.81,
            "roe_4q": -82.42999999999999,
            "gross_profit": 367806,
            "gross_margin": 4.41,
            "gross_margin_4q_avg": -10.42,
            "net_income": 430336,
            "revenue": 8349075,
            "common_shares": 23395367,
            "book_valuer_per_share": 14.86,
            "book_valuer_per_share_4q_avg": 14.86,
            "equity": 26662990,
            "current_ratio": 56.49,
            "debt_ratio": 78.28,
            "inventory_turnover_ratio": 0.44,
            "account_receivable_turnover_ratio": 1.29,
            "reinvestment_rate": null,
            "research_to_sale_ratio": 5.9,
            "price_fair": 33.6,
            "eps_avg_yearly": 0.96,
            "eps_latest_yearly": 0.96,
            "eps_growth_yearly": 2000
        },
        "20194": {
            "year_quarter": 20194,
            "year": 2019,
            "quarter": 4,
            "eps": 0.8,
            "eps_growth_year": null,
            "eps_4q": 1.23,
            "eps_4q_growth_year": null,
            "roe": 6.17,
            "roe_4q": -34.07,
            "gross_profit": 2789772,
            "gross_margin": 25.7,
            "gross_margin_4q_avg": 5.06,
            "net_income": 1707452,
            "revenue": 10853165,
            "common_shares": 23395367,
            "book_valuer_per_share": 15.7,
            "book_valuer_per_share_4q_avg": 15.16,
            "equity": 28655906,
            "current_ratio": 73.67,
            "debt_ratio": 75.92,
            "inventory_turnover_ratio": 0.47,
            "account_receivable_turnover_ratio": 1.81,
            "reinvestment_rate": null,
            "research_to_sale_ratio": 0.49,
            "price_fair": 72.8,
            "eps_avg_yearly": 2.08,
            "eps_latest_yearly": 3.2,
            "eps_growth_yearly": 955.34
        },
        "20201": {
            "year_quarter": 20201,
            "year": 2020,
            "quarter": 1,
            "eps": 0.15,
            "eps_growth_year": -88.81,
            "eps_4q": 0.07,
            "eps_4q_growth_year": null,
            "roe": -0.31,
            "roe_4q": -33.9,
            "gross_profit": 2452428,
            "gross_margin": 27,
            "gross_margin_4q_avg": 13.08,
            "net_income": -85643,
            "revenue": 9083911,
            "common_shares": 23395367,
            "book_valuer_per_share": 15.48,
            "book_valuer_per_share_4q_avg": 14.97,
            "equity": 26682471,
            "current_ratio": 72.71,
            "debt_ratio": 76.33,
            "inventory_turnover_ratio": 0.44,
            "account_receivable_turnover_ratio": 1.9,
            "reinvestment_rate": null,
            "research_to_sale_ratio": 2.37,
            "price_fair": 55.53,
            "eps_avg_yearly": 1.59,
            "eps_latest_yearly": 0.6,
            "eps_growth_yearly": 528.56
        },
        "20202": {
            "year_quarter": 20202,
            "year": 2020,
            "quarter": 2,
            "eps": -0.08,
            "eps_growth_year": null,
            "eps_4q": 1.89,
            "eps_4q_growth_year": null,
            "roe": -2.16,
            "roe_4q": 5.51,
            "gross_profit": 1655818,
            "gross_margin": 21.63,
            "gross_margin_4q_avg": 19.69,
            "net_income": -560098,
            "revenue": 7655033,
            "common_shares": 23395367,
            "book_valuer_per_share": 15.27,
            "book_valuer_per_share_4q_avg": 15.33,
            "equity": 25178498,
            "current_ratio": 70.73,
            "debt_ratio": 77.5,
            "inventory_turnover_ratio": 0.43,
            "account_receivable_turnover_ratio": 1.71,
            "reinvestment_rate": null,
            "research_to_sale_ratio": 2.61,
            "price_fair": 55.53,
            "eps_avg_yearly": 1.59,
            "eps_latest_yearly": 0.6,
            "eps_growth_yearly": 528.56
        },
        "20203": {
            "year_quarter": 20203,
            "year": 2020,
            "quarter": 3,
            "eps": -0.07,
            "eps_growth_year": -106.8,
            "eps_4q": 0.8,
            "eps_4q_growth_year": null,
            "roe": -2.56,
            "roe_4q": 1.1399999999999997,
            "gross_profit": 1101580,
            "gross_margin": 14.92,
            "gross_margin_4q_avg": 22.31,
            "net_income": -650790,
            "revenue": 7382849,
            "common_shares": 23395367,
            "book_valuer_per_share": 15.37,
            "book_valuer_per_share_4q_avg": 15.46,
            "equity": 25710897,
            "current_ratio": 71.26,
            "debt_ratio": 76.39,
            "inventory_turnover_ratio": 0.47,
            "account_receivable_turnover_ratio": 1.6,
            "reinvestment_rate": null,
            "research_to_sale_ratio": 2.64,
            "price_fair": 55.53,
            "eps_avg_yearly": 1.59,
            "eps_latest_yearly": 0.6,
            "eps_growth_yearly": 528.56
        },
        "20204": {
            "year_quarter": 20204,
            "year": 2020,
            "quarter": 4,
            "eps": -0.46,
            "eps_growth_year": -157.47,
            "eps_4q": -0.46,
            "eps_4q_growth_year": -137.43,
            "roe": -14.9,
            "roe_4q": -19.93,
            "gross_profit": 1118710,
            "gross_margin": 14.88,
            "gross_margin_4q_avg": 19.61,
            "net_income": -3691499,
            "revenue": 7519562,
            "common_shares": 23395367,
            "book_valuer_per_share": 15.03,
            "book_valuer_per_share_4q_avg": 15.29,
            "equity": 23841188,
            "current_ratio": 70.17,
            "debt_ratio": 78.44,
            "inventory_turnover_ratio": 0.48,
            "account_receivable_turnover_ratio": 1.67,
            "reinvestment_rate": null,
            "research_to_sale_ratio": 2.83,
            "price_fair": 55.53,
            "eps_avg_yearly": 1.59,
            "eps_latest_yearly": 0.6,
            "eps_growth_yearly": 528.56
        },
        "20211": {
            "year_quarter": 20211,
            "year": 2021,
            "quarter": 1,
            "eps": -0.13,
            "eps_growth_year": -186.67,
            "eps_4q": -0.74,
            "eps_4q_growth_year": -1179.02,
            "roe": -2.38,
            "roe_4q": -22,
            "gross_profit": 1468721,
            "gross_margin": 22.36,
            "gross_margin_4q_avg": 18.45,
            "net_income": -557083,
            "revenue": 6568089,
            "common_shares": 23395367,
            "book_valuer_per_share": 14.84,
            "book_valuer_per_share_4q_avg": 15.13,
            "equity": 23068995,
            "current_ratio": 73.7,
            "debt_ratio": 78.91,
            "inventory_turnover_ratio": 0.38,
            "account_receivable_turnover_ratio": 1.5,
            "reinvestment_rate": null,
            "research_to_sale_ratio": 2.73,
            "price_fair": 55.53,
            "eps_avg_yearly": 1.59,
            "eps_latest_yearly": 0.6,
            "eps_growth_yearly": 528.56
        },
        "20212": {
            "year_quarter": 20212,
            "year": 2021,
            "quarter": 2,
            "eps": 0.35,
            "eps_growth_year": null,
            "eps_4q": -0.31,
            "eps_4q_growth_year": -116.39,
            "roe": 2.68,
            "roe_4q": -17.16,
            "gross_profit": 1982690,
            "gross_margin": 26.76,
            "gross_margin_4q_avg": 19.73,
            "net_income": 617197,
            "revenue": 7408737,
            "common_shares": 23395367,
            "book_valuer_per_share": 15.02,
            "book_valuer_per_share_4q_avg": 15.07,
            "equity": 23003078,
            "current_ratio": 76.21,
            "debt_ratio": 79,
            "inventory_turnover_ratio": 0.41,
            "account_receivable_turnover_ratio": 1.59,
            "reinvestment_rate": null,
            "research_to_sale_ratio": 2.71,
            "price_fair": 5.7,
            "eps_avg_yearly": 1.9,
            "eps_latest_yearly": 0.6,
            "eps_growth_yearly": -207.16
        },
        "20213": {
            "year_quarter": 20213,
            "year": 2021,
            "quarter": 3,
            "eps": 0.32,
            "eps_growth_year": null,
            "eps_4q": 0.08,
            "eps_4q_growth_year": -89.79,
            "roe": 1.22,
            "roe_4q": -13.379999999999999,
            "gross_profit": 1963572,
            "gross_margin": 24.35,
            "gross_margin_4q_avg": 22.09,
            "net_income": 281653,
            "revenue": 8063931,
            "common_shares": 23395367,
            "book_valuer_per_share": 15.26,
            "book_valuer_per_share_4q_avg": 15.04,
            "equity": 23016904,
            "current_ratio": 72.83,
            "debt_ratio": 78.59,
            "inventory_turnover_ratio": 0.47,
            "account_receivable_turnover_ratio": 1.68,
            "reinvestment_rate": null,
            "research_to_sale_ratio": 2.38,
            "price_fair": 5.08,
            "eps_avg_yearly": 1.69,
            "eps_latest_yearly": 1.28,
            "eps_growth_yearly": -149.54
        },
        "20214": {
            "year_quarter": 20214,
            "year": 2021,
            "quarter": 4,
            "eps": 1.03,
            "eps_growth_year": null,
            "eps_4q": 1.57,
            "eps_4q_growth_year": null,
            "roe": 9.2,
            "roe_4q": 10.719999999999999,
            "gross_profit": 1817751,
            "gross_margin": 24.03,
            "gross_margin_4q_avg": 24.38,
            "net_income": 2227895,
            "revenue": 7564049,
            "common_shares": 23395367,
            "book_valuer_per_share": 16.35,
            "book_valuer_per_share_4q_avg": 15.37,
            "equity": 25419304,
            "current_ratio": 72.33,
            "debt_ratio": 77.2,
            "inventory_turnover_ratio": 0.43,
            "account_receivable_turnover_ratio": 1.72,
            "reinvestment_rate": null,
            "research_to_sale_ratio": 2.73,
            "price_fair": 80.5,
            "eps_avg_yearly": 2.3,
            "eps_latest_yearly": 4.12,
            "eps_growth_yearly": 109.72
        },
        "20221": {
            "year_quarter": 20221,
            "year": 2022,
            "quarter": 1,
            "eps": 0.22,
            "eps_growth_year": null,
            "eps_4q": 1.93,
            "eps_4q_growth_year": null,
            "roe": -0.19,
            "roe_4q": 12.91,
            "gross_profit": 2190626,
            "gross_margin": 28.59,
            "gross_margin_4q_avg": 25.93,
            "net_income": -48244,
            "revenue": 7663191,
            "common_shares": 23395367,
            "book_valuer_per_share": 16.57,
            "book_valuer_per_share_4q_avg": 15.8,
            "equity": 25338251,
            "current_ratio": 73.14,
            "debt_ratio": 77.66,
            "inventory_turnover_ratio": 0.4,
            "account_receivable_turnover_ratio": 1.76,
            "reinvestment_rate": null,
            "research_to_sale_ratio": 2.28,
            "price_fair": 70.29,
            "eps_avg_yearly": 2.02,
            "eps_latest_yearly": 0.88,
            "eps_growth_yearly": 24.87
        },
        "20222": {
            "year_quarter": 20222,
            "year": 2022,
            "quarter": 2,
            "eps": 0.19,
            "eps_growth_year": -45.71,
            "eps_4q": 1.76,
            "eps_4q_growth_year": null,
            "roe": -0.23,
            "roe_4q": 10,
            "gross_profit": 1865899,
            "gross_margin": 27.35,
            "gross_margin_4q_avg": 26.08,
            "net_income": -60289,
            "revenue": 6822835,
            "common_shares": 23395367,
            "book_valuer_per_share": 17.28,
            "book_valuer_per_share_4q_avg": 16.37,
            "equity": 26294355,
            "current_ratio": 70.73,
            "debt_ratio": 77.49,
            "inventory_turnover_ratio": 0.35,
            "account_receivable_turnover_ratio": 1.46,
            "reinvestment_rate": null,
            "research_to_sale_ratio": 2.32,
            "price_fair": 39.08,
            "eps_avg_yearly": 1.81,
            "eps_latest_yearly": 0.76,
            "eps_growth_yearly": 11.63
        },
        "20223": {
            "year_quarter": 20223,
            "year": 2022,
            "quarter": 3,
            "eps": 3.47,
            "eps_growth_year": 984.38,
            "eps_4q": 4.91,
            "eps_4q_growth_year": 5907.26,
            "roe": 18.17,
            "roe_4q": 26.95,
            "gross_profit": 1539765,
            "gross_margin": 21.32,
            "gross_margin_4q_avg": 25.32,
            "net_income": 7176348,
            "revenue": 7222268,
            "common_shares": 23395367,
            "book_valuer_per_share": 21.11,
            "book_valuer_per_share_4q_avg": 17.83,
            "equity": 52677567,
            "current_ratio": 179.05,
            "debt_ratio": 50.5,
            "inventory_turnover_ratio": 0.38,
            "account_receivable_turnover_ratio": 1.61,
            "reinvestment_rate": -912.13,
            "research_to_sale_ratio": 2.24,
            "price_fair": 123.6,
            "eps_avg_yearly": 3.53,
            "eps_latest_yearly": 13.88,
            "eps_growth_yearly": 996.44
        },
        "20224": {
            "year_quarter": 20224,
            "year": 2022,
            "quarter": 4,
            "eps": 0.13,
            "eps_growth_year": -87.11,
            "eps_4q": 4.04,
            "eps_4q_growth_year": 156.74,
            "roe": 0.28,
            "roe_4q": 18.03,
            "gross_profit": 1695283,
            "gross_margin": 13.21,
            "gross_margin_4q_avg": 22.62,
            "net_income": 161744,
            "revenue": 12830666,
            "common_shares": 23395367,
            "book_valuer_per_share": 22.05,
            "book_valuer_per_share_4q_avg": 19.25,
            "equity": 64897072,
            "current_ratio": 204.14,
            "debt_ratio": 51.41,
            "inventory_turnover_ratio": 0.64,
            "account_receivable_turnover_ratio": 2.19,
            "reinvestment_rate": -160.46,
            "research_to_sale_ratio": 3.32,
            "price_fair": 110.43,
            "eps_avg_yearly": 3.16,
            "eps_latest_yearly": 0.52,
            "eps_growth_yearly": 823.75
        },
        "20231": {
            "year_quarter": 20231,
            "year": 2023,
            "quarter": 1,
            "eps": 0.2,
            "eps_growth_year": -9.09,
            "eps_4q": 4.01,
            "eps_4q_growth_year": 108.41,
            "roe": 0.62,
            "roe_4q": 18.84,
            "gross_profit": 2027366,
            "gross_margin": 18.23,
            "gross_margin_4q_avg": 20.03,
            "net_income": 405314,
            "revenue": 11122354,
            "common_shares": 23395367,
            "book_valuer_per_share": 22.28,
            "book_valuer_per_share_4q_avg": 20.68,
            "equity": 64933947,
            "current_ratio": 197.85,
            "debt_ratio": 50.47,
            "inventory_turnover_ratio": 0.47,
            "account_receivable_turnover_ratio": 1.61,
            "reinvestment_rate": -138.34,
            "research_to_sale_ratio": 3.51,
            "price_fair": 101.27,
            "eps_avg_yearly": 2.89,
            "eps_latest_yearly": 0.8,
            "eps_growth_yearly": 756.16
        },
        "20232": {
            "year_quarter": 20232,
            "year": 2023,
            "quarter": 2,
            "eps": 0.25,
            "eps_growth_year": 31.58,
            "eps_4q": 4.07,
            "eps_4q_growth_year": 131.54,
            "roe": 1.23,
            "roe_4q": 20.3,
            "gross_profit": 2560423,
            "gross_margin": 19.34,
            "gross_margin_4q_avg": 18.03,
            "net_income": 808875,
            "revenue": 13240088,
            "common_shares": 23395367,
            "book_valuer_per_share": 22.92,
            "book_valuer_per_share_4q_avg": 22.09,
            "equity": 66490651,
            "current_ratio": 198.53,
            "debt_ratio": 50.86,
            "inventory_turnover_ratio": 0.55,
            "account_receivable_turnover_ratio": 2.07,
            "reinvestment_rate": -55.48,
            "research_to_sale_ratio": 3.18,
            "price_fair": 94.64,
            "eps_avg_yearly": 2.7,
            "eps_latest_yearly": 1,
            "eps_growth_yearly": 690.54
        }
    },
    "months": {
        "2001-06": {
            "month": "2001-06",
            "price": "10.19",
            "revenue": 4796914
        },
        "2001-07": {
            "month": "2001-07",
            "price": "8.20",
            "revenue": 6054362
        },
        "2001-08": {
            "month": "2001-08",
            "price": "7.54",
            "revenue": 5939967
        },
        "2001-09": {
            "month": "2001-09",
            "price": "6.14",
            "revenue": 4304615
        },
        "2001-10": {
            "month": "2001-10",
            "price": "5.44",
            "revenue": 6741879
        },
        "2001-11": {
            "month": "2001-11",
            "price": "6.63",
            "revenue": 7672854
        },
        "2001-12": {
            "month": "2001-12",
            "price": "8.55",
            "revenue": 6203980
        },
        "2002-01": {
            "month": "2002-01",
            "price": "12.48",
            "revenue": 6547200
        },
        "2002-02": {
            "month": "2002-02",
            "price": "12.07",
            "revenue": 6146074
        },
        "2002-03": {
            "month": "2002-03",
            "price": "12.27",
            "revenue": 4896969
        },
        "2002-04": {
            "month": "2002-04",
            "price": "15.08",
            "revenue": 5185950
        },
        "2002-05": {
            "month": "2002-05",
            "price": "12.29",
            "revenue": 3120767
        },
        "2002-06": {
            "month": "2002-06",
            "price": "10.42",
            "revenue": 4064604
        },
        "2002-07": {
            "month": "2002-07",
            "price": "9.41",
            "revenue": 5215002
        },
        "2002-08": {
            "month": "2002-08",
            "price": "8.17",
            "revenue": 4426109
        },
        "2002-09": {
            "month": "2002-09",
            "price": "6.70",
            "revenue": 4327113
        },
        "2002-10": {
            "month": "2002-10",
            "price": "7.20",
            "revenue": 6502942
        },
        "2002-11": {
            "month": "2002-11",
            "price": "8.11",
            "revenue": 10001214
        },
        "2002-12": {
            "month": "2002-12",
            "price": "7.70",
            "revenue": 6261894
        },
        "2003-01": {
            "month": "2003-01",
            "price": "7.79",
            "revenue": 5347187
        },
        "2003-02": {
            "month": "2003-02",
            "price": "7.09",
            "revenue": 6241455
        },
        "2003-03": {
            "month": "2003-03",
            "price": "6.50",
            "revenue": 7324206
        },
        "2003-04": {
            "month": "2003-04",
            "price": "6.54",
            "revenue": 6164331
        },
        "2003-05": {
            "month": "2003-05",
            "price": "5.59",
            "revenue": 5086472
        },
        "2003-06": {
            "month": "2003-06",
            "price": "6.59",
            "revenue": 6095945
        },
        "2003-07": {
            "month": "2003-07",
            "price": "7.38",
            "revenue": 6587984
        },
        "2003-08": {
            "month": "2003-08",
            "price": "8.66",
            "revenue": 5658790
        },
        "2003-09": {
            "month": "2003-09",
            "price": "8.85",
            "revenue": 7712125
        },
        "2003-10": {
            "month": "2003-10",
            "price": "8.72",
            "revenue": 9357318
        },
        "2003-11": {
            "month": "2003-11",
            "price": "8.83",
            "revenue": 9855799
        },
        "2003-12": {
            "month": "2003-12",
            "price": "8.63",
            "revenue": 8212519
        },
        "2004-01": {
            "month": "2004-01",
            "price": "9.11",
            "revenue": 7739708
        },
        "2004-02": {
            "month": "2004-02",
            "price": "11.58",
            "revenue": 8352898
        },
        "2004-03": {
            "month": "2004-03",
            "price": "13.47",
            "revenue": 9305668
        },
        "2004-04": {
            "month": "2004-04",
            "price": "14.09",
            "revenue": 9464546
        },
        "2004-05": {
            "month": "2004-05",
            "price": "13.22",
            "revenue": 8174665
        },
        "2004-06": {
            "month": "2004-06",
            "price": "13.09",
            "revenue": 7896088
        },
        "2004-07": {
            "month": "2004-07",
            "price": "13.27",
            "revenue": 8346645
        },
        "2004-08": {
            "month": "2004-08",
            "price": "13.44",
            "revenue": 6693647
        },
        "2004-09": {
            "month": "2004-09",
            "price": "13.80",
            "revenue": 7097233
        },
        "2004-10": {
            "month": "2004-10",
            "price": "12.81",
            "revenue": 8864899
        },
        "2004-11": {
            "month": "2004-11",
            "price": "11.82",
            "revenue": 6546391
        },
        "2004-12": {
            "month": "2004-12",
            "price": "11.65",
            "revenue": 6409120
        },
        "2005-01": {
            "month": "2005-01",
            "price": "12.01",
            "revenue": 5323512
        },
        "2005-02": {
            "month": "2005-02",
            "price": "11.75",
            "revenue": 5318090
        },
        "2005-03": {
            "month": "2005-03",
            "price": "11.86",
            "revenue": 4727556
        },
        "2005-04": {
            "month": "2005-04",
            "price": "10.10",
            "revenue": 6847761
        },
        "2005-05": {
            "month": "2005-05",
            "price": "9.25",
            "revenue": 5470995
        },
        "2005-06": {
            "month": "2005-06",
            "price": "10.12",
            "revenue": 6044781
        },
        "2005-07": {
            "month": "2005-07",
            "price": "10.21",
            "revenue": 7539011
        },
        "2005-08": {
            "month": "2005-08",
            "price": "11.07",
            "revenue": 6461910
        },
        "2005-09": {
            "month": "2005-09",
            "price": "9.26",
            "revenue": 6266993
        },
        "2005-10": {
            "month": "2005-10",
            "price": "8.39",
            "revenue": 8101023
        },
        "2005-11": {
            "month": "2005-11",
            "price": "8.22",
            "revenue": 7277873
        },
        "2005-12": {
            "month": "2005-12",
            "price": "8.85",
            "revenue": 5911864
        },
        "2006-01": {
            "month": "2006-01",
            "price": "9.08",
            "revenue": 3461618
        },
        "2006-02": {
            "month": "2006-02",
            "price": "8.25",
            "revenue": 2249825
        },
        "2006-03": {
            "month": "2006-03",
            "price": "7.56",
            "revenue": 2898914
        },
        "2006-04": {
            "month": "2006-04",
            "price": "8.56",
            "revenue": 2849405
        },
        "2006-05": {
            "month": "2006-05",
            "price": "12.34",
            "revenue": 2907547
        },
        "2006-06": {
            "month": "2006-06",
            "price": "13.10",
            "revenue": 2641799
        },
        "2006-07": {
            "month": "2006-07",
            "price": "12.10",
            "revenue": 2781844
        },
        "2006-08": {
            "month": "2006-08",
            "price": "10.93",
            "revenue": 2668289
        },
        "2006-09": {
            "month": "2006-09",
            "price": "11.07",
            "revenue": 2669656
        },
        "2006-10": {
            "month": "2006-10",
            "price": "12.01",
            "revenue": 2936748
        },
        "2006-11": {
            "month": "2006-11",
            "price": "13.35",
            "revenue": 3528844
        },
        "2006-12": {
            "month": "2006-12",
            "price": "15.30",
            "revenue": 3084949
        },
        "2007-01": {
            "month": "2007-01",
            "price": "13.53",
            "revenue": 3237071
        },
        "2007-02": {
            "month": "2007-02",
            "price": "14.18",
            "revenue": 2675501
        },
        "2007-03": {
            "month": "2007-03",
            "price": "13.58",
            "revenue": 3470761
        },
        "2007-04": {
            "month": "2007-04",
            "price": "14.53",
            "revenue": 3489663
        },
        "2007-05": {
            "month": "2007-05",
            "price": "13.98",
            "revenue": 3167091
        },
        "2007-06": {
            "month": "2007-06",
            "price": "14.33",
            "revenue": 3406958
        },
        "2007-07": {
            "month": "2007-07",
            "price": "17.70",
            "revenue": 3546409
        },
        "2007-08": {
            "month": "2007-08",
            "price": "15.48",
            "revenue": 3708031
        },
        "2007-09": {
            "month": "2007-09",
            "price": "15.61",
            "revenue": 3914218
        },
        "2007-10": {
            "month": "2007-10",
            "price": "17.34",
            "revenue": 4176633
        },
        "2007-11": {
            "month": "2007-11",
            "price": "16.18",
            "revenue": 3931095
        },
        "2007-12": {
            "month": "2007-12",
            "price": "15.66",
            "revenue": 4348707
        },
        "2008-01": {
            "month": "2008-01",
            "price": "16.58",
            "revenue": 3701065
        },
        "2008-02": {
            "month": "2008-02",
            "price": "17.76",
            "revenue": 2676119
        },
        "2008-03": {
            "month": "2008-03",
            "price": "19.76",
            "revenue": 3154831
        },
        "2008-04": {
            "month": "2008-04",
            "price": "19.03",
            "revenue": 3312643
        },
        "2008-05": {
            "month": "2008-05",
            "price": "17.86",
            "revenue": 3077378
        },
        "2008-06": {
            "month": "2008-06",
            "price": "14.60",
            "revenue": 3160025
        },
        "2008-07": {
            "month": "2008-07",
            "price": "11.38",
            "revenue": 2968839
        },
        "2008-08": {
            "month": "2008-08",
            "price": "11.26",
            "revenue": 2863380
        },
        "2008-09": {
            "month": "2008-09",
            "price": "8.55",
            "revenue": 3052702
        },
        "2008-10": {
            "month": "2008-10",
            "price": "6.11",
            "revenue": 3404271
        },
        "2008-11": {
            "month": "2008-11",
            "price": "5.56",
            "revenue": 2789252
        },
        "2008-12": {
            "month": "2008-12",
            "price": "5.97",
            "revenue": 3115760
        },
        "2009-01": {
            "month": "2009-01",
            "price": "5.85",
            "revenue": 2513516
        },
        "2009-02": {
            "month": "2009-02",
            "price": "5.62",
            "revenue": 2106939
        },
        "2009-03": {
            "month": "2009-03",
            "price": "6.02",
            "revenue": 2570106
        },
        "2009-04": {
            "month": "2009-04",
            "price": "8.17",
            "revenue": 2238466
        },
        "2009-05": {
            "month": "2009-05",
            "price": "9.22",
            "revenue": 2294464
        },
        "2009-06": {
            "month": "2009-06",
            "price": "8.42",
            "revenue": 2660189
        },
        "2009-07": {
            "month": "2009-07",
            "price": "8.52",
            "revenue": 2689235
        },
        "2009-08": {
            "month": "2009-08",
            "price": "7.71",
            "revenue": 2563820
        },
        "2009-09": {
            "month": "2009-09",
            "price": "7.58",
            "revenue": 2798576
        },
        "2009-10": {
            "month": "2009-10",
            "price": "7.55",
            "revenue": 2541930
        },
        "2009-11": {
            "month": "2009-11",
            "price": "7.34",
            "revenue": 2575580
        },
        "2009-12": {
            "month": "2009-12",
            "price": "7.61",
            "revenue": 2711149
        },
        "2010-01": {
            "month": "2010-01",
            "price": "7.56",
            "revenue": 3064516
        },
        "2010-02": {
            "month": "2010-02",
            "price": "6.69",
            "revenue": 2780899
        },
        "2010-03": {
            "month": "2010-03",
            "price": "7.28",
            "revenue": 3026442
        },
        "2010-04": {
            "month": "2010-04",
            "price": "7.40",
            "revenue": 3404934
        },
        "2010-05": {
            "month": "2010-05",
            "price": "6.02",
            "revenue": 3361613
        },
        "2010-06": {
            "month": "2010-06",
            "price": "5.83",
            "revenue": 3570407
        },
        "2010-07": {
            "month": "2010-07",
            "price": "5.77",
            "revenue": 3505391
        },
        "2010-08": {
            "month": "2010-08",
            "price": "5.75",
            "revenue": 3357218
        },
        "2010-09": {
            "month": "2010-09",
            "price": "5.61",
            "revenue": 3146005
        },
        "2010-10": {
            "month": "2010-10",
            "price": "7.43",
            "revenue": 3024499
        },
        "2010-11": {
            "month": "2010-11",
            "price": "7.47",
            "revenue": 3214584
        },
        "2010-12": {
            "month": "2010-12",
            "price": "7.59",
            "revenue": 3152104
        },
        "2011-01": {
            "month": "2011-01",
            "price": "7.27",
            "revenue": 3180020
        },
        "2011-02": {
            "month": "2011-02",
            "price": "6.48",
            "revenue": 2697853
        },
        "2011-03": {
            "month": "2011-03",
            "price": "6.87",
            "revenue": 3502656
        },
        "2011-04": {
            "month": "2011-04",
            "price": "14.74",
            "revenue": 3343495
        },
        "2011-05": {
            "month": "2011-05",
            "price": "13.67",
            "revenue": 3245467
        },
        "2011-06": {
            "month": "2011-06",
            "price": "12.76",
            "revenue": 3304841
        },
        "2011-07": {
            "month": "2011-07",
            "price": "13.47",
            "revenue": 3332520
        },
        "2011-08": {
            "month": "2011-08",
            "price": "13.94",
            "revenue": 3617577
        },
        "2011-09": {
            "month": "2011-09",
            "price": "11.64",
            "revenue": 3168295
        },
        "2011-10": {
            "month": "2011-10",
            "price": "10.96",
            "revenue": 3149683
        },
        "2011-11": {
            "month": "2011-11",
            "price": "9.53",
            "revenue": 2950710
        },
        "2011-12": {
            "month": "2011-12",
            "price": "7.74",
            "revenue": 2915362
        },
        "2012-01": {
            "month": "2012-01",
            "price": "7.87",
            "revenue": 2648218
        },
        "2012-02": {
            "month": "2012-02",
            "price": "9.52",
            "revenue": 2814598
        },
        "2012-03": {
            "month": "2012-03",
            "price": "9.43",
            "revenue": 2979493
        },
        "2012-04": {
            "month": "2012-04",
            "price": "8.10",
            "revenue": 2948229
        },
        "2012-05": {
            "month": "2012-05",
            "price": "7.35",
            "revenue": 2917048
        },
        "2012-06": {
            "month": "2012-06",
            "price": "6.25",
            "revenue": 2638070
        },
        "2012-07": {
            "month": "2012-07",
            "price": "6.10",
            "revenue": 2776444
        },
        "2012-08": {
            "month": "2012-08",
            "price": "6.09",
            "revenue": 2464773
        },
        "2012-09": {
            "month": "2012-09",
            "price": "7.06",
            "revenue": 2532632
        },
        "2012-10": {
            "month": "2012-10",
            "price": "7.33",
            "revenue": 2332172
        },
        "2012-11": {
            "month": "2012-11",
            "price": "6.98",
            "revenue": 2120899
        },
        "2012-12": {
            "month": "2012-12",
            "price": "7.26",
            "revenue": 3012512
        },
        "2013-01": {
            "month": "2013-01",
            "price": "7.67",
            "revenue": 9293659
        },
        "2013-02": {
            "month": "2013-02",
            "price": "8.03",
            "revenue": 7399089
        },
        "2013-03": {
            "month": "2013-03",
            "price": "7.65",
            "revenue": 8613451
        },
        "2013-04": {
            "month": "2013-04",
            "price": "7.24",
            "revenue": 8896978
        },
        "2013-05": {
            "month": "2013-05",
            "price": "7.63",
            "revenue": 10356294
        },
        "2013-06": {
            "month": "2013-06",
            "price": "7.78",
            "revenue": 9559338
        },
        "2013-07": {
            "month": "2013-07",
            "price": "7.57",
            "revenue": 9597075
        },
        "2013-08": {
            "month": "2013-08",
            "price": "7.37",
            "revenue": 9816714
        },
        "2013-09": {
            "month": "2013-09",
            "price": "7.56",
            "revenue": 9585471
        },
        "2013-10": {
            "month": "2013-10",
            "price": "8.09",
            "revenue": 10034447
        },
        "2013-11": {
            "month": "2013-11",
            "price": "7.95",
            "revenue": 9981318
        },
        "2013-12": {
            "month": "2013-12",
            "price": "8.13",
            "revenue": 9844845
        },
        "2014-01": {
            "month": "2014-01",
            "price": "8.58",
            "revenue": 9308025
        },
        "2014-02": {
            "month": "2014-02",
            "price": "9.42",
            "revenue": 8506497
        },
        "2014-03": {
            "month": "2014-03",
            "price": "9.49",
            "revenue": 11650179
        },
        "2014-04": {
            "month": "2014-04",
            "price": "9.38",
            "revenue": 8243326
        },
        "2014-05": {
            "month": "2014-05",
            "price": "9.62",
            "revenue": 8707783
        },
        "2014-06": {
            "month": "2014-06",
            "price": "9.64",
            "revenue": 11300082
        },
        "2014-07": {
            "month": "2014-07",
            "price": "9.74",
            "revenue": 8677449
        },
        "2014-08": {
            "month": "2014-08",
            "price": "9.66",
            "revenue": 8638328
        },
        "2014-09": {
            "month": "2014-09",
            "price": "9.38",
            "revenue": 9695150
        },
        "2014-10": {
            "month": "2014-10",
            "price": "8.67",
            "revenue": 9444373
        },
        "2014-11": {
            "month": "2014-11",
            "price": "8.33",
            "revenue": 9055014
        },
        "2014-12": {
            "month": "2014-12",
            "price": "8.55",
            "revenue": 9536326
        },
        "2015-01": {
            "month": "2015-01",
            "price": "8.93",
            "revenue": 9244626
        },
        "2015-02": {
            "month": "2015-02",
            "price": "8.71",
            "revenue": 7266896
        },
        "2015-03": {
            "month": "2015-03",
            "price": "8.58",
            "revenue": 8544706
        },
        "2015-04": {
            "month": "2015-04",
            "price": "8.25",
            "revenue": 7737897
        },
        "2015-05": {
            "month": "2015-05",
            "price": "7.47",
            "revenue": 7277126
        },
        "2015-06": {
            "month": "2015-06",
            "price": "6.97",
            "revenue": 7773961
        },
        "2015-07": {
            "month": "2015-07",
            "price": "6.26",
            "revenue": 7304025
        },
        "2015-08": {
            "month": "2015-08",
            "price": "5.46",
            "revenue": 7904349
        },
        "2015-09": {
            "month": "2015-09",
            "price": "5.20",
            "revenue": 8566010
        },
        "2015-10": {
            "month": "2015-10",
            "price": "5.80",
            "revenue": 7947047
        },
        "2015-11": {
            "month": "2015-11",
            "price": "5.64",
            "revenue": 7590188
        },
        "2015-12": {
            "month": "2015-12",
            "price": "5.37",
            "revenue": 7663427
        },
        "2016-01": {
            "month": "2016-01",
            "price": "5.14",
            "revenue": 6826264
        },
        "2016-02": {
            "month": "2016-02",
            "price": "5.18",
            "revenue": 6104679
        },
        "2016-03": {
            "month": "2016-03",
            "price": "5.51",
            "revenue": 6713554
        },
        "2016-04": {
            "month": "2016-04",
            "price": "5.16",
            "revenue": 6749596
        },
        "2016-05": {
            "month": "2016-05",
            "price": "4.82",
            "revenue": 6589408
        },
        "2016-06": {
            "month": "2016-06",
            "price": "4.96",
            "revenue": 5996149
        },
        "2016-07": {
            "month": "2016-07",
            "price": "5.20",
            "revenue": 5976597
        },
        "2016-08": {
            "month": "2016-08",
            "price": "5.42",
            "revenue": 5711848
        },
        "2016-09": {
            "month": "2016-09",
            "price": "6.72",
            "revenue": 6068762
        },
        "2016-10": {
            "month": "2016-10",
            "price": "7.81",
            "revenue": 6784485
        },
        "2016-11": {
            "month": "2016-11",
            "price": "9.05",
            "revenue": 6997586
        },
        "2016-12": {
            "month": "2016-12",
            "price": "9.37",
            "revenue": 7262562
        },
        "2017-01": {
            "month": "2017-01",
            "price": "12.18",
            "revenue": 6365200
        },
        "2017-02": {
            "month": "2017-02",
            "price": "17.06",
            "revenue": 5856514
        },
        "2017-03": {
            "month": "2017-03",
            "price": "12.82",
            "revenue": 6318151
        },
        "2017-04": {
            "month": "2017-04",
            "price": "11.35",
            "revenue": 5768920
        },
        "2017-05": {
            "month": "2017-05",
            "price": "10.52",
            "revenue": 5691293
        },
        "2017-06": {
            "month": "2017-06",
            "price": "12.82",
            "revenue": 5713728
        },
        "2017-07": {
            "month": "2017-07",
            "price": "12.29",
            "revenue": 6278172
        },
        "2017-08": {
            "month": "2017-08",
            "price": "12.37",
            "revenue": 6774952
        },
        "2017-09": {
            "month": "2017-09",
            "price": "13.13",
            "revenue": 6962673
        },
        "2017-10": {
            "month": "2017-10",
            "price": "13.24",
            "revenue": 6768155
        },
        "2017-11": {
            "month": "2017-11",
            "price": "15.44",
            "revenue": 6831485
        },
        "2017-12": {
            "month": "2017-12",
            "price": "18.32",
            "revenue": 6479571
        },
        "2018-01": {
            "month": "2018-01",
            "price": "23.78",
            "revenue": 6218889
        },
        "2018-02": {
            "month": "2018-02",
            "price": "24.14",
            "revenue": 4902361
        },
        "2018-03": {
            "month": "2018-03",
            "price": "23.07",
            "revenue": 5332254
        },
        "2018-04": {
            "month": "2018-04",
            "price": "23.41",
            "revenue": 5355186
        },
        "2018-05": {
            "month": "2018-05",
            "price": "22.65",
            "revenue": 5386879
        },
        "2018-06": {
            "month": "2018-06",
            "price": "25.35",
            "revenue": 5488490
        },
        "2018-07": {
            "month": "2018-07",
            "price": "34.62",
            "revenue": 5516461
        },
        "2018-08": {
            "month": "2018-08",
            "price": "37.53",
            "revenue": 5302165
        },
        "2018-09": {
            "month": "2018-09",
            "price": "36.29",
            "revenue": 4810866
        },
        "2018-10": {
            "month": "2018-10",
            "price": "37.49",
            "revenue": 4402936
        },
        "2018-11": {
            "month": "2018-11",
            "price": "39.43",
            "revenue": 3844148
        },
        "2018-12": {
            "month": "2018-12",
            "price": "32.66",
            "revenue": 4119178
        },
        "2019-01": {
            "month": "2019-01",
            "price": "26.20",
            "revenue": 3062480
        },
        "2019-02": {
            "month": "2019-02",
            "price": "26.15",
            "revenue": 2213442
        },
        "2019-03": {
            "month": "2019-03",
            "price": "25.81",
            "revenue": 2862887
        },
        "2019-04": {
            "month": "2019-04",
            "price": "25.66",
            "revenue": 2805065
        },
        "2019-05": {
            "month": "2019-05",
            "price": "22.45",
            "revenue": 2618532
        },
        "2019-06": {
            "month": "2019-06",
            "price": "20.16",
            "revenue": 2671997
        },
        "2019-07": {
            "month": "2019-07",
            "price": "19.34",
            "revenue": 2712754
        },
        "2019-08": {
            "month": "2019-08",
            "price": "18.15",
            "revenue": 2874934
        },
        "2019-09": {
            "month": "2019-09",
            "price": "17.48",
            "revenue": 2753458
        },
        "2019-10": {
            "month": "2019-10",
            "price": "17.14",
            "revenue": 2777135
        },
        "2019-11": {
            "month": "2019-11",
            "price": "20.27",
            "revenue": 4219351
        },
        "2019-12": {
            "month": "2019-12",
            "price": "21.08",
            "revenue": 3810080
        },
        "2020-01": {
            "month": "2020-01",
            "price": "20.88",
            "revenue": 2515305
        },
        "2020-02": {
            "month": "2020-02",
            "price": "21.35",
            "revenue": 3027364
        },
        "2020-03": {
            "month": "2020-03",
            "price": "19.40",
            "revenue": 3387482
        },
        "2020-04": {
            "month": "2020-04",
            "price": "22.01",
            "revenue": 2591892
        },
        "2020-05": {
            "month": "2020-05",
            "price": "20.85",
            "revenue": 2469955
        },
        "2020-06": {
            "month": "2020-06",
            "price": "21.32",
            "revenue": 2747782
        },
        "2020-07": {
            "month": "2020-07",
            "price": "20.07",
            "revenue": 2636869
        },
        "2020-08": {
            "month": "2020-08",
            "price": "16.10",
            "revenue": 2268775
        },
        "2020-09": {
            "month": "2020-09",
            "price": "16.44",
            "revenue": 2478018
        },
        "2020-10": {
            "month": "2020-10",
            "price": "19.23",
            "revenue": 2351850
        },
        "2020-11": {
            "month": "2020-11",
            "price": "19.91",
            "revenue": 2624403
        },
        "2020-12": {
            "month": "2020-12",
            "price": "24.68",
            "revenue": 2529089
        },
        "2021-01": {
            "month": "2021-01",
            "price": "25.58",
            "revenue": 2449678
        },
        "2021-02": {
            "month": "2021-02",
            "price": "26.37",
            "revenue": 1829442
        },
        "2021-03": {
            "month": "2021-03",
            "price": "28.02",
            "revenue": 2359809
        },
        "2021-04": {
            "month": "2021-04",
            "price": "26.90",
            "revenue": 2218017
        },
        "2021-05": {
            "month": "2021-05",
            "price": "23.91",
            "revenue": 2764705
        },
        "2021-06": {
            "month": "2021-06",
            "price": "24.73",
            "revenue": 2427273
        },
        "2021-07": {
            "month": "2021-07",
            "price": "24.38",
            "revenue": 2350992
        },
        "2021-08": {
            "month": "2021-08",
            "price": "27.23",
            "revenue": 2793519
        },
        "2021-09": {
            "month": "2021-09",
            "price": "30.88",
            "revenue": 2918163
        },
        "2021-10": {
            "month": "2021-10",
            "price": "34.08",
            "revenue": 2210990
        },
        "2021-11": {
            "month": "2021-11",
            "price": "34.88",
            "revenue": 2600720
        },
        "2021-12": {
            "month": "2021-12",
            "price": "32.55",
            "revenue": 2872978
        },
        "2022-01": {
            "month": "2022-01",
            "price": "30.55",
            "revenue": 2727030
        },
        "2022-02": {
            "month": "2022-02",
            "price": "30.93",
            "revenue": 2048194
        },
        "2022-03": {
            "month": "2022-03",
            "price": "33.87",
            "revenue": 2894545
        },
        "2022-04": {
            "month": "2022-04",
            "price": "34.40",
            "revenue": 2098835
        },
        "2022-05": {
            "month": "2022-05",
            "price": "34.89",
            "revenue": 2336446
        },
        "2022-06": {
            "month": "2022-06",
            "price": "35.02",
            "revenue": 2469205
        },
        "2022-07": {
            "month": "2022-07",
            "price": "34.40",
            "revenue": 2301653
        },
        "2022-08": {
            "month": "2022-08",
            "price": "34.20",
            "revenue": 2406367
        },
        "2022-09": {
            "month": "2022-09",
            "price": "32.91",
            "revenue": 2511741
        },
        "2022-10": {
            "month": "2022-10",
            "price": "32.08",
            "revenue": 4366880
        },
        "2022-11": {
            "month": "2022-11",
            "price": "31.58",
            "revenue": 4051237
        },
        "2022-12": {
            "month": "2022-12",
            "price": "33.87",
            "revenue": 4424394
        },
        "2023-01": {
            "month": "2023-01",
            "price": "33.81",
            "revenue": 3538518
        },
        "2023-02": {
            "month": "2023-02",
            "price": "33.92",
            "revenue": 3556033
        },
        "2023-03": {
            "month": "2023-03",
            "price": "33.15",
            "revenue": 4028777
        },
        "2023-04": {
            "month": "2023-04",
            "price": "33.01",
            "revenue": 3863214
        },
        "2023-05": {
            "month": "2023-05",
            "price": "37.08",
            "revenue": 4495318
        },
        "2023-06": {
            "month": "2023-06",
            "price": "46.10",
            "revenue": 4886280
        },
        "2023-07": {
            "month": "2023-07",
            "price": "52.57",
            "revenue": 3877658
        },
        "2023-08": {
            "month": "2023-08",
            "price": "50.65",
            "revenue": 3817751
        }
    }
}
