{
    "summary": {
        "stock_name": "震旦行",
        "stock_id": "2373",
        "category": "其他電子",
        "main_business": "辦公室自動化設備、系統辦公家具等",
        "website_url": "http://www.aurora.com.tw",
        "ceo": "周銘中",
        "pe_ratio": 14,
        "report_year_from": 2001,
        "report_year_to": 2023,
        "age": 23,
        "eps_negative_percentage": 4,
        "eps_growth_avg": {
            "last_all": 9.02,
            "last_2y": -15.77,
            "last_4y": -10.5,
            "last_8y": 3.96,
            "last_12y": 6.06,
            "last_16y": 6.69,
            "last_20y": 9.02,
            "at_2006_last_3y": 18.9,
            "at_2007_last_3y": 6.55,
            "at_2008_last_3y": 18.3,
            "at_2009_last_3y": 2.85,
            "at_2010_last_3y": 8.75,
            "at_2011_last_3y": 18.11,
            "at_2012_last_3y": 18.82,
            "at_2013_last_3y": 17.74,
            "at_2014_last_3y": 10.79,
            "at_2015_last_3y": 2.89,
            "at_2016_last_3y": 3.76,
            "at_2017_last_3y": 20.55,
            "at_2018_last_3y": 22.02,
            "at_2019_last_3y": 17.14,
            "at_2020_last_3y": 16.84,
            "at_2021_last_3y": -3.4,
            "at_2022_last_3y": -3.6,
            "at_2023_last_3y": -10.69,
            "at_2024_last_3y": -10.69,
            "at_2006_last_all": 18.9,
            "at_2007_last_all": 15.91,
            "at_2008_last_all": 13.17,
            "at_2009_last_all": 13.41,
            "at_2010_last_all": 13.83,
            "at_2011_last_all": 16.89,
            "at_2012_last_all": 15.43,
            "at_2013_last_all": 14.98,
            "at_2014_last_all": 12.81,
            "at_2015_last_all": 12.58,
            "at_2016_last_all": 12.1,
            "at_2017_last_all": 16.47,
            "at_2018_last_all": 15.12,
            "at_2019_last_all": 13.65,
            "at_2020_last_all": 13.15,
            "at_2021_last_all": 12.29,
            "at_2022_last_all": 11.37,
            "at_2023_last_all": 9.02,
            "at_2024_last_all": 9.02
        },
        "latest_eps": 5.3,
        "latest_price": 74.7,
        "latest_roe": 14.97,
        "latest_gross_margin": 46.69,
        "latest_equity": 8569072,
        "latest_revenue": 2802977,
        "latest_gross_profit": 1308696,
        "latest_net_income": 335523,
        "latest_debt_ratio": 52.13,
        "latest_current_ratio": 204.32,
        "latest_account_receivable_turnover_ratio": 2.05,
        "latest_inventory_turnover_ratio": 1.1,
        "latest_reinvestment_rate": 17.68,
        "latest_research_to_sale_ratio": null
    },
    "eps_dividends": {
        "1990": {
            "cash": 0,
            "stock": 3.26,
            "eps": 0
        },
        "1991": {
            "cash": 0.5,
            "stock": 1.59,
            "eps": 0
        },
        "1992": {
            "cash": 1,
            "stock": 1,
            "eps": 0
        },
        "1993": {
            "cash": 0,
            "stock": 1.5,
            "eps": 0
        },
        "1994": {
            "cash": 0,
            "stock": 1.7,
            "eps": 0
        },
        "1995": {
            "cash": 0,
            "stock": 2,
            "eps": 0
        },
        "1996": {
            "cash": 0,
            "stock": 1,
            "eps": 0
        },
        "2001": {
            "cash": 1,
            "stock": 1,
            "eps": -5.02
        },
        "2002": {
            "cash": 0,
            "stock": 0,
            "eps": 1.33
        },
        "2003": {
            "cash": 1,
            "stock": 0,
            "eps": 2.04
        },
        "2004": {
            "cash": 0,
            "stock": 0,
            "eps": 1.07
        },
        "2005": {
            "cash": 0.86,
            "stock": 0,
            "eps": 1.89
        },
        "2006": {
            "cash": 1.55,
            "stock": 0,
            "eps": 1.76
        },
        "2007": {
            "cash": 1.4,
            "stock": 0.2,
            "eps": 1.83
        },
        "2008": {
            "cash": 1.27,
            "stock": 0.37,
            "eps": 1.82
        },
        "2009": {
            "cash": 1.09,
            "stock": 0,
            "eps": 2.09
        },
        "2010": {
            "cash": 2,
            "stock": 0,
            "eps": 2.44
        },
        "2011": {
            "cash": 4.8,
            "stock": 0,
            "eps": 3.45
        },
        "2012": {
            "cash": 0,
            "stock": 0,
            "eps": 3.53
        },
        "2013": {
            "cash": 3,
            "stock": 0,
            "eps": 3.9
        },
        "2014": {
            "cash": 3.3,
            "stock": 0,
            "eps": 3.47
        },
        "2015": {
            "cash": 3,
            "stock": 0,
            "eps": 3.81
        },
        "2016": {
            "cash": 3.2,
            "stock": 0,
            "eps": 4.03
        },
        "2017": {
            "cash": 3.25,
            "stock": 0,
            "eps": 7.16
        },
        "2018": {
            "cash": 6,
            "stock": 0,
            "eps": 6.79
        },
        "2019": {
            "cash": 6,
            "stock": 0,
            "eps": 6.13
        },
        "2020": {
            "cash": 6,
            "stock": 0,
            "eps": 6.41
        },
        "2021": {
            "cash": 6,
            "stock": 0,
            "eps": 6.2
        },
        "2022": {
            "cash": 6,
            "stock": 0,
            "eps": 5.83
        },
        "2023": {
            "cash": 4.7,
            "stock": 0,
            "eps": 3.61
        }
    },
    "dividends": {
        "1990-02-20": {
            "cash": 0,
            "stock": 3.26
        },
        "1991-02-23": {
            "cash": 0.5,
            "stock": 1.59
        },
        "1992-06-13": {
            "cash": 1,
            "stock": 1
        },
        "1993-05-19": {
            "cash": 0,
            "stock": 1.5
        },
        "1994-05-27": {
            "cash": 0,
            "stock": 1.7
        },
        "1995-05-15": {
            "cash": 0,
            "stock": 2
        },
        "1996-05-27": {
            "cash": 0,
            "stock": 1
        },
        "2001-04-24": {
            "cash": 1,
            "stock": 1
        },
        "2003-03-10": {
            "cash": 1,
            "stock": 0
        },
        "2005-04-27": {
            "cash": 0.86,
            "stock": 0
        },
        "2006-04-21": {
            "cash": 1.55,
            "stock": 0
        },
        "2007-04-25": {
            "cash": 1.4,
            "stock": 0.2
        },
        "2008-03-24": {
            "cash": 1.27,
            "stock": 0.37
        },
        "2009-03-23": {
            "cash": 1.09,
            "stock": 0
        },
        "2010-04-06": {
            "cash": 2,
            "stock": 0
        },
        "2011-01-01": {
            "cash": 2.8,
            "stock": 0
        },
        "2011-03-21": {
            "cash": 2,
            "stock": 0
        },
        "2013-03-25": {
            "cash": 3,
            "stock": 0
        },
        "2014-06-12": {
            "cash": 3.3,
            "stock": 0
        },
        "2015-07-15": {
            "cash": 3,
            "stock": 0
        },
        "2016-07-15": {
            "cash": 3.2,
            "stock": 0
        },
        "2017-07-20": {
            "cash": 3.25,
            "stock": 0
        },
        "2018-07-26": {
            "cash": 6,
            "stock": 0
        },
        "2019-07-26": {
            "cash": 6,
            "stock": 0
        },
        "2020-07-24": {
            "cash": 6,
            "stock": 0
        },
        "2021-08-20": {
            "cash": 6,
            "stock": 0
        },
        "2022-07-22": {
            "cash": 6,
            "stock": 0
        },
        "2023-07-26": {
            "cash": 4.7,
            "stock": 0
        }
    },
    "prices": {
        "200101": "25.88",
        "200102": "25.85",
        "200103": "29.97",
        "200104": "34.12",
        "200105": "33.49",
        "200106": "27.79",
        "200107": "18.66",
        "200108": "13.54",
        "200109": "8.77",
        "200110": "7.23",
        "200111": "8.83",
        "200112": "10.44",
        "200201": "11.51",
        "200202": "10.96",
        "200203": "12.74",
        "200204": "14.41",
        "200205": "12.65",
        "200206": "9.72",
        "200207": "8.62",
        "200208": "8.61",
        "200209": "9.32",
        "200210": "8.30",
        "200211": "9.20",
        "200212": "8.30",
        "200301": "16.29",
        "200302": "14.71",
        "200303": "13.53",
        "200304": "13.26",
        "200305": "13.06",
        "200306": "16.59",
        "200307": "21.32",
        "200308": "23.15",
        "200309": "20.32",
        "200310": "19.90",
        "200311": "21.74",
        "200312": "21.59",
        "200401": "21.50",
        "200402": "22.66",
        "200403": "21.83",
        "200404": "20.90",
        "200405": "19.69",
        "200406": "18.25",
        "200407": "17.55",
        "200408": "18.58",
        "200409": "19.80",
        "200410": "18.66",
        "200411": "17.83",
        "200412": "18.44",
        "200501": "17.81",
        "200502": "17.42",
        "200503": "17.58",
        "200504": "17.04",
        "200505": "18.51",
        "200506": "19.23",
        "200507": "18.12",
        "200508": "16.87",
        "200509": "17.45",
        "200510": "16.94",
        "200511": "16.82",
        "200512": "18.50",
        "200601": "19.71",
        "200602": "19.09",
        "200603": "18.18",
        "200604": "18.60",
        "200605": "19.25",
        "200606": "18.42",
        "200607": "17.09",
        "200608": "17.01",
        "200609": "16.86",
        "200610": "17.82",
        "200611": "18.55",
        "200612": "18.91",
        "200701": "19.75",
        "200702": "19.15",
        "200703": "18.74",
        "200704": "20.00",
        "200705": "18.97",
        "200706": "19.72",
        "200707": "20.99",
        "200708": "27.63",
        "200709": "31.54",
        "200710": "32.71",
        "200711": "30.07",
        "200712": "27.43",
        "200801": "25.90",
        "200802": "26.95",
        "200803": "29.79",
        "200804": "30.16",
        "200805": "30.03",
        "200806": "28.49",
        "200807": "26.81",
        "200808": "26.61",
        "200809": "23.75",
        "200810": "23.91",
        "200811": "23.50",
        "200812": "22.88",
        "200901": "22.59",
        "200902": "22.72",
        "200903": "25.06",
        "200904": "29.30",
        "200905": "30.56",
        "200906": "29.57",
        "200907": "31.10",
        "200908": "31.24",
        "200909": "33.74",
        "200910": "34.72",
        "200911": "35.92",
        "200912": "35.48",
        "201001": "36.99",
        "201002": "36.05",
        "201003": "37.30",
        "201004": "44.36",
        "201005": "43.18",
        "201006": "42.15",
        "201007": "49.35",
        "201008": "62.59",
        "201009": "57.50",
        "201010": "53.95",
        "201011": "51.74",
        "201012": "54.72",
        "201101": "52.29",
        "201102": "50.23",
        "201103": "49.53",
        "201104": "53.42",
        "201105": "55.77",
        "201106": "53.33",
        "201107": "55.90",
        "201108": "53.53",
        "201109": "48.22",
        "201110": "46.46",
        "201111": "46.93",
        "201112": "46.37",
        "201201": "43.88",
        "201202": "49.11",
        "201203": "53.14",
        "201204": "49.59",
        "201205": "49.10",
        "201206": "46.55",
        "201207": "42.95",
        "201208": "44.77",
        "201209": "45.33",
        "201210": "43.72",
        "201211": "43.10",
        "201212": "43.90",
        "201301": "43.30",
        "201302": "45.97",
        "201303": "49.95",
        "201304": "53.48",
        "201305": "53.73",
        "201306": "55.02",
        "201307": "58.15",
        "201308": "57.43",
        "201309": "57.71",
        "201310": "62.44",
        "201311": "59.16",
        "201312": "63.45",
        "201401": "62.63",
        "201402": "59.71",
        "201403": "57.09",
        "201404": "56.51",
        "201405": "55.70",
        "201406": "56.52",
        "201407": "53.28",
        "201408": "52.36",
        "201409": "50.98",
        "201410": "50.95",
        "201411": "50.46",
        "201412": "53.44",
        "201501": "53.98",
        "201502": "53.68",
        "201503": "53.60",
        "201504": "53.38",
        "201505": "53.76",
        "201506": "53.38",
        "201507": "50.82",
        "201508": "51.05",
        "201509": "51.18",
        "201510": "51.51",
        "201511": "51.35",
        "201512": "51.13",
        "201601": "51.13",
        "201602": "53.44",
        "201603": "56.00",
        "201604": "56.54",
        "201605": "55.90",
        "201606": "54.95",
        "201607": "51.58",
        "201608": "50.79",
        "201609": "51.16",
        "201610": "51.13",
        "201611": "51.43",
        "201612": "51.90",
        "201701": "54.08",
        "201702": "55.03",
        "201703": "59.68",
        "201704": "58.40",
        "201705": "56.87",
        "201706": "60.80",
        "201707": "57.88",
        "201708": "59.26",
        "201709": "83.79",
        "201710": "89.54",
        "201711": "88.99",
        "201712": "87.71",
        "201801": "87.84",
        "201802": "90.82",
        "201803": "90.57",
        "201804": "88.91",
        "201805": "89.98",
        "201806": "90.88",
        "201807": "87.55",
        "201808": "94.31",
        "201809": "98.04",
        "201810": "92.86",
        "201811": "95.08",
        "201812": "94.68",
        "201901": "91.80",
        "201902": "91.37",
        "201903": "92.40",
        "201904": "94.08",
        "201905": "95.87",
        "201906": "97.41",
        "201907": "96.33",
        "201908": "95.00",
        "201909": "96.01",
        "201910": "93.94",
        "201911": "93.86",
        "201912": "90.58",
        "202001": "90.05",
        "202002": "89.03",
        "202003": "85.16",
        "202004": "87.47",
        "202005": "89.08",
        "202006": "90.62",
        "202007": "88.21",
        "202008": "83.90",
        "202009": "85.18",
        "202010": "85.63",
        "202011": "86.25",
        "202012": "87.52",
        "202101": "87.50",
        "202102": "87.08",
        "202103": "91.21",
        "202104": "92.79",
        "202105": "90.96",
        "202106": "92.06",
        "202107": "92.97",
        "202108": "88.93",
        "202109": "88.38",
        "202110": "88.61",
        "202111": "89.28",
        "202112": "89.90",
        "202201": "89.75",
        "202202": "89.83",
        "202203": "90.31",
        "202204": "90.74",
        "202205": "88.31",
        "202206": "87.97",
        "202207": "85.10",
        "202208": "84.37",
        "202209": "82.41",
        "202210": "79.70",
        "202211": "78.22",
        "202212": "78.04",
        "202301": "77.69",
        "202302": "79.48",
        "202303": "79.64",
        "202304": "79.90",
        "202305": "80.19",
        "202306": "80.50",
        "202307": "77.00",
        "202308": "75.75",
        "202309": "75.74",
        "202310": "74.70",
        "202311": "74.41",
        "202312": "75.52"
    },
    "quarters": {
        "20011": {
            "year_quarter": 20011,
            "year": 2001,
            "quarter": 1,
            "eps": 0.15,
            "eps_growth_year": -86.36,
            "eps_4q": -0.26,
            "eps_4q_growth_year": -109.55,
            "roe": 1.12,
            "roe_4q": 1.12,
            "gross_profit": 613204,
            "gross_margin": 16.78,
            "gross_margin_4q_avg": 16.78,
            "net_income": 85655,
            "net_income_4q": null,
            "revenue": 3653582,
            "revenue_4q": null,
            "common_shares": 6271771,
            "book_valuer_per_share": 12.65,
            "book_valuer_per_share_4q_avg": 12.65,
            "equity": 7930701,
            "current_ratio": 151.88,
            "debt_ratio": 46.34,
            "inventory_turnover_ratio": 1.33,
            "account_receivable_turnover_ratio": null,
            "reinvestment_rate": null,
            "research_to_sale_ratio": null,
            "price_fair": 0,
            "eps_avg_yearly": 0,
            "eps_latest_yearly": 0,
            "eps_growth_yearly": 0
        },
        "20012": {
            "year_quarter": 20012,
            "year": 2001,
            "quarter": 2,
            "eps": -0.12,
            "eps_growth_year": -131.58,
            "eps_4q": -0.67,
            "eps_4q_growth_year": -132.73,
            "roe": -0.95,
            "roe_4q": 0.17000000000000015,
            "gross_profit": 534153,
            "gross_margin": 14.25,
            "gross_margin_4q_avg": 15.52,
            "net_income": -74428,
            "net_income_4q": null,
            "revenue": 3749157,
            "revenue_4q": null,
            "common_shares": 6853948,
            "book_valuer_per_share": 11.18,
            "book_valuer_per_share_4q_avg": 11.92,
            "equity": 7664007,
            "current_ratio": 142.67,
            "debt_ratio": 48.12,
            "inventory_turnover_ratio": 1.91,
            "account_receivable_turnover_ratio": null,
            "reinvestment_rate": null,
            "research_to_sale_ratio": null,
            "price_fair": 0,
            "eps_avg_yearly": 0,
            "eps_latest_yearly": 0,
            "eps_growth_yearly": 0
        },
        "20013": {
            "year_quarter": 20013,
            "year": 2001,
            "quarter": 3,
            "eps": -0.72,
            "eps_growth_year": null,
            "eps_4q": -1.29,
            "eps_4q_growth_year": -181.62,
            "roe": -6.75,
            "roe_4q": -6.58,
            "gross_profit": 217860,
            "gross_margin": 6.12,
            "gross_margin_4q_avg": 12.38,
            "net_income": -458839,
            "net_income_4q": null,
            "revenue": 3558530,
            "revenue_4q": null,
            "common_shares": 6853948,
            "book_valuer_per_share": 8.64,
            "book_valuer_per_share_4q_avg": 10.82,
            "equity": 5923381,
            "current_ratio": 130.97,
            "debt_ratio": 57.77,
            "inventory_turnover_ratio": 2.43,
            "account_receivable_turnover_ratio": null,
            "reinvestment_rate": null,
            "research_to_sale_ratio": null,
            "price_fair": 0,
            "eps_avg_yearly": 0,
            "eps_latest_yearly": 0,
            "eps_growth_yearly": 0
        },
        "20014": {
            "year_quarter": 20014,
            "year": 2001,
            "quarter": 4,
            "eps": -4.33,
            "eps_growth_year": null,
            "eps_4q": -4.99,
            "eps_4q_growth_year": -1077.54,
            "roe": -56.51,
            "roe_4q": -63.089999999999996,
            "gross_profit": -132004,
            "gross_margin": -4.84,
            "gross_margin_4q_avg": 8.08,
            "net_income": -2774926,
            "net_income_4q": null,
            "revenue": 2728763,
            "revenue_4q": null,
            "common_shares": 6853948,
            "book_valuer_per_share": 5.23,
            "book_valuer_per_share_4q_avg": 9.43,
            "equity": 3897816,
            "current_ratio": 101.39,
            "debt_ratio": 75.07,
            "inventory_turnover_ratio": 2.08,
            "account_receivable_turnover_ratio": null,
            "reinvestment_rate": null,
            "research_to_sale_ratio": null,
            "price_fair": 0,
            "eps_avg_yearly": 0,
            "eps_latest_yearly": 0,
            "eps_growth_yearly": 0
        },
        "20021": {
            "year_quarter": 20021,
            "year": 2002,
            "quarter": 1,
            "eps": 0.58,
            "eps_growth_year": 286.67,
            "eps_4q": -5.41,
            "eps_4q_growth_year": null,
            "roe": 8.61,
            "roe_4q": -55.6,
            "gross_profit": 598794,
            "gross_margin": 23.26,
            "gross_margin_4q_avg": 9.7,
            "net_income": 320275,
            "net_income_4q": null,
            "revenue": 2574185,
            "revenue_4q": null,
            "common_shares": 6853948,
            "book_valuer_per_share": 5.17,
            "book_valuer_per_share_4q_avg": 7.56,
            "equity": 3542703,
            "current_ratio": 99.21,
            "debt_ratio": 66.75,
            "inventory_turnover_ratio": 1.7,
            "account_receivable_turnover_ratio": null,
            "reinvestment_rate": null,
            "research_to_sale_ratio": null,
            "price_fair": 0,
            "eps_avg_yearly": 0,
            "eps_latest_yearly": 0,
            "eps_growth_yearly": 0
        },
        "20022": {
            "year_quarter": 20022,
            "year": 2002,
            "quarter": 2,
            "eps": 0.39,
            "eps_growth_year": null,
            "eps_4q": -4.85,
            "eps_4q_growth_year": null,
            "roe": 6.01,
            "roe_4q": -48.64,
            "gross_profit": 600386,
            "gross_margin": 27.08,
            "gross_margin_4q_avg": 12.91,
            "net_income": 216959,
            "net_income_4q": null,
            "revenue": 2216707,
            "revenue_4q": null,
            "common_shares": 6853948,
            "book_valuer_per_share": 5.37,
            "book_valuer_per_share_4q_avg": 6.1,
            "equity": 3681762,
            "current_ratio": 90.71,
            "debt_ratio": 63,
            "inventory_turnover_ratio": 2.26,
            "account_receivable_turnover_ratio": null,
            "reinvestment_rate": null,
            "research_to_sale_ratio": null,
            "price_fair": 4.68,
            "eps_avg_yearly": 1.56,
            "eps_latest_yearly": 1.56,
            "eps_growth_yearly": -131.03
        },
        "20023": {
            "year_quarter": 20023,
            "year": 2002,
            "quarter": 3,
            "eps": 0.22,
            "eps_growth_year": null,
            "eps_4q": -3.77,
            "eps_4q_growth_year": null,
            "roe": 3.27,
            "roe_4q": -38.62,
            "gross_profit": 567844,
            "gross_margin": 30.05,
            "gross_margin_4q_avg": 18.89,
            "net_income": 123232,
            "net_income_4q": null,
            "revenue": 1889969,
            "revenue_4q": null,
            "common_shares": 6853948,
            "book_valuer_per_share": 5.62,
            "book_valuer_per_share_4q_avg": 5.35,
            "equity": 3855182,
            "current_ratio": 100.08,
            "debt_ratio": 62.22,
            "inventory_turnover_ratio": 2,
            "account_receivable_turnover_ratio": null,
            "reinvestment_rate": null,
            "research_to_sale_ratio": null,
            "price_fair": 3.66,
            "eps_avg_yearly": 1.22,
            "eps_latest_yearly": 0.88,
            "eps_growth_yearly": -152.7
        },
        "20024": {
            "year_quarter": 20024,
            "year": 2002,
            "quarter": 4,
            "eps": 0.14,
            "eps_growth_year": null,
            "eps_4q": 2.26,
            "eps_4q_growth_year": null,
            "roe": 1.08,
            "roe_4q": 18.97,
            "gross_profit": 562464,
            "gross_margin": 27.99,
            "gross_margin_4q_avg": 27.1,
            "net_income": 43580,
            "net_income_4q": null,
            "revenue": 2009729,
            "revenue_4q": null,
            "common_shares": 3769671,
            "book_valuer_per_share": 10.31,
            "book_valuer_per_share_4q_avg": 6.62,
            "equity": 4205453,
            "current_ratio": 89.96,
            "debt_ratio": 69.06,
            "inventory_turnover_ratio": 1.41,
            "account_receivable_turnover_ratio": null,
            "reinvestment_rate": null,
            "research_to_sale_ratio": null,
            "price_fair": 3,
            "eps_avg_yearly": 1,
            "eps_latest_yearly": 0.56,
            "eps_growth_yearly": -150.28
        },
        "20031": {
            "year_quarter": 20031,
            "year": 2003,
            "quarter": 1,
            "eps": 0.43,
            "eps_growth_year": -25.86,
            "eps_4q": 1.68,
            "eps_4q_growth_year": null,
            "roe": 3.2,
            "roe_4q": 13.56,
            "gross_profit": 552802,
            "gross_margin": 24.93,
            "gross_margin_4q_avg": 27.51,
            "net_income": 131842,
            "net_income_4q": null,
            "revenue": 2217635,
            "revenue_4q": null,
            "common_shares": 3769671,
            "book_valuer_per_share": 10.72,
            "book_valuer_per_share_4q_avg": 8.01,
            "equity": 4040708,
            "current_ratio": 95.16,
            "debt_ratio": 57.91,
            "inventory_turnover_ratio": 1.52,
            "account_receivable_turnover_ratio": null,
            "reinvestment_rate": null,
            "research_to_sale_ratio": null,
            "price_fair": 41.3,
            "eps_avg_yearly": 1.18,
            "eps_latest_yearly": 1.72,
            "eps_growth_yearly": 94.43
        },
        "20032": {
            "year_quarter": 20032,
            "year": 2003,
            "quarter": 2,
            "eps": 0.86,
            "eps_growth_year": 120.51,
            "eps_4q": 1.85,
            "eps_4q_growth_year": null,
            "roe": 6.52,
            "roe_4q": 14.069999999999999,
            "gross_profit": 549763,
            "gross_margin": 27.2,
            "gross_margin_4q_avg": 27.54,
            "net_income": 260515,
            "net_income_4q": null,
            "revenue": 2021117,
            "revenue_4q": null,
            "common_shares": 3769671,
            "book_valuer_per_share": 10.47,
            "book_valuer_per_share_4q_avg": 9.28,
            "equity": 3946969,
            "current_ratio": 88.92,
            "debt_ratio": 58.18,
            "inventory_turnover_ratio": 2.09,
            "account_receivable_turnover_ratio": null,
            "reinvestment_rate": null,
            "research_to_sale_ratio": null,
            "price_fair": 57.12,
            "eps_avg_yearly": 1.63,
            "eps_latest_yearly": 3.44,
            "eps_growth_yearly": 155.54
        },
        "20033": {
            "year_quarter": 20033,
            "year": 2003,
            "quarter": 3,
            "eps": 0.53,
            "eps_growth_year": 140.91,
            "eps_4q": 1.88,
            "eps_4q_growth_year": null,
            "roe": 4.03,
            "roe_4q": 14.83,
            "gross_profit": 587410,
            "gross_margin": 25.98,
            "gross_margin_4q_avg": 26.53,
            "net_income": 170586,
            "net_income_4q": null,
            "revenue": 2260770,
            "revenue_4q": null,
            "common_shares": 3522172,
            "book_valuer_per_share": 12.86,
            "book_valuer_per_share_4q_avg": 11.09,
            "equity": 4529103,
            "current_ratio": 92.02,
            "debt_ratio": 52.84,
            "inventory_turnover_ratio": 2.44,
            "account_receivable_turnover_ratio": null,
            "reinvestment_rate": null,
            "research_to_sale_ratio": null,
            "price_fair": 59.97,
            "eps_avg_yearly": 1.71,
            "eps_latest_yearly": 2.12,
            "eps_growth_yearly": 104.04
        },
        "20034": {
            "year_quarter": 20034,
            "year": 2003,
            "quarter": 4,
            "eps": 0.22,
            "eps_growth_year": 57.14,
            "eps_4q": 1.94,
            "eps_4q_growth_year": -14.11,
            "roe": 1.51,
            "roe_4q": 15.259999999999998,
            "gross_profit": 550236,
            "gross_margin": 23.76,
            "gross_margin_4q_avg": 25.47,
            "net_income": 71894,
            "net_income_4q": null,
            "revenue": 2316074,
            "revenue_4q": null,
            "common_shares": 3522171,
            "book_valuer_per_share": 12.96,
            "book_valuer_per_share_4q_avg": 11.75,
            "equity": 4972850,
            "current_ratio": 82.18,
            "debt_ratio": 60.36,
            "inventory_turnover_ratio": 1.86,
            "account_receivable_turnover_ratio": null,
            "reinvestment_rate": null,
            "research_to_sale_ratio": null,
            "price_fair": 55.8,
            "eps_avg_yearly": 1.59,
            "eps_latest_yearly": 0.88,
            "eps_growth_yearly": 55.75
        },
        "20041": {
            "year_quarter": 20041,
            "year": 2004,
            "quarter": 1,
            "eps": 0.38,
            "eps_growth_year": -11.63,
            "eps_4q": 1.92,
            "eps_4q_growth_year": 14.25,
            "roe": 2.58,
            "roe_4q": 14.64,
            "gross_profit": 594298,
            "gross_margin": 25.64,
            "gross_margin_4q_avg": 25.65,
            "net_income": 124016,
            "net_income_4q": null,
            "revenue": 2317659,
            "revenue_4q": null,
            "common_shares": 3522171,
            "book_valuer_per_share": 13.17,
            "book_valuer_per_share_4q_avg": 12.37,
            "equity": 4638531,
            "current_ratio": 82.04,
            "debt_ratio": 48.47,
            "inventory_turnover_ratio": 1.77,
            "account_receivable_turnover_ratio": null,
            "reinvestment_rate": null,
            "research_to_sale_ratio": null,
            "price_fair": 55.48,
            "eps_avg_yearly": 1.59,
            "eps_latest_yearly": 1.52,
            "eps_growth_yearly": 85.15
        },
        "20042": {
            "year_quarter": 20042,
            "year": 2004,
            "quarter": 2,
            "eps": 0.32,
            "eps_growth_year": -62.79,
            "eps_4q": 1.53,
            "eps_4q_growth_year": -16.98,
            "roe": 2.17,
            "roe_4q": 10.29,
            "gross_profit": 603509,
            "gross_margin": 26.31,
            "gross_margin_4q_avg": 25.42,
            "net_income": 96726,
            "net_income_4q": null,
            "revenue": 2294121,
            "revenue_4q": null,
            "common_shares": 3522171,
            "book_valuer_per_share": 12.09,
            "book_valuer_per_share_4q_avg": 12.77,
            "equity": 4258411,
            "current_ratio": 70.17,
            "debt_ratio": 49.82,
            "inventory_turnover_ratio": 2.12,
            "account_receivable_turnover_ratio": null,
            "reinvestment_rate": null,
            "research_to_sale_ratio": null,
            "price_fair": 54.29,
            "eps_avg_yearly": 1.55,
            "eps_latest_yearly": 1.28,
            "eps_growth_yearly": 68.67
        },
        "20043": {
            "year_quarter": 20043,
            "year": 2004,
            "quarter": 3,
            "eps": 0.4,
            "eps_growth_year": -24.53,
            "eps_4q": 1.42,
            "eps_4q_growth_year": -24.78,
            "roe": 2.72,
            "roe_4q": 8.98,
            "gross_profit": 613171,
            "gross_margin": 26.74,
            "gross_margin_4q_avg": 25.61,
            "net_income": 115038,
            "net_income_4q": null,
            "revenue": 2293180,
            "revenue_4q": null,
            "common_shares": 3522171,
            "book_valuer_per_share": 11.91,
            "book_valuer_per_share_4q_avg": 12.53,
            "equity": 4193383,
            "current_ratio": 95.61,
            "debt_ratio": 48.24,
            "inventory_turnover_ratio": 2.03,
            "account_receivable_turnover_ratio": null,
            "reinvestment_rate": null,
            "research_to_sale_ratio": null,
            "price_fair": 54.46,
            "eps_avg_yearly": 1.56,
            "eps_latest_yearly": 1.6,
            "eps_growth_yearly": 71.8
        },
        "20044": {
            "year_quarter": 20044,
            "year": 2004,
            "quarter": 4,
            "eps": -0.03,
            "eps_growth_year": -113.64,
            "eps_4q": 1.17,
            "eps_4q_growth_year": -39.65,
            "roe": -0.23,
            "roe_4q": 7.24,
            "gross_profit": 581658,
            "gross_margin": 24.89,
            "gross_margin_4q_avg": 25.9,
            "net_income": -10024,
            "net_income_4q": null,
            "revenue": 2337078,
            "revenue_4q": null,
            "common_shares": 3522171,
            "book_valuer_per_share": 11.7,
            "book_valuer_per_share_4q_avg": 12.22,
            "equity": 4468997,
            "current_ratio": 108.74,
            "debt_ratio": 61.71,
            "inventory_turnover_ratio": 1.48,
            "account_receivable_turnover_ratio": null,
            "reinvestment_rate": null,
            "research_to_sale_ratio": null,
            "price_fair": 54.46,
            "eps_avg_yearly": 1.56,
            "eps_latest_yearly": 1.6,
            "eps_growth_yearly": 71.8
        },
        "20051": {
            "year_quarter": 20051,
            "year": 2005,
            "quarter": 1,
            "eps": 0.24,
            "eps_growth_year": -36.84,
            "eps_4q": 0.95,
            "eps_4q_growth_year": -50.61,
            "roe": 1.58,
            "roe_4q": 6.24,
            "gross_profit": 626971,
            "gross_margin": 27.65,
            "gross_margin_4q_avg": 26.4,
            "net_income": 68306,
            "net_income_4q": null,
            "revenue": 2267242,
            "revenue_4q": null,
            "common_shares": 3522171,
            "book_valuer_per_share": 11.87,
            "book_valuer_per_share_4q_avg": 11.89,
            "equity": 4181186,
            "current_ratio": 105.87,
            "debt_ratio": 44.92,
            "inventory_turnover_ratio": 1.37,
            "account_receivable_turnover_ratio": null,
            "reinvestment_rate": null,
            "research_to_sale_ratio": null,
            "price_fair": 54.46,
            "eps_avg_yearly": 1.56,
            "eps_latest_yearly": 1.6,
            "eps_growth_yearly": 71.8
        },
        "20052": {
            "year_quarter": 20052,
            "year": 2005,
            "quarter": 2,
            "eps": 0.58,
            "eps_growth_year": 81.25,
            "eps_4q": 1.17,
            "eps_4q_growth_year": -23.71,
            "roe": 4.12,
            "roe_4q": 8.19,
            "gross_profit": 579466,
            "gross_margin": 29.23,
            "gross_margin_4q_avg": 27.13,
            "net_income": 170623,
            "net_income_4q": null,
            "revenue": 1982530,
            "revenue_4q": null,
            "common_shares": 3522171,
            "book_valuer_per_share": 11.65,
            "book_valuer_per_share_4q_avg": 11.78,
            "equity": 4101973,
            "current_ratio": 103.89,
            "debt_ratio": 43.18,
            "inventory_turnover_ratio": 1.87,
            "account_receivable_turnover_ratio": null,
            "reinvestment_rate": null,
            "research_to_sale_ratio": null,
            "price_fair": 56.89,
            "eps_avg_yearly": 1.63,
            "eps_latest_yearly": 2.32,
            "eps_growth_yearly": 116.79
        },
        "20053": {
            "year_quarter": 20053,
            "year": 2005,
            "quarter": 3,
            "eps": 0.71,
            "eps_growth_year": 77.5,
            "eps_4q": 1.49,
            "eps_4q_growth_year": 5.36,
            "roe": 4.92,
            "roe_4q": 10.389999999999999,
            "gross_profit": 597114,
            "gross_margin": 30.11,
            "gross_margin_4q_avg": 27.97,
            "net_income": 207448,
            "net_income_4q": null,
            "revenue": 1983225,
            "revenue_4q": null,
            "common_shares": 3522171,
            "book_valuer_per_share": 12.31,
            "book_valuer_per_share_4q_avg": 11.88,
            "equity": 4335024,
            "current_ratio": 109.78,
            "debt_ratio": 42.23,
            "inventory_turnover_ratio": 1.95,
            "account_receivable_turnover_ratio": null,
            "reinvestment_rate": null,
            "research_to_sale_ratio": null,
            "price_fair": 60.43,
            "eps_avg_yearly": 1.73,
            "eps_latest_yearly": 2.84,
            "eps_growth_yearly": 114.53
        },
        "20054": {
            "year_quarter": 20054,
            "year": 2005,
            "quarter": 4,
            "eps": 0.36,
            "eps_growth_year": null,
            "eps_4q": 1.88,
            "eps_4q_growth_year": 60.3,
            "roe": 2.31,
            "roe_4q": 12.930000000000001,
            "gross_profit": 608853,
            "gross_margin": 32.34,
            "gross_margin_4q_avg": 29.83,
            "net_income": 105769,
            "net_income_4q": null,
            "revenue": 1882667,
            "revenue_4q": null,
            "common_shares": 3522171,
            "book_valuer_per_share": 12.7,
            "book_valuer_per_share_4q_avg": 12.13,
            "equity": 4840438,
            "current_ratio": 118.47,
            "debt_ratio": 52.36,
            "inventory_turnover_ratio": 1.23,
            "account_receivable_turnover_ratio": null,
            "reinvestment_rate": -42.57,
            "research_to_sale_ratio": null,
            "price_fair": 59.66,
            "eps_avg_yearly": 1.7,
            "eps_latest_yearly": 1.44,
            "eps_growth_yearly": 90.55
        },
        "20061": {
            "year_quarter": 20061,
            "year": 2006,
            "quarter": 1,
            "eps": 0.46,
            "eps_growth_year": 91.67,
            "eps_4q": 2.13,
            "eps_4q_growth_year": 124.08,
            "roe": 2.84,
            "roe_4q": 14.190000000000001,
            "gross_profit": 619779,
            "gross_margin": 30.61,
            "gross_margin_4q_avg": 30.57,
            "net_income": 133584,
            "net_income_4q": null,
            "revenue": 2024961,
            "revenue_4q": null,
            "common_shares": 3522171,
            "book_valuer_per_share": 12.94,
            "book_valuer_per_share_4q_avg": 12.4,
            "equity": 4557980,
            "current_ratio": 110.94,
            "debt_ratio": 36.8,
            "inventory_turnover_ratio": 1.39,
            "account_receivable_turnover_ratio": null,
            "reinvestment_rate": -24.65,
            "research_to_sale_ratio": null,
            "price_fair": 60,
            "eps_avg_yearly": 1.71,
            "eps_latest_yearly": 1.84,
            "eps_growth_yearly": 92.02
        },
        "20062": {
            "year_quarter": 20062,
            "year": 2006,
            "quarter": 2,
            "eps": 1.08,
            "eps_growth_year": 86.21,
            "eps_4q": 2.61,
            "eps_4q_growth_year": 123.25,
            "roe": 7.02,
            "roe_4q": 17.09,
            "gross_profit": 493978,
            "gross_margin": 30.87,
            "gross_margin_4q_avg": 30.98,
            "net_income": 315355,
            "net_income_4q": null,
            "revenue": 1600092,
            "revenue_4q": null,
            "common_shares": 3522171,
            "book_valuer_per_share": 12.57,
            "book_valuer_per_share_4q_avg": 12.63,
            "equity": 4426608,
            "current_ratio": 72.82,
            "debt_ratio": 38.68,
            "inventory_turnover_ratio": 2.08,
            "account_receivable_turnover_ratio": null,
            "reinvestment_rate": -23.16,
            "research_to_sale_ratio": null,
            "price_fair": 66.9,
            "eps_avg_yearly": 1.91,
            "eps_latest_yearly": 4.32,
            "eps_growth_yearly": 139.89
        },
        "20063": {
            "year_quarter": 20063,
            "year": 2006,
            "quarter": 3,
            "eps": 0.33,
            "eps_growth_year": -53.52,
            "eps_4q": 2.2,
            "eps_4q_growth_year": 47.29,
            "roe": 2.18,
            "roe_4q": 14.35,
            "gross_profit": 372988,
            "gross_margin": 45.83,
            "gross_margin_4q_avg": 34.91,
            "net_income": 97910,
            "net_income_4q": null,
            "revenue": 813783,
            "revenue_4q": null,
            "common_shares": 3522171,
            "book_valuer_per_share": 12.94,
            "book_valuer_per_share_4q_avg": 12.79,
            "equity": 4557683,
            "current_ratio": 86.62,
            "debt_ratio": 32.29,
            "inventory_turnover_ratio": 1.3,
            "account_receivable_turnover_ratio": null,
            "reinvestment_rate": -22.06,
            "research_to_sale_ratio": null,
            "price_fair": 68,
            "eps_avg_yearly": 1.94,
            "eps_latest_yearly": 1.32,
            "eps_growth_yearly": 132.5
        },
        "20064": {
            "year_quarter": 20064,
            "year": 2006,
            "quarter": 4,
            "eps": -0.11,
            "eps_growth_year": -130.56,
            "eps_4q": 2.43,
            "eps_4q_growth_year": 29.27,
            "roe": -0.67,
            "roe_4q": 11.37,
            "gross_profit": 385287,
            "gross_margin": 47.53,
            "gross_margin_4q_avg": 38.71,
            "net_income": -32830,
            "net_income_4q": null,
            "revenue": 810590,
            "revenue_4q": null,
            "common_shares": 3522171,
            "book_valuer_per_share": 13,
            "book_valuer_per_share_4q_avg": 12.86,
            "equity": 5193673,
            "current_ratio": 156.9,
            "debt_ratio": 45.44,
            "inventory_turnover_ratio": 0.61,
            "account_receivable_turnover_ratio": null,
            "reinvestment_rate": -47.25,
            "research_to_sale_ratio": null,
            "price_fair": 71.72,
            "eps_avg_yearly": 2.05,
            "eps_latest_yearly": 1.32,
            "eps_growth_yearly": 153.88
        },
        "20071": {
            "year_quarter": 20071,
            "year": 2007,
            "quarter": 1,
            "eps": 0.28,
            "eps_growth_year": -39.13,
            "eps_4q": 1.56,
            "eps_4q_growth_year": -26.65,
            "roe": 1.69,
            "roe_4q": 10.219999999999999,
            "gross_profit": 347340,
            "gross_margin": 47.5,
            "gross_margin_4q_avg": 42.93,
            "net_income": 83257,
            "net_income_4q": null,
            "revenue": 731220,
            "revenue_4q": null,
            "common_shares": 3522171,
            "book_valuer_per_share": 13.17,
            "book_valuer_per_share_4q_avg": 12.92,
            "equity": 4639858,
            "current_ratio": 139.64,
            "debt_ratio": 27.89,
            "inventory_turnover_ratio": 0.56,
            "account_receivable_turnover_ratio": null,
            "reinvestment_rate": -24.14,
            "research_to_sale_ratio": null,
            "price_fair": 72.68,
            "eps_avg_yearly": 2.08,
            "eps_latest_yearly": 1.32,
            "eps_growth_yearly": 97.66
        },
        "20072": {
            "year_quarter": 20072,
            "year": 2007,
            "quarter": 2,
            "eps": 0.45,
            "eps_growth_year": -58.33,
            "eps_4q": 0.95,
            "eps_4q_growth_year": -63.57,
            "roe": 2.94,
            "roe_4q": 6.140000000000001,
            "gross_profit": 368529,
            "gross_margin": 46.5,
            "gross_margin_4q_avg": 46.84,
            "net_income": 133278,
            "net_income_4q": null,
            "revenue": 792453,
            "revenue_4q": null,
            "common_shares": 3372171,
            "book_valuer_per_share": 13.09,
            "book_valuer_per_share_4q_avg": 13.05,
            "equity": 4413317,
            "current_ratio": 109.42,
            "debt_ratio": 32.08,
            "inventory_turnover_ratio": 1.35,
            "account_receivable_turnover_ratio": null,
            "reinvestment_rate": -18.56,
            "research_to_sale_ratio": null,
            "price_fair": 67.9,
            "eps_avg_yearly": 1.94,
            "eps_latest_yearly": 1.8,
            "eps_growth_yearly": 84.56
        },
        "20073": {
            "year_quarter": 20073,
            "year": 2007,
            "quarter": 3,
            "eps": 0.65,
            "eps_growth_year": 96.97,
            "eps_4q": 1.26,
            "eps_4q_growth_year": -42.51,
            "roe": 4.23,
            "roe_4q": 8.19,
            "gross_profit": 372761,
            "gross_margin": 47.04,
            "gross_margin_4q_avg": 47.14,
            "net_income": 194275,
            "net_income_4q": null,
            "revenue": 792377,
            "revenue_4q": null,
            "common_shares": 3244867,
            "book_valuer_per_share": 14.7,
            "book_valuer_per_share_4q_avg": 13.49,
            "equity": 4768941,
            "current_ratio": 124.35,
            "debt_ratio": 27.73,
            "inventory_turnover_ratio": 1.37,
            "account_receivable_turnover_ratio": null,
            "reinvestment_rate": -18.99,
            "research_to_sale_ratio": null,
            "price_fair": 69.3,
            "eps_avg_yearly": 1.98,
            "eps_latest_yearly": 2.6,
            "eps_growth_yearly": 112.17
        },
        "20074": {
            "year_quarter": 20074,
            "year": 2007,
            "quarter": 4,
            "eps": 0.45,
            "eps_growth_year": null,
            "eps_4q": 1.83,
            "eps_4q_growth_year": -24.8,
            "roe": 2.67,
            "roe_4q": 11.53,
            "gross_profit": 377618,
            "gross_margin": 46.01,
            "gross_margin_4q_avg": 46.76,
            "net_income": 134261,
            "net_income_4q": null,
            "revenue": 820777,
            "revenue_4q": null,
            "common_shares": 3244867,
            "book_valuer_per_share": 14.46,
            "book_valuer_per_share_4q_avg": 13.86,
            "equity": 5303116,
            "current_ratio": 135.59,
            "debt_ratio": 45.18,
            "inventory_turnover_ratio": 0.64,
            "account_receivable_turnover_ratio": null,
            "reinvestment_rate": -21.24,
            "research_to_sale_ratio": null,
            "price_fair": 71.98,
            "eps_avg_yearly": 2.06,
            "eps_latest_yearly": 1.8,
            "eps_growth_yearly": 121.41
        },
        "20081": {
            "year_quarter": 20081,
            "year": 2008,
            "quarter": 1,
            "eps": 0.2,
            "eps_growth_year": -28.57,
            "eps_4q": 1.85,
            "eps_4q_growth_year": 18.87,
            "roe": 1.05,
            "roe_4q": 10.89,
            "gross_profit": 1013880,
            "gross_margin": 36.41,
            "gross_margin_4q_avg": 43.99,
            "net_income": 56228,
            "net_income_4q": null,
            "revenue": 2784502,
            "revenue_4q": null,
            "common_shares": 3244867,
            "book_valuer_per_share": 14.67,
            "book_valuer_per_share_4q_avg": 14.23,
            "equity": 5365135,
            "current_ratio": 146.49,
            "debt_ratio": 40.78,
            "inventory_turnover_ratio": 1.8,
            "account_receivable_turnover_ratio": null,
            "reinvestment_rate": 58.28,
            "research_to_sale_ratio": null,
            "price_fair": 69.88,
            "eps_avg_yearly": 2,
            "eps_latest_yearly": 0.8,
            "eps_growth_yearly": 78.65
        },
        "20082": {
            "year_quarter": 20082,
            "year": 2008,
            "quarter": 2,
            "eps": 0.49,
            "eps_growth_year": 8.89,
            "eps_4q": 1.72,
            "eps_4q_growth_year": 80.97,
            "roe": 2.92,
            "roe_4q": 10.870000000000001,
            "gross_profit": 1146696,
            "gross_margin": 37.24,
            "gross_margin_4q_avg": 41.68,
            "net_income": 152973,
            "net_income_4q": null,
            "revenue": 3079222,
            "revenue_4q": null,
            "common_shares": 3244867,
            "book_valuer_per_share": 13.86,
            "book_valuer_per_share_4q_avg": 14.42,
            "equity": 5097904,
            "current_ratio": 127.05,
            "debt_ratio": 46.22,
            "inventory_turnover_ratio": 2.21,
            "account_receivable_turnover_ratio": null,
            "reinvestment_rate": 63.13,
            "research_to_sale_ratio": null,
            "price_fair": 71.87,
            "eps_avg_yearly": 2.05,
            "eps_latest_yearly": 1.96,
            "eps_growth_yearly": 132.24
        },
        "20083": {
            "year_quarter": 20083,
            "year": 2008,
            "quarter": 3,
            "eps": 0.49,
            "eps_growth_year": -24.62,
            "eps_4q": 1.62,
            "eps_4q_growth_year": 27.95,
            "roe": 2.92,
            "roe_4q": 9.559999999999999,
            "gross_profit": 1248483,
            "gross_margin": 39.49,
            "gross_margin_4q_avg": 39.79,
            "net_income": 148496,
            "net_income_4q": null,
            "revenue": 3161835,
            "revenue_4q": null,
            "common_shares": 3374322,
            "book_valuer_per_share": 13.35,
            "book_valuer_per_share_4q_avg": 14.09,
            "equity": 5090016,
            "current_ratio": 117.28,
            "debt_ratio": 46.53,
            "inventory_turnover_ratio": 2.04,
            "account_receivable_turnover_ratio": null,
            "reinvestment_rate": 87.89,
            "research_to_sale_ratio": null,
            "price_fair": 72.92,
            "eps_avg_yearly": 2.08,
            "eps_latest_yearly": 1.96,
            "eps_growth_yearly": 123.91
        },
        "20084": {
            "year_quarter": 20084,
            "year": 2008,
            "quarter": 4,
            "eps": 0.64,
            "eps_growth_year": 42.22,
            "eps_4q": 1.57,
            "eps_4q_growth_year": -13.94,
            "roe": 4.27,
            "roe_4q": 11.16,
            "gross_profit": 1019734,
            "gross_margin": 36.74,
            "gross_margin_4q_avg": 37.47,
            "net_income": 223279,
            "net_income_4q": null,
            "revenue": 2775270,
            "revenue_4q": null,
            "common_shares": 3374322,
            "book_valuer_per_share": 14.03,
            "book_valuer_per_share_4q_avg": 13.98,
            "equity": 5368559,
            "current_ratio": 122.26,
            "debt_ratio": 47.46,
            "inventory_turnover_ratio": 1.71,
            "account_receivable_turnover_ratio": 3.42,
            "reinvestment_rate": 17.37,
            "research_to_sale_ratio": null,
            "price_fair": 74.2,
            "eps_avg_yearly": 2.12,
            "eps_latest_yearly": 2.56,
            "eps_growth_yearly": 123.8
        },
        "20091": {
            "year_quarter": 20091,
            "year": 2009,
            "quarter": 1,
            "eps": 0.38,
            "eps_growth_year": 90,
            "eps_4q": 1.83,
            "eps_4q_growth_year": -1.23,
            "roe": 2.28,
            "roe_4q": 12.389999999999999,
            "gross_profit": 1051169,
            "gross_margin": 37.31,
            "gross_margin_4q_avg": 37.7,
            "net_income": 125243,
            "net_income_4q": null,
            "revenue": 2817588,
            "revenue_4q": null,
            "common_shares": 3374322,
            "book_valuer_per_share": 14.7,
            "book_valuer_per_share_4q_avg": 13.99,
            "equity": 5621619,
            "current_ratio": 130.23,
            "debt_ratio": 43.64,
            "inventory_turnover_ratio": 1.74,
            "account_receivable_turnover_ratio": 1.64,
            "reinvestment_rate": 78.21,
            "research_to_sale_ratio": null,
            "price_fair": 72.7,
            "eps_avg_yearly": 2.08,
            "eps_latest_yearly": 1.52,
            "eps_growth_yearly": 103.35
        },
        "20092": {
            "year_quarter": 20092,
            "year": 2009,
            "quarter": 2,
            "eps": 0.35,
            "eps_growth_year": -28.57,
            "eps_4q": 1.54,
            "eps_4q_growth_year": -10.71,
            "roe": 2.3,
            "roe_4q": 11.77,
            "gross_profit": 1084392,
            "gross_margin": 38.37,
            "gross_margin_4q_avg": 37.98,
            "net_income": 127737,
            "net_income_4q": null,
            "revenue": 2826049,
            "revenue_4q": null,
            "common_shares": 3374322,
            "book_valuer_per_share": 14.25,
            "book_valuer_per_share_4q_avg": 14.08,
            "equity": 5490261,
            "current_ratio": 128.51,
            "debt_ratio": 44.22,
            "inventory_turnover_ratio": 1.85,
            "account_receivable_turnover_ratio": 1.64,
            "reinvestment_rate": 78.68,
            "research_to_sale_ratio": null,
            "price_fair": 70.4,
            "eps_avg_yearly": 2.01,
            "eps_latest_yearly": 1.4,
            "eps_growth_yearly": 60.62
        },
        "20093": {
            "year_quarter": 20093,
            "year": 2009,
            "quarter": 3,
            "eps": 0.61,
            "eps_growth_year": 24.49,
            "eps_4q": 1.8,
            "eps_4q_growth_year": 11.36,
            "roe": 3.59,
            "roe_4q": 12.44,
            "gross_profit": 1070750,
            "gross_margin": 37.93,
            "gross_margin_4q_avg": 37.59,
            "net_income": 202831,
            "net_income_4q": null,
            "revenue": 2823324,
            "revenue_4q": null,
            "common_shares": 3374322,
            "book_valuer_per_share": 15.21,
            "book_valuer_per_share_4q_avg": 14.55,
            "equity": 5800100,
            "current_ratio": 131.18,
            "debt_ratio": 43.77,
            "inventory_turnover_ratio": 1.92,
            "account_receivable_turnover_ratio": 1.68,
            "reinvestment_rate": 77.5,
            "research_to_sale_ratio": null,
            "price_fair": 69.4,
            "eps_avg_yearly": 1.98,
            "eps_latest_yearly": 2.44,
            "eps_growth_yearly": 75.44
        },
        "20094": {
            "year_quarter": 20094,
            "year": 2009,
            "quarter": 4,
            "eps": 0.75,
            "eps_growth_year": 17.19,
            "eps_4q": 2.11,
            "eps_4q_growth_year": 34.49,
            "roe": 4.55,
            "roe_4q": 12.72,
            "gross_profit": 1086295,
            "gross_margin": 37.9,
            "gross_margin_4q_avg": 37.88,
            "net_income": 273518,
            "net_income_4q": null,
            "revenue": 2865873,
            "revenue_4q": null,
            "common_shares": 3374322,
            "book_valuer_per_share": 18.27,
            "book_valuer_per_share_4q_avg": 15.61,
            "equity": 6224479,
            "current_ratio": 155.4,
            "debt_ratio": 39.59,
            "inventory_turnover_ratio": 1.78,
            "account_receivable_turnover_ratio": 3.68,
            "reinvestment_rate": 103.8,
            "research_to_sale_ratio": null,
            "price_fair": 73.3,
            "eps_avg_yearly": 2.09,
            "eps_latest_yearly": 3,
            "eps_growth_yearly": 96.08
        },
        "20101": {
            "year_quarter": 20101,
            "year": 2010,
            "quarter": 1,
            "eps": 0.57,
            "eps_growth_year": 50,
            "eps_4q": 2.24,
            "eps_4q_growth_year": 22.49,
            "roe": 2.92,
            "roe_4q": 13.36,
            "gross_profit": 1060545,
            "gross_margin": 38.45,
            "gross_margin_4q_avg": 38.16,
            "net_income": 184869,
            "net_income_4q": null,
            "revenue": 2758152,
            "revenue_4q": null,
            "common_shares": 3374322,
            "book_valuer_per_share": 19.32,
            "book_valuer_per_share_4q_avg": 16.76,
            "equity": 6423818,
            "current_ratio": 150.54,
            "debt_ratio": 38.46,
            "inventory_turnover_ratio": 1.67,
            "account_receivable_turnover_ratio": 1.69,
            "reinvestment_rate": 167.51,
            "research_to_sale_ratio": null,
            "price_fair": 74.4,
            "eps_avg_yearly": 2.13,
            "eps_latest_yearly": 2.28,
            "eps_growth_yearly": 81.29
        },
        "20102": {
            "year_quarter": 20102,
            "year": 2010,
            "quarter": 2,
            "eps": 0.47,
            "eps_growth_year": 32.93,
            "eps_4q": 2.36,
            "eps_4q_growth_year": 53.73,
            "roe": 2.37,
            "roe_4q": 13.43,
            "gross_profit": 1160708,
            "gross_margin": 38.28,
            "gross_margin_4q_avg": 38.14,
            "net_income": 147393,
            "net_income_4q": null,
            "revenue": 3032208,
            "revenue_4q": null,
            "common_shares": 3374322,
            "book_valuer_per_share": 17.98,
            "book_valuer_per_share_4q_avg": 17.7,
            "equity": 6009528,
            "current_ratio": 136.98,
            "debt_ratio": 44.38,
            "inventory_turnover_ratio": 2.02,
            "account_receivable_turnover_ratio": 1.77,
            "reinvestment_rate": 194.18,
            "research_to_sale_ratio": null,
            "price_fair": 68.3,
            "eps_avg_yearly": 1.95,
            "eps_latest_yearly": 1.88,
            "eps_growth_yearly": 37.76
        },
        "20103": {
            "year_quarter": 20103,
            "year": 2010,
            "quarter": 3,
            "eps": 0.66,
            "eps_growth_year": 7.47,
            "eps_4q": 2.42,
            "eps_4q_growth_year": 34.07,
            "roe": 3.34,
            "roe_4q": 13.18,
            "gross_profit": 1243958,
            "gross_margin": 38.43,
            "gross_margin_4q_avg": 38.27,
            "net_income": 208116,
            "net_income_4q": null,
            "revenue": 3236850,
            "revenue_4q": null,
            "common_shares": 3374322,
            "book_valuer_per_share": 19.45,
            "book_valuer_per_share_4q_avg": 18.76,
            "equity": 6466687,
            "current_ratio": 142.99,
            "debt_ratio": 42.29,
            "inventory_turnover_ratio": 1.99,
            "account_receivable_turnover_ratio": 1.83,
            "reinvestment_rate": 198.27,
            "research_to_sale_ratio": null,
            "price_fair": 71.6,
            "eps_avg_yearly": 2.05,
            "eps_latest_yearly": 2.64,
            "eps_growth_yearly": 69.16
        },
        "20104": {
            "year_quarter": 20104,
            "year": 2010,
            "quarter": 4,
            "eps": 0.74,
            "eps_growth_year": -1.33,
            "eps_4q": 2.42,
            "eps_4q_growth_year": 14.3,
            "roe": 3.63,
            "roe_4q": 12.26,
            "gross_profit": 1311671,
            "gross_margin": 38.25,
            "gross_margin_4q_avg": 38.35,
            "net_income": 239199,
            "net_income_4q": null,
            "revenue": 3429232,
            "revenue_4q": null,
            "common_shares": 3374322,
            "book_valuer_per_share": 20.21,
            "book_valuer_per_share_4q_avg": 19.24,
            "equity": 6701975,
            "current_ratio": 149.2,
            "debt_ratio": 41.76,
            "inventory_turnover_ratio": 1.88,
            "account_receivable_turnover_ratio": 1.95,
            "reinvestment_rate": 123.75,
            "research_to_sale_ratio": null,
            "price_fair": 73.73,
            "eps_avg_yearly": 2.11,
            "eps_latest_yearly": 2.96,
            "eps_growth_yearly": 67.78
        },
        "20111": {
            "year_quarter": 20111,
            "year": 2011,
            "quarter": 1,
            "eps": 0.68,
            "eps_growth_year": 19.3,
            "eps_4q": 2.54,
            "eps_4q_growth_year": 13.35,
            "roe": 3.3,
            "roe_4q": 12.64,
            "gross_profit": 1205923,
            "gross_margin": 38.49,
            "gross_margin_4q_avg": 38.36,
            "net_income": 222215,
            "net_income_4q": null,
            "revenue": 3132852,
            "revenue_4q": null,
            "common_shares": 3374322,
            "book_valuer_per_share": 20.34,
            "book_valuer_per_share_4q_avg": 19.5,
            "equity": 6749836,
            "current_ratio": 160.31,
            "debt_ratio": 39.76,
            "inventory_turnover_ratio": 1.73,
            "account_receivable_turnover_ratio": 1.8,
            "reinvestment_rate": 168.33,
            "research_to_sale_ratio": null,
            "price_fair": 75.08,
            "eps_avg_yearly": 2.15,
            "eps_latest_yearly": 2.72,
            "eps_growth_yearly": 61.51
        },
        "20112": {
            "year_quarter": 20112,
            "year": 2011,
            "quarter": 2,
            "eps": 1.05,
            "eps_growth_year": 125.15,
            "eps_4q": 3.12,
            "eps_4q_growth_year": 32.26,
            "roe": 5.1,
            "roe_4q": 15.369999999999997,
            "gross_profit": 1252009,
            "gross_margin": 39.81,
            "gross_margin_4q_avg": 38.75,
            "net_income": 338253,
            "net_income_4q": null,
            "revenue": 3144945,
            "revenue_4q": null,
            "common_shares": 3374322,
            "book_valuer_per_share": 19.54,
            "book_valuer_per_share_4q_avg": 19.89,
            "equity": 6510173,
            "current_ratio": 140.25,
            "debt_ratio": 43.64,
            "inventory_turnover_ratio": 1.77,
            "account_receivable_turnover_ratio": 1.81,
            "reinvestment_rate": 158.3,
            "research_to_sale_ratio": null,
            "price_fair": 80.33,
            "eps_avg_yearly": 2.3,
            "eps_latest_yearly": 4.2,
            "eps_growth_yearly": 59.94
        },
        "20113": {
            "year_quarter": 20113,
            "year": 2011,
            "quarter": 3,
            "eps": 0.99,
            "eps_growth_year": 51.11,
            "eps_4q": 3.46,
            "eps_4q_growth_year": 43.2,
            "roe": 4.85,
            "roe_4q": 16.88,
            "gross_profit": 1248682,
            "gross_margin": 38.3,
            "gross_margin_4q_avg": 38.71,
            "net_income": 320251,
            "net_income_4q": null,
            "revenue": 3259945,
            "revenue_4q": null,
            "common_shares": 3374322,
            "book_valuer_per_share": 20.02,
            "book_valuer_per_share_4q_avg": 20.03,
            "equity": 6687650,
            "current_ratio": 147.49,
            "debt_ratio": 42.5,
            "inventory_turnover_ratio": 1.64,
            "account_receivable_turnover_ratio": 1.94,
            "reinvestment_rate": 146.39,
            "research_to_sale_ratio": null,
            "price_fair": 83.3,
            "eps_avg_yearly": 2.38,
            "eps_latest_yearly": 3.96,
            "eps_growth_yearly": 47.4
        },
        "20114": {
            "year_quarter": 20114,
            "year": 2011,
            "quarter": 4,
            "eps": 0.73,
            "eps_growth_year": -1.77,
            "eps_4q": 3.45,
            "eps_4q_growth_year": 42.58,
            "roe": 3.45,
            "roe_4q": 16.7,
            "gross_profit": 1383210,
            "gross_margin": 40.2,
            "gross_margin_4q_avg": 39.2,
            "net_income": 237713,
            "net_income_4q": null,
            "revenue": 3440721,
            "revenue_4q": null,
            "common_shares": 3374322,
            "book_valuer_per_share": 21.19,
            "book_valuer_per_share_4q_avg": 20.27,
            "equity": 7075888,
            "current_ratio": 152.98,
            "debt_ratio": 42.87,
            "inventory_turnover_ratio": 1.49,
            "account_receivable_turnover_ratio": 2.11,
            "reinvestment_rate": 100.79,
            "research_to_sale_ratio": null,
            "price_fair": 85.75,
            "eps_avg_yearly": 2.45,
            "eps_latest_yearly": 2.92,
            "eps_growth_yearly": 48.53
        },
        "20121": {
            "year_quarter": 20121,
            "year": 2012,
            "quarter": 1,
            "eps": 0.78,
            "eps_growth_year": 14.71,
            "eps_4q": 3.62,
            "eps_4q_growth_year": 42.42,
            "roe": 3.62,
            "roe_4q": 17.02,
            "gross_profit": 1260210,
            "gross_margin": 37.84,
            "gross_margin_4q_avg": 39.04,
            "net_income": 257031,
            "net_income_4q": null,
            "revenue": 3330800,
            "revenue_4q": null,
            "common_shares": 3374322,
            "book_valuer_per_share": 21.8,
            "book_valuer_per_share_4q_avg": 20.64,
            "equity": 7126317,
            "current_ratio": 174.5,
            "debt_ratio": 41.33,
            "inventory_turnover_ratio": 1.61,
            "account_receivable_turnover_ratio": 1.9,
            "reinvestment_rate": 78.36,
            "research_to_sale_ratio": null,
            "price_fair": 90.83,
            "eps_avg_yearly": 2.6,
            "eps_latest_yearly": 3.12,
            "eps_growth_yearly": 64.13
        },
        "20122": {
            "year_quarter": 20122,
            "year": 2012,
            "quarter": 2,
            "eps": 0.87,
            "eps_growth_year": -16.63,
            "eps_4q": 3.42,
            "eps_4q_growth_year": 9.52,
            "roe": 4.19,
            "roe_4q": 16.11,
            "gross_profit": 1302546,
            "gross_margin": 39.21,
            "gross_margin_4q_avg": 38.89,
            "net_income": 279671,
            "net_income_4q": null,
            "revenue": 3322354,
            "revenue_4q": null,
            "common_shares": 3374322,
            "book_valuer_per_share": 18.85,
            "book_valuer_per_share_4q_avg": 20.47,
            "equity": 6223827,
            "current_ratio": 144.1,
            "debt_ratio": 48.48,
            "inventory_turnover_ratio": 1.72,
            "account_receivable_turnover_ratio": 1.77,
            "reinvestment_rate": 64.5,
            "research_to_sale_ratio": null,
            "price_fair": 94.15,
            "eps_avg_yearly": 2.69,
            "eps_latest_yearly": 3.48,
            "eps_growth_yearly": 30.76
        },
        "20123": {
            "year_quarter": 20123,
            "year": 2012,
            "quarter": 3,
            "eps": 1.01,
            "eps_growth_year": 2.21,
            "eps_4q": 3.42,
            "eps_4q_growth_year": -1.12,
            "roe": 5.01,
            "roe_4q": 16.27,
            "gross_profit": 1246908,
            "gross_margin": 40.7,
            "gross_margin_4q_avg": 39.49,
            "net_income": 320978,
            "net_income_4q": null,
            "revenue": 3063623,
            "revenue_4q": null,
            "common_shares": 3374322,
            "book_valuer_per_share": 20.02,
            "book_valuer_per_share_4q_avg": 20.47,
            "equity": 6593872,
            "current_ratio": 167.5,
            "debt_ratio": 44.94,
            "inventory_turnover_ratio": 1.57,
            "account_receivable_turnover_ratio": 1.7,
            "reinvestment_rate": 56.3,
            "research_to_sale_ratio": null,
            "price_fair": 98.7,
            "eps_avg_yearly": 2.82,
            "eps_latest_yearly": 4.04,
            "eps_growth_yearly": 34.78
        },
        "20124": {
            "year_quarter": 20124,
            "year": 2012,
            "quarter": 4,
            "eps": 0.87,
            "eps_growth_year": 19.71,
            "eps_4q": 3.55,
            "eps_4q_growth_year": 2.92,
            "roe": 4.22,
            "roe_4q": 17.040000000000003,
            "gross_profit": 1337106,
            "gross_margin": 45.67,
            "gross_margin_4q_avg": 40.86,
            "net_income": 282790,
            "net_income_4q": null,
            "revenue": 2928043,
            "revenue_4q": null,
            "common_shares": 3374322,
            "book_valuer_per_share": 20.7,
            "book_valuer_per_share_4q_avg": 20.34,
            "equity": 6823214,
            "current_ratio": 181.98,
            "debt_ratio": 40.31,
            "inventory_turnover_ratio": 1.53,
            "account_receivable_turnover_ratio": 1.96,
            "reinvestment_rate": 63.26,
            "research_to_sale_ratio": null,
            "price_fair": 96.87,
            "eps_avg_yearly": 2.88,
            "eps_latest_yearly": 3.48,
            "eps_growth_yearly": 23.67
        },
        "20131": {
            "year_quarter": 20131,
            "year": 2013,
            "quarter": 1,
            "eps": 0.94,
            "eps_growth_year": 20.51,
            "eps_4q": 3.71,
            "eps_4q_growth_year": 2.36,
            "roe": 4.39,
            "roe_4q": 17.81,
            "gross_profit": 1120259,
            "gross_margin": 45.39,
            "gross_margin_4q_avg": 42.74,
            "net_income": 306093,
            "net_income_4q": null,
            "revenue": 2468196,
            "revenue_4q": null,
            "common_shares": 3374322,
            "book_valuer_per_share": 21.6,
            "book_valuer_per_share_4q_avg": 20.29,
            "equity": 7125352,
            "current_ratio": 180.92,
            "debt_ratio": 36.85,
            "inventory_turnover_ratio": 1.62,
            "account_receivable_turnover_ratio": 1.85,
            "reinvestment_rate": 65.22,
            "research_to_sale_ratio": null,
            "price_fair": 105.61,
            "eps_avg_yearly": 3.02,
            "eps_latest_yearly": 3.76,
            "eps_growth_yearly": 35.83
        },
        "20132": {
            "year_quarter": 20132,
            "year": 2013,
            "quarter": 2,
            "eps": 1.06,
            "eps_growth_year": 21.38,
            "eps_4q": 3.9,
            "eps_4q_growth_year": 14.1,
            "roe": 5.07,
            "roe_4q": 18.689999999999998,
            "gross_profit": 1188193,
            "gross_margin": 44.46,
            "gross_margin_4q_avg": 44.06,
            "net_income": 342694,
            "net_income_4q": null,
            "revenue": 2672202,
            "revenue_4q": null,
            "common_shares": 3374322,
            "book_valuer_per_share": 19.22,
            "book_valuer_per_share_4q_avg": 20.39,
            "equity": 6405066,
            "current_ratio": 146.75,
            "debt_ratio": 46.83,
            "inventory_turnover_ratio": 1.8,
            "account_receivable_turnover_ratio": 1.79,
            "reinvestment_rate": 60.93,
            "research_to_sale_ratio": null,
            "price_fair": 111.83,
            "eps_avg_yearly": 3.2,
            "eps_latest_yearly": 4.24,
            "eps_growth_yearly": 41
        },
        "20133": {
            "year_quarter": 20133,
            "year": 2013,
            "quarter": 3,
            "eps": 1.04,
            "eps_growth_year": 2.71,
            "eps_4q": 3.94,
            "eps_4q_growth_year": 15.06,
            "roe": 5.05,
            "roe_4q": 18.73,
            "gross_profit": 1158716,
            "gross_margin": 43.3,
            "gross_margin_4q_avg": 44.71,
            "net_income": 335743,
            "net_income_4q": null,
            "revenue": 2676163,
            "revenue_4q": null,
            "common_shares": 3374322,
            "book_valuer_per_share": 20.75,
            "book_valuer_per_share_4q_avg": 20.57,
            "equity": 6890817,
            "current_ratio": 164.96,
            "debt_ratio": 43.39,
            "inventory_turnover_ratio": 1.57,
            "account_receivable_turnover_ratio": 1.81,
            "reinvestment_rate": 59.37,
            "research_to_sale_ratio": null,
            "price_fair": 105.53,
            "eps_avg_yearly": 3.3,
            "eps_latest_yearly": 4.16,
            "eps_growth_yearly": 21.96
        },
        "20134": {
            "year_quarter": 20134,
            "year": 2013,
            "quarter": 4,
            "eps": 0.86,
            "eps_growth_year": -1.4,
            "eps_4q": 3.85,
            "eps_4q_growth_year": 8.65,
            "roe": 3.96,
            "roe_4q": 18.47,
            "gross_profit": 1367274,
            "gross_margin": 47.07,
            "gross_margin_4q_avg": 45.06,
            "net_income": 287694,
            "net_income_4q": null,
            "revenue": 2904574,
            "revenue_4q": null,
            "common_shares": 3374322,
            "book_valuer_per_share": 22.59,
            "book_valuer_per_share_4q_avg": 21.04,
            "equity": 7636740,
            "current_ratio": 170.07,
            "debt_ratio": 41.48,
            "inventory_turnover_ratio": 1.52,
            "account_receivable_turnover_ratio": 2.2,
            "reinvestment_rate": 9.06,
            "research_to_sale_ratio": null,
            "price_fair": 72.9,
            "eps_avg_yearly": 3.33,
            "eps_latest_yearly": 3.44,
            "eps_growth_yearly": 11.89
        },
        "20141": {
            "year_quarter": 20141,
            "year": 2014,
            "quarter": 1,
            "eps": 0.86,
            "eps_growth_year": -8.51,
            "eps_4q": 3.8,
            "eps_4q_growth_year": 2.42,
            "roe": 3.81,
            "roe_4q": 17.89,
            "gross_profit": 1121140,
            "gross_margin": 43.7,
            "gross_margin_4q_avg": 44.63,
            "net_income": 293174,
            "net_income_4q": null,
            "revenue": 2565720,
            "revenue_4q": null,
            "common_shares": 3374322,
            "book_valuer_per_share": 22.87,
            "book_valuer_per_share_4q_avg": 21.36,
            "equity": 7744869,
            "current_ratio": 192.53,
            "debt_ratio": 38.7,
            "inventory_turnover_ratio": 1.5,
            "account_receivable_turnover_ratio": 1.98,
            "reinvestment_rate": 4.08,
            "research_to_sale_ratio": null,
            "price_fair": 94.9,
            "eps_avg_yearly": 3.4,
            "eps_latest_yearly": 3.44,
            "eps_growth_yearly": 17.89
        },
        "20142": {
            "year_quarter": 20142,
            "year": 2014,
            "quarter": 2,
            "eps": 0.96,
            "eps_growth_year": -9.43,
            "eps_4q": 3.71,
            "eps_4q_growth_year": -4.95,
            "roe": 4.41,
            "roe_4q": 17.23,
            "gross_profit": 1208536,
            "gross_margin": 43.52,
            "gross_margin_4q_avg": 44.4,
            "net_income": 320180,
            "net_income_4q": null,
            "revenue": 2777012,
            "revenue_4q": null,
            "common_shares": 3374322,
            "book_valuer_per_share": 19.77,
            "book_valuer_per_share_4q_avg": 21.5,
            "equity": 6775068,
            "current_ratio": 150.16,
            "debt_ratio": 47.67,
            "inventory_turnover_ratio": 1.67,
            "account_receivable_turnover_ratio": 1.95,
            "reinvestment_rate": -0.68,
            "research_to_sale_ratio": null,
            "price_fair": 123.38,
            "eps_avg_yearly": 3.53,
            "eps_latest_yearly": 3.84,
            "eps_growth_yearly": 25.18
        },
        "20143": {
            "year_quarter": 20143,
            "year": 2014,
            "quarter": 3,
            "eps": 1.06,
            "eps_growth_year": 1.92,
            "eps_4q": 3.76,
            "eps_4q_growth_year": -4.54,
            "roe": 4.76,
            "roe_4q": 16.94,
            "gross_profit": 1183004,
            "gross_margin": 42.88,
            "gross_margin_4q_avg": 44.29,
            "net_income": 344597,
            "net_income_4q": null,
            "revenue": 2759033,
            "revenue_4q": null,
            "common_shares": 3374322,
            "book_valuer_per_share": 22.58,
            "book_valuer_per_share_4q_avg": 21.95,
            "equity": 7695373,
            "current_ratio": 186.14,
            "debt_ratio": 42.66,
            "inventory_turnover_ratio": 1.46,
            "account_receivable_turnover_ratio": 1.86,
            "reinvestment_rate": -16.26,
            "research_to_sale_ratio": null,
            "price_fair": 100.35,
            "eps_avg_yearly": 3.63,
            "eps_latest_yearly": 4.24,
            "eps_growth_yearly": 17.68
        },
        "20144": {
            "year_quarter": 20144,
            "year": 2014,
            "quarter": 4,
            "eps": 0.59,
            "eps_growth_year": -31.82,
            "eps_4q": 3.48,
            "eps_4q_growth_year": -9.6,
            "roe": 2.59,
            "roe_4q": 15.57,
            "gross_profit": 1356085,
            "gross_margin": 45.92,
            "gross_margin_4q_avg": 44.01,
            "net_income": 204216,
            "net_income_4q": null,
            "revenue": 2953323,
            "revenue_4q": null,
            "common_shares": 3374322,
            "book_valuer_per_share": 23.55,
            "book_valuer_per_share_4q_avg": 22.19,
            "equity": 8097222,
            "current_ratio": 178.07,
            "debt_ratio": 44.95,
            "inventory_turnover_ratio": 1.27,
            "account_receivable_turnover_ratio": 2.13,
            "reinvestment_rate": -13.69,
            "research_to_sale_ratio": null,
            "price_fair": 48.67,
            "eps_avg_yearly": 3.59,
            "eps_latest_yearly": 2.36,
            "eps_growth_yearly": 3.57
        },
        "20151": {
            "year_quarter": 20151,
            "year": 2015,
            "quarter": 1,
            "eps": 0.95,
            "eps_growth_year": 10.47,
            "eps_4q": 3.57,
            "eps_4q_growth_year": -5.88,
            "roe": 3.83,
            "roe_4q": 15.59,
            "gross_profit": 1212071,
            "gross_margin": 41.41,
            "gross_margin_4q_avg": 43.43,
            "net_income": 316011,
            "net_income_4q": null,
            "revenue": 2926743,
            "revenue_4q": null,
            "common_shares": 3374322,
            "book_valuer_per_share": 24.49,
            "book_valuer_per_share_4q_avg": 22.6,
            "equity": 8407551,
            "current_ratio": 194.07,
            "debt_ratio": 39.92,
            "inventory_turnover_ratio": 1.25,
            "account_receivable_turnover_ratio": 1.9,
            "reinvestment_rate": -6.55,
            "research_to_sale_ratio": null,
            "price_fair": 112.75,
            "eps_avg_yearly": 3.66,
            "eps_latest_yearly": 3.8,
            "eps_growth_yearly": 20.85
        },
        "20152": {
            "year_quarter": 20152,
            "year": 2015,
            "quarter": 2,
            "eps": 0.96,
            "eps_growth_year": 0,
            "eps_4q": 3.58,
            "eps_4q_growth_year": -3.63,
            "roe": 4.1,
            "roe_4q": 15.28,
            "gross_profit": 1375100,
            "gross_margin": 39.99,
            "gross_margin_4q_avg": 42.55,
            "net_income": 327723,
            "net_income_4q": null,
            "revenue": 3438246,
            "revenue_4q": null,
            "common_shares": 3374322,
            "book_valuer_per_share": 21.8,
            "book_valuer_per_share_4q_avg": 23.11,
            "equity": 7572341,
            "current_ratio": 165.85,
            "debt_ratio": 46.57,
            "inventory_turnover_ratio": 1.49,
            "account_receivable_turnover_ratio": 1.88,
            "reinvestment_rate": -10.46,
            "research_to_sale_ratio": null,
            "price_fair": 63.6,
            "eps_avg_yearly": 3.63,
            "eps_latest_yearly": 3.84,
            "eps_growth_yearly": 7.51
        },
        "20153": {
            "year_quarter": 20153,
            "year": 2015,
            "quarter": 3,
            "eps": 0.99,
            "eps_growth_year": -6.6,
            "eps_4q": 3.51,
            "eps_4q_growth_year": -6.61,
            "roe": 4.2,
            "roe_4q": 14.72,
            "gross_profit": 1362367,
            "gross_margin": 39.86,
            "gross_margin_4q_avg": 41.8,
            "net_income": 329190,
            "net_income_4q": null,
            "revenue": 3417486,
            "revenue_4q": null,
            "common_shares": 3374322,
            "book_valuer_per_share": 23.41,
            "book_valuer_per_share_4q_avg": 23.31,
            "equity": 8111610,
            "current_ratio": 176.03,
            "debt_ratio": 44.95,
            "inventory_turnover_ratio": 1.48,
            "account_receivable_turnover_ratio": 1.76,
            "reinvestment_rate": -6.9,
            "research_to_sale_ratio": null,
            "price_fair": 71.63,
            "eps_avg_yearly": 3.63,
            "eps_latest_yearly": 3.96,
            "eps_growth_yearly": 9.72
        },
        "20154": {
            "year_quarter": 20154,
            "year": 2015,
            "quarter": 4,
            "eps": 0.91,
            "eps_growth_year": 55.21,
            "eps_4q": 3.83,
            "eps_4q_growth_year": 9.98,
            "roe": 3.78,
            "roe_4q": 15.91,
            "gross_profit": 1528978,
            "gross_margin": 41.86,
            "gross_margin_4q_avg": 40.78,
            "net_income": 308071,
            "net_income_4q": null,
            "revenue": 3652382,
            "revenue_4q": null,
            "common_shares": 3374322,
            "book_valuer_per_share": 23.65,
            "book_valuer_per_share_4q_avg": 23.34,
            "equity": 8192399,
            "current_ratio": 194.52,
            "debt_ratio": 44.11,
            "inventory_turnover_ratio": 1.49,
            "account_receivable_turnover_ratio": 2.05,
            "reinvestment_rate": -11.04,
            "research_to_sale_ratio": null,
            "price_fair": 89.23,
            "eps_avg_yearly": 3.68,
            "eps_latest_yearly": 3.64,
            "eps_growth_yearly": 14.26
        },
        "20161": {
            "year_quarter": 20161,
            "year": 2016,
            "quarter": 1,
            "eps": 0.95,
            "eps_growth_year": 0,
            "eps_4q": 3.83,
            "eps_4q_growth_year": 7.31,
            "roe": 3.82,
            "roe_4q": 15.9,
            "gross_profit": 1319915,
            "gross_margin": 39.28,
            "gross_margin_4q_avg": 40.25,
            "net_income": 320078,
            "net_income_4q": null,
            "revenue": 3360488,
            "revenue_4q": null,
            "common_shares": 3374322,
            "book_valuer_per_share": 24.83,
            "book_valuer_per_share_4q_avg": 23.42,
            "equity": 8572588,
            "current_ratio": 191.53,
            "debt_ratio": 40.33,
            "inventory_turnover_ratio": 1.42,
            "account_receivable_turnover_ratio": 1.98,
            "reinvestment_rate": 0.9,
            "research_to_sale_ratio": null,
            "price_fair": 87.98,
            "eps_avg_yearly": 3.72,
            "eps_latest_yearly": 3.8,
            "eps_growth_yearly": 13.65
        },
        "20162": {
            "year_quarter": 20162,
            "year": 2016,
            "quarter": 2,
            "eps": 0.93,
            "eps_growth_year": -3.12,
            "eps_4q": 3.8,
            "eps_4q_growth_year": 6.3,
            "roe": 3.93,
            "roe_4q": 15.73,
            "gross_profit": 1522796,
            "gross_margin": 42.22,
            "gross_margin_4q_avg": 40.81,
            "net_income": 314626,
            "net_income_4q": null,
            "revenue": 3606938,
            "revenue_4q": null,
            "common_shares": 3374322,
            "book_valuer_per_share": 21.33,
            "book_valuer_per_share_4q_avg": 23.31,
            "equity": 7449393,
            "current_ratio": 166.58,
            "debt_ratio": 48.93,
            "inventory_turnover_ratio": 1.49,
            "account_receivable_turnover_ratio": 1.91,
            "reinvestment_rate": 2.33,
            "research_to_sale_ratio": null,
            "price_fair": 75.59,
            "eps_avg_yearly": 3.74,
            "eps_latest_yearly": 3.72,
            "eps_growth_yearly": 10.24
        },
        "20163": {
            "year_quarter": 20163,
            "year": 2016,
            "quarter": 3,
            "eps": 1.11,
            "eps_growth_year": 12.12,
            "eps_4q": 3.92,
            "eps_4q_growth_year": 11.66,
            "roe": 4.82,
            "roe_4q": 16.35,
            "gross_profit": 1482738,
            "gross_margin": 40.36,
            "gross_margin_4q_avg": 40.93,
            "net_income": 362659,
            "net_income_4q": null,
            "revenue": 3673526,
            "revenue_4q": null,
            "common_shares": 3374322,
            "book_valuer_per_share": 21.87,
            "book_valuer_per_share_4q_avg": 22.92,
            "equity": 7611938,
            "current_ratio": 178.3,
            "debt_ratio": 47.45,
            "inventory_turnover_ratio": 1.59,
            "account_receivable_turnover_ratio": 1.87,
            "reinvestment_rate": -0.13,
            "research_to_sale_ratio": null,
            "price_fair": 79.17,
            "eps_avg_yearly": 3.76,
            "eps_latest_yearly": 4.44,
            "eps_growth_yearly": 11.05
        },
        "20164": {
            "year_quarter": 20164,
            "year": 2016,
            "quarter": 4,
            "eps": 1.04,
            "eps_growth_year": 14.69,
            "eps_4q": 4.05,
            "eps_4q_growth_year": 5.68,
            "roe": 4.48,
            "roe_4q": 17.05,
            "gross_profit": 1596727,
            "gross_margin": 41.77,
            "gross_margin_4q_avg": 40.91,
            "net_income": 347806,
            "net_income_4q": null,
            "revenue": 3822681,
            "revenue_4q": null,
            "common_shares": 3374322,
            "book_valuer_per_share": 22.66,
            "book_valuer_per_share_4q_avg": 22.67,
            "equity": 7919864,
            "current_ratio": 167.35,
            "debt_ratio": 50.43,
            "inventory_turnover_ratio": 1.62,
            "account_receivable_turnover_ratio": 2,
            "reinvestment_rate": -5.1,
            "research_to_sale_ratio": null,
            "price_fair": 87.24,
            "eps_avg_yearly": 3.8,
            "eps_latest_yearly": 4.16,
            "eps_growth_yearly": 12.94
        },
        "20171": {
            "year_quarter": 20171,
            "year": 2017,
            "quarter": 1,
            "eps": 1.05,
            "eps_growth_year": 10.53,
            "eps_4q": 4.09,
            "eps_4q_growth_year": 6.64,
            "roe": 4.34,
            "roe_4q": 17.57,
            "gross_profit": 1488209,
            "gross_margin": 42.45,
            "gross_margin_4q_avg": 41.7,
            "net_income": 353743,
            "net_income_4q": null,
            "revenue": 3505494,
            "revenue_4q": null,
            "common_shares": 3374322,
            "book_valuer_per_share": 23.71,
            "book_valuer_per_share_4q_avg": 22.39,
            "equity": 8377721,
            "current_ratio": 183.38,
            "debt_ratio": 45.96,
            "inventory_turnover_ratio": 1.52,
            "account_receivable_turnover_ratio": 1.85,
            "reinvestment_rate": -7.06,
            "research_to_sale_ratio": null,
            "price_fair": 81.09,
            "eps_avg_yearly": 3.83,
            "eps_latest_yearly": 4.2,
            "eps_growth_yearly": 11.17
        },
        "20172": {
            "year_quarter": 20172,
            "year": 2017,
            "quarter": 2,
            "eps": 1.08,
            "eps_growth_year": 16.13,
            "eps_4q": 4.2,
            "eps_4q_growth_year": 10.44,
            "roe": 4.58,
            "roe_4q": 18.22,
            "gross_profit": 1565789,
            "gross_margin": 43.98,
            "gross_margin_4q_avg": 42.14,
            "net_income": 375076,
            "net_income_4q": null,
            "revenue": 3560040,
            "revenue_4q": null,
            "common_shares": 3374322,
            "book_valuer_per_share": 22.09,
            "book_valuer_per_share_4q_avg": 22.58,
            "equity": 8005262,
            "current_ratio": 168.01,
            "debt_ratio": 50.3,
            "inventory_turnover_ratio": 1.54,
            "account_receivable_turnover_ratio": 1.73,
            "reinvestment_rate": -5.54,
            "research_to_sale_ratio": null,
            "price_fair": 71.7,
            "eps_avg_yearly": 3.84,
            "eps_latest_yearly": 4.32,
            "eps_growth_yearly": 8.7
        },
        "20173": {
            "year_quarter": 20173,
            "year": 2017,
            "quarter": 3,
            "eps": 1.77,
            "eps_growth_year": 59.46,
            "eps_4q": 6.3,
            "eps_4q_growth_year": 60.71,
            "roe": 5.55,
            "roe_4q": 18.95,
            "gross_profit": 1563899,
            "gross_margin": 41.63,
            "gross_margin_4q_avg": 42.46,
            "net_income": 438527,
            "net_income_4q": null,
            "revenue": 3757000,
            "revenue_4q": null,
            "common_shares": 2362025,
            "book_valuer_per_share": 30.36,
            "book_valuer_per_share_4q_avg": 24.71,
            "equity": 7786053,
            "current_ratio": 166.99,
            "debt_ratio": 50.2,
            "inventory_turnover_ratio": 1.68,
            "account_receivable_turnover_ratio": 1.64,
            "reinvestment_rate": -3.3,
            "research_to_sale_ratio": null,
            "price_fair": 140.61,
            "eps_avg_yearly": 4.02,
            "eps_latest_yearly": 7.08,
            "eps_growth_yearly": 25.14
        },
        "20174": {
            "year_quarter": 20174,
            "year": 2017,
            "quarter": 4,
            "eps": 3.26,
            "eps_growth_year": 212.63,
            "eps_4q": 8.11,
            "eps_4q_growth_year": 100.31,
            "roe": 9.28,
            "roe_4q": 23.749999999999996,
            "gross_profit": 1465998,
            "gross_margin": 41.32,
            "gross_margin_4q_avg": 42.35,
            "net_income": 756033,
            "net_income_4q": null,
            "revenue": 3548261,
            "revenue_4q": null,
            "common_shares": 2362025,
            "book_valuer_per_share": 33.4,
            "book_valuer_per_share_4q_avg": 27.39,
            "equity": 8500628,
            "current_ratio": 177.23,
            "debt_ratio": 48.45,
            "inventory_turnover_ratio": 1.51,
            "account_receivable_turnover_ratio": 1.73,
            "reinvestment_rate": 3.95,
            "research_to_sale_ratio": null,
            "price_fair": 161.61,
            "eps_avg_yearly": 4.62,
            "eps_latest_yearly": 13.04,
            "eps_growth_yearly": 50.51
        },
        "20181": {
            "year_quarter": 20181,
            "year": 2018,
            "quarter": 1,
            "eps": 1.28,
            "eps_growth_year": 21.9,
            "eps_4q": 7.92,
            "eps_4q_growth_year": 93.74,
            "roe": 3.56,
            "roe_4q": 22.97,
            "gross_profit": 1428743,
            "gross_margin": 43.48,
            "gross_margin_4q_avg": 42.6,
            "net_income": 312526,
            "net_income_4q": null,
            "revenue": 3286022,
            "revenue_4q": null,
            "common_shares": 2362025,
            "book_valuer_per_share": 35.57,
            "book_valuer_per_share_4q_avg": 30.36,
            "equity": 9049130,
            "current_ratio": 194.98,
            "debt_ratio": 43.76,
            "inventory_turnover_ratio": 1.26,
            "account_receivable_turnover_ratio": 1.82,
            "reinvestment_rate": 9.95,
            "research_to_sale_ratio": null,
            "price_fair": 165.29,
            "eps_avg_yearly": 4.72,
            "eps_latest_yearly": 5.12,
            "eps_growth_yearly": 35.33
        },
        "20182": {
            "year_quarter": 20182,
            "year": 2018,
            "quarter": 2,
            "eps": 1.72,
            "eps_growth_year": 59.26,
            "eps_4q": 8.1,
            "eps_4q_growth_year": 92.93,
            "roe": 4.97,
            "roe_4q": 23.36,
            "gross_profit": 1598574,
            "gross_margin": 43.5,
            "gross_margin_4q_avg": 42.48,
            "net_income": 421705,
            "net_income_4q": null,
            "revenue": 3674608,
            "revenue_4q": null,
            "common_shares": 2362025,
            "book_valuer_per_share": 30.56,
            "book_valuer_per_share_4q_avg": 32.47,
            "equity": 7905092,
            "current_ratio": 155.45,
            "debt_ratio": 52.25,
            "inventory_turnover_ratio": 1.4,
            "account_receivable_turnover_ratio": 1.74,
            "reinvestment_rate": 8.18,
            "research_to_sale_ratio": null,
            "price_fair": 171.94,
            "eps_avg_yearly": 4.91,
            "eps_latest_yearly": 6.88,
            "eps_growth_yearly": 41.01
        },
        "20183": {
            "year_quarter": 20183,
            "year": 2018,
            "quarter": 3,
            "eps": 2.02,
            "eps_growth_year": 14.12,
            "eps_4q": 8.29,
            "eps_4q_growth_year": 31.7,
            "roe": 5.97,
            "roe_4q": 23.78,
            "gross_profit": 1584753,
            "gross_margin": 43.91,
            "gross_margin_4q_avg": 43.05,
            "net_income": 481695,
            "net_income_4q": null,
            "revenue": 3608761,
            "revenue_4q": null,
            "common_shares": 2362025,
            "book_valuer_per_share": 31.99,
            "book_valuer_per_share_4q_avg": 32.88,
            "equity": 8225088,
            "current_ratio": 169.72,
            "debt_ratio": 49.57,
            "inventory_turnover_ratio": 1.4,
            "account_receivable_turnover_ratio": 1.67,
            "reinvestment_rate": 14.25,
            "research_to_sale_ratio": null,
            "price_fair": 180.34,
            "eps_avg_yearly": 5.15,
            "eps_latest_yearly": 8.08,
            "eps_growth_yearly": 42.77
        },
        "20184": {
            "year_quarter": 20184,
            "year": 2018,
            "quarter": 4,
            "eps": 1.77,
            "eps_growth_year": -45.76,
            "eps_4q": 6.81,
            "eps_4q_growth_year": -16.06,
            "roe": 5.14,
            "roe_4q": 19.639999999999997,
            "gross_profit": 1690626,
            "gross_margin": 44.79,
            "gross_margin_4q_avg": 43.92,
            "net_income": 434888,
            "net_income_4q": null,
            "revenue": 3774504,
            "revenue_4q": null,
            "common_shares": 2362025,
            "book_valuer_per_share": 33.91,
            "book_valuer_per_share_4q_avg": 33.01,
            "equity": 8699008,
            "current_ratio": 170.21,
            "debt_ratio": 49.66,
            "inventory_turnover_ratio": 1.31,
            "account_receivable_turnover_ratio": 2.11,
            "reinvestment_rate": 12.66,
            "research_to_sale_ratio": null,
            "price_fair": 190.66,
            "eps_avg_yearly": 5.45,
            "eps_latest_yearly": 7.08,
            "eps_growth_yearly": 50.76
        },
        "20191": {
            "year_quarter": 20191,
            "year": 2019,
            "quarter": 1,
            "eps": 1.29,
            "eps_growth_year": 0.78,
            "eps_4q": 6.81,
            "eps_4q_growth_year": -14,
            "roe": 3.51,
            "roe_4q": 19.589999999999996,
            "gross_profit": 1400262,
            "gross_margin": 42.92,
            "gross_margin_4q_avg": 43.78,
            "net_income": 313317,
            "net_income_4q": null,
            "revenue": 3262776,
            "revenue_4q": null,
            "common_shares": 2362025,
            "book_valuer_per_share": 35.75,
            "book_valuer_per_share_4q_avg": 33.05,
            "equity": 9154330,
            "current_ratio": 177.89,
            "debt_ratio": 47.81,
            "inventory_turnover_ratio": 1.07,
            "account_receivable_turnover_ratio": 2.03,
            "reinvestment_rate": 9.57,
            "research_to_sale_ratio": null,
            "price_fair": 193.64,
            "eps_avg_yearly": 5.53,
            "eps_latest_yearly": 5.16,
            "eps_growth_yearly": 28.73
        },
        "20192": {
            "year_quarter": 20192,
            "year": 2019,
            "quarter": 2,
            "eps": 1.57,
            "eps_growth_year": -8.72,
            "eps_4q": 6.67,
            "eps_4q_growth_year": -17.7,
            "roe": 4.48,
            "roe_4q": 19.099999999999998,
            "gross_profit": 1552362,
            "gross_margin": 44.04,
            "gross_margin_4q_avg": 43.92,
            "net_income": 385887,
            "net_income_4q": null,
            "revenue": 3524564,
            "revenue_4q": null,
            "common_shares": 2362025,
            "book_valuer_per_share": 30.97,
            "book_valuer_per_share_4q_avg": 33.16,
            "equity": 8074448,
            "current_ratio": 145.11,
            "debt_ratio": 55.16,
            "inventory_turnover_ratio": 1.16,
            "account_receivable_turnover_ratio": 2.12,
            "reinvestment_rate": 15.69,
            "research_to_sale_ratio": null,
            "price_fair": 198.98,
            "eps_avg_yearly": 5.69,
            "eps_latest_yearly": 6.28,
            "eps_growth_yearly": 33.89
        },
        "20193": {
            "year_quarter": 20193,
            "year": 2019,
            "quarter": 3,
            "eps": 1.67,
            "eps_growth_year": -17.33,
            "eps_4q": 6.31,
            "eps_4q_growth_year": -23.85,
            "roe": 4.99,
            "roe_4q": 18.12,
            "gross_profit": 1573969,
            "gross_margin": 45.55,
            "gross_margin_4q_avg": 44.33,
            "net_income": 404633,
            "net_income_4q": null,
            "revenue": 3455758,
            "revenue_4q": null,
            "common_shares": 2362025,
            "book_valuer_per_share": 31.34,
            "book_valuer_per_share_4q_avg": 32.99,
            "equity": 8143379,
            "current_ratio": 164.01,
            "debt_ratio": 52.22,
            "inventory_turnover_ratio": 1.18,
            "account_receivable_turnover_ratio": 2.04,
            "reinvestment_rate": 8.42,
            "research_to_sale_ratio": null,
            "price_fair": 204.93,
            "eps_avg_yearly": 5.86,
            "eps_latest_yearly": 6.68,
            "eps_growth_yearly": 34.7
        },
        "20194": {
            "year_quarter": 20194,
            "year": 2019,
            "quarter": 4,
            "eps": 1.6,
            "eps_growth_year": -9.56,
            "eps_4q": 6.15,
            "eps_4q_growth_year": -9.73,
            "roe": 4.82,
            "roe_4q": 17.8,
            "gross_profit": 1509476,
            "gross_margin": 44.9,
            "gross_margin_4q_avg": 44.35,
            "net_income": 397919,
            "net_income_4q": null,
            "revenue": 3362015,
            "revenue_4q": null,
            "common_shares": 2362025,
            "book_valuer_per_share": 32.24,
            "book_valuer_per_share_4q_avg": 32.58,
            "equity": 8373733,
            "current_ratio": 170.85,
            "debt_ratio": 51.06,
            "inventory_turnover_ratio": 1.22,
            "account_receivable_turnover_ratio": 2.22,
            "reinvestment_rate": 10.54,
            "research_to_sale_ratio": null,
            "price_fair": 210.96,
            "eps_avg_yearly": 6.03,
            "eps_latest_yearly": 6.4,
            "eps_growth_yearly": 35.67
        },
        "20201": {
            "year_quarter": 20201,
            "year": 2020,
            "quarter": 1,
            "eps": 0.69,
            "eps_growth_year": -46.51,
            "eps_4q": 5.55,
            "eps_4q_growth_year": -18.53,
            "roe": 1.89,
            "roe_4q": 16.18,
            "gross_profit": 1093831,
            "gross_margin": 45.3,
            "gross_margin_4q_avg": 44.95,
            "net_income": 157345,
            "net_income_4q": null,
            "revenue": 2414441,
            "revenue_4q": null,
            "common_shares": 2362025,
            "book_valuer_per_share": 31.83,
            "book_valuer_per_share_4q_avg": 31.6,
            "equity": 8266124,
            "current_ratio": 182.13,
            "debt_ratio": 48.93,
            "inventory_turnover_ratio": 0.87,
            "account_receivable_turnover_ratio": 1.92,
            "reinvestment_rate": 9.45,
            "research_to_sale_ratio": null,
            "price_fair": 181,
            "eps_avg_yearly": 5.96,
            "eps_latest_yearly": 2.76,
            "eps_growth_yearly": 20.36
        },
        "20202": {
            "year_quarter": 20202,
            "year": 2020,
            "quarter": 2,
            "eps": 1.61,
            "eps_growth_year": 2.55,
            "eps_4q": 5.58,
            "eps_4q_growth_year": -16.21,
            "roe": 5.05,
            "roe_4q": 16.75,
            "gross_profit": 1499531,
            "gross_margin": 44.46,
            "gross_margin_4q_avg": 45.05,
            "net_income": 392302,
            "net_income_4q": null,
            "revenue": 3373089,
            "revenue_4q": null,
            "common_shares": 2362025,
            "book_valuer_per_share": 27.35,
            "book_valuer_per_share_4q_avg": 30.69,
            "equity": 7264429,
            "current_ratio": 146.41,
            "debt_ratio": 57.1,
            "inventory_turnover_ratio": 1.31,
            "account_receivable_turnover_ratio": 2.59,
            "reinvestment_rate": 15.54,
            "research_to_sale_ratio": null,
            "price_fair": 214.64,
            "eps_avg_yearly": 6.13,
            "eps_latest_yearly": 6.44,
            "eps_growth_yearly": 54.22
        },
        "20203": {
            "year_quarter": 20203,
            "year": 2020,
            "quarter": 3,
            "eps": 2.21,
            "eps_growth_year": 32.34,
            "eps_4q": 6.13,
            "eps_4q_growth_year": -2.94,
            "roe": 6.96,
            "roe_4q": 18.72,
            "gross_profit": 1597650,
            "gross_margin": 44.43,
            "gross_margin_4q_avg": 44.77,
            "net_income": 536700,
            "net_income_4q": null,
            "revenue": 3595775,
            "revenue_4q": null,
            "common_shares": 2362025,
            "book_valuer_per_share": 30.98,
            "book_valuer_per_share_4q_avg": 30.6,
            "equity": 8149722,
            "current_ratio": 167.47,
            "debt_ratio": 52.45,
            "inventory_turnover_ratio": 1.46,
            "account_receivable_turnover_ratio": 2.34,
            "reinvestment_rate": 15.24,
            "research_to_sale_ratio": null,
            "price_fair": 224.26,
            "eps_avg_yearly": 6.41,
            "eps_latest_yearly": 8.84,
            "eps_growth_yearly": 58.69
        },
        "20204": {
            "year_quarter": 20204,
            "year": 2020,
            "quarter": 4,
            "eps": 1.9,
            "eps_growth_year": 18.85,
            "eps_4q": 6.43,
            "eps_4q_growth_year": 4.62,
            "roe": 5.53,
            "roe_4q": 19.43,
            "gross_profit": 1607318,
            "gross_margin": 45.05,
            "gross_margin_4q_avg": 44.81,
            "net_income": 472388,
            "net_income_4q": null,
            "revenue": 3567669,
            "revenue_4q": null,
            "common_shares": 2362025,
            "book_valuer_per_share": 34.1,
            "book_valuer_per_share_4q_avg": 31.07,
            "equity": 8924147,
            "current_ratio": 164.6,
            "debt_ratio": 50.59,
            "inventory_turnover_ratio": 1.39,
            "account_receivable_turnover_ratio": 2.19,
            "reinvestment_rate": 20.2,
            "research_to_sale_ratio": null,
            "price_fair": 231.79,
            "eps_avg_yearly": 6.62,
            "eps_latest_yearly": 7.6,
            "eps_growth_yearly": 56.76
        },
        "20211": {
            "year_quarter": 20211,
            "year": 2021,
            "quarter": 1,
            "eps": 1.15,
            "eps_growth_year": 66.67,
            "eps_4q": 6.89,
            "eps_4q_growth_year": 24.17,
            "roe": 3.08,
            "roe_4q": 20.62,
            "gross_profit": 1414207,
            "gross_margin": 43.88,
            "gross_margin_4q_avg": 44.46,
            "net_income": 279262,
            "net_income_4q": null,
            "revenue": 3222748,
            "revenue_4q": null,
            "common_shares": 2362025,
            "book_valuer_per_share": 35.29,
            "book_valuer_per_share_4q_avg": 31.93,
            "equity": 9202952,
            "current_ratio": 170.13,
            "debt_ratio": 48.15,
            "inventory_turnover_ratio": 1.23,
            "account_receivable_turnover_ratio": 2.07,
            "reinvestment_rate": 18.72,
            "research_to_sale_ratio": null,
            "price_fair": 232.66,
            "eps_avg_yearly": 6.65,
            "eps_latest_yearly": 4.6,
            "eps_growth_yearly": 46.66
        },
        "20212": {
            "year_quarter": 20212,
            "year": 2021,
            "quarter": 2,
            "eps": 1.49,
            "eps_growth_year": -7.45,
            "eps_4q": 6.77,
            "eps_4q_growth_year": 21.27,
            "roe": 3.96,
            "roe_4q": 19.53,
            "gross_profit": 1553432,
            "gross_margin": 45.76,
            "gross_margin_4q_avg": 44.78,
            "net_income": 368677,
            "net_income_4q": null,
            "revenue": 3395111,
            "revenue_4q": null,
            "common_shares": 2362025,
            "book_valuer_per_share": 36.37,
            "book_valuer_per_share_4q_avg": 34.19,
            "equity": 9432886,
            "current_ratio": 167.27,
            "debt_ratio": 47.38,
            "inventory_turnover_ratio": 1.23,
            "account_receivable_turnover_ratio": 2.32,
            "reinvestment_rate": 18.83,
            "research_to_sale_ratio": null,
            "price_fair": 236.25,
            "eps_avg_yearly": 6.75,
            "eps_latest_yearly": 5.96,
            "eps_growth_yearly": 53.33
        },
        "20213": {
            "year_quarter": 20213,
            "year": 2021,
            "quarter": 3,
            "eps": 1.78,
            "eps_growth_year": -19.46,
            "eps_4q": 6.34,
            "eps_4q_growth_year": 3.49,
            "roe": 4.94,
            "roe_4q": 17.51,
            "gross_profit": 1488208,
            "gross_margin": 44.09,
            "gross_margin_4q_avg": 44.7,
            "net_income": 440055,
            "net_income_4q": null,
            "revenue": 3375547,
            "revenue_4q": null,
            "common_shares": 2362025,
            "book_valuer_per_share": 31.82,
            "book_valuer_per_share_4q_avg": 34.4,
            "equity": 8399151,
            "current_ratio": 147.47,
            "debt_ratio": 52.37,
            "inventory_turnover_ratio": 1.22,
            "account_receivable_turnover_ratio": 2.38,
            "reinvestment_rate": 15.27,
            "research_to_sale_ratio": null,
            "price_fair": 236.34,
            "eps_avg_yearly": 6.75,
            "eps_latest_yearly": 7.12,
            "eps_growth_yearly": 42.23
        },
        "20214": {
            "year_quarter": 20214,
            "year": 2021,
            "quarter": 4,
            "eps": 1.78,
            "eps_growth_year": -6.43,
            "eps_4q": 6.22,
            "eps_4q_growth_year": -3.25,
            "roe": 5.06,
            "roe_4q": 17.04,
            "gross_profit": 1553838,
            "gross_margin": 43.36,
            "gross_margin_4q_avg": 44.27,
            "net_income": 438237,
            "net_income_4q": null,
            "revenue": 3583851,
            "revenue_4q": null,
            "common_shares": 2362025,
            "book_valuer_per_share": 33.95,
            "book_valuer_per_share_4q_avg": 34.36,
            "equity": 8926634,
            "current_ratio": 152.24,
            "debt_ratio": 51.09,
            "inventory_turnover_ratio": 1.26,
            "account_receivable_turnover_ratio": 2.49,
            "reinvestment_rate": 14.58,
            "research_to_sale_ratio": null,
            "price_fair": 199.01,
            "eps_avg_yearly": 6.38,
            "eps_latest_yearly": 7.12,
            "eps_growth_yearly": 21.18
        },
        "20221": {
            "year_quarter": 20221,
            "year": 2022,
            "quarter": 1,
            "eps": 1.01,
            "eps_growth_year": -12.17,
            "eps_4q": 6.08,
            "eps_4q_growth_year": -11.82,
            "roe": 2.63,
            "roe_4q": 16.59,
            "gross_profit": 1303550,
            "gross_margin": 43.26,
            "gross_margin_4q_avg": 44.12,
            "net_income": 242837,
            "net_income_4q": null,
            "revenue": 3013267,
            "revenue_4q": null,
            "common_shares": 2362025,
            "book_valuer_per_share": 36.59,
            "book_valuer_per_share_4q_avg": 34.68,
            "equity": 9573379,
            "current_ratio": 160.47,
            "debt_ratio": 48.24,
            "inventory_turnover_ratio": 1.04,
            "account_receivable_turnover_ratio": 1.98,
            "reinvestment_rate": 14.23,
            "research_to_sale_ratio": null,
            "price_fair": 221.03,
            "eps_avg_yearly": 6.32,
            "eps_latest_yearly": 4.04,
            "eps_growth_yearly": 25.55
        },
        "20222": {
            "year_quarter": 20222,
            "year": 2022,
            "quarter": 2,
            "eps": 0.87,
            "eps_growth_year": -41.61,
            "eps_4q": 5.45,
            "eps_4q_growth_year": -19.48,
            "roe": 2.35,
            "roe_4q": 14.98,
            "gross_profit": 1256645,
            "gross_margin": 45.86,
            "gross_margin_4q_avg": 44.14,
            "net_income": 207109,
            "net_income_4q": null,
            "revenue": 2740100,
            "revenue_4q": null,
            "common_shares": 2362025,
            "book_valuer_per_share": 30.09,
            "book_valuer_per_share_4q_avg": 33.11,
            "equity": 8068041,
            "current_ratio": 131.47,
            "debt_ratio": 56.56,
            "inventory_turnover_ratio": 0.89,
            "account_receivable_turnover_ratio": 1.67,
            "reinvestment_rate": 12.65,
            "research_to_sale_ratio": null,
            "price_fair": 143.35,
            "eps_avg_yearly": 6.1,
            "eps_latest_yearly": 3.48,
            "eps_growth_yearly": 13.49
        },
        "20223": {
            "year_quarter": 20223,
            "year": 2022,
            "quarter": 3,
            "eps": 2.27,
            "eps_growth_year": 27.53,
            "eps_4q": 5.95,
            "eps_4q_growth_year": -6.2,
            "roe": 6.64,
            "roe_4q": 16.68,
            "gross_profit": 1544464,
            "gross_margin": 42.59,
            "gross_margin_4q_avg": 43.77,
            "net_income": 554179,
            "net_income_4q": null,
            "revenue": 3626499,
            "revenue_4q": null,
            "common_shares": 2362025,
            "book_valuer_per_share": 32.58,
            "book_valuer_per_share_4q_avg": 33.3,
            "equity": 8634193,
            "current_ratio": 142.72,
            "debt_ratio": 53.01,
            "inventory_turnover_ratio": 1.14,
            "account_receivable_turnover_ratio": 2.09,
            "reinvestment_rate": 12.72,
            "research_to_sale_ratio": null,
            "price_fair": 215.78,
            "eps_avg_yearly": 6.17,
            "eps_latest_yearly": 9.08,
            "eps_growth_yearly": 49.36
        },
        "20224": {
            "year_quarter": 20224,
            "year": 2022,
            "quarter": 4,
            "eps": 1.68,
            "eps_growth_year": -5.42,
            "eps_4q": 5.85,
            "eps_4q_growth_year": -5.9,
            "roe": 4.77,
            "roe_4q": 16.39,
            "gross_profit": 1440236,
            "gross_margin": 45.06,
            "gross_margin_4q_avg": 44.19,
            "net_income": 417502,
            "net_income_4q": null,
            "revenue": 3196459,
            "revenue_4q": null,
            "common_shares": 2362025,
            "book_valuer_per_share": 33.59,
            "book_valuer_per_share_4q_avg": 33.21,
            "equity": 8884013,
            "current_ratio": 182.68,
            "debt_ratio": 51.36,
            "inventory_turnover_ratio": 0.94,
            "account_receivable_turnover_ratio": 2.02,
            "reinvestment_rate": 13.44,
            "research_to_sale_ratio": null,
            "price_fair": 214.99,
            "eps_avg_yearly": 6.14,
            "eps_latest_yearly": 6.72,
            "eps_growth_yearly": 45.96
        },
        "20231": {
            "year_quarter": 20231,
            "year": 2023,
            "quarter": 1,
            "eps": 0.87,
            "eps_growth_year": -13.86,
            "eps_4q": 5.72,
            "eps_4q_growth_year": -5.94,
            "roe": 2.48,
            "roe_4q": 16.240000000000002,
            "gross_profit": 1328576,
            "gross_margin": 44.06,
            "gross_margin_4q_avg": 44.39,
            "net_income": 209838,
            "net_income_4q": null,
            "revenue": 3015306,
            "revenue_4q": null,
            "common_shares": 2362025,
            "book_valuer_per_share": 29.85,
            "book_valuer_per_share_4q_avg": 31.53,
            "equity": 8067412,
            "current_ratio": 160.31,
            "debt_ratio": 56.31,
            "inventory_turnover_ratio": 1.02,
            "account_receivable_turnover_ratio": 2.17,
            "reinvestment_rate": 15.82,
            "research_to_sale_ratio": null,
            "price_fair": 211.31,
            "eps_avg_yearly": 6.04,
            "eps_latest_yearly": 3.48,
            "eps_growth_yearly": 40.68
        },
        "20232": {
            "year_quarter": 20232,
            "year": 2023,
            "quarter": 2,
            "eps": 1.33,
            "eps_growth_year": 52.87,
            "eps_4q": 6.18,
            "eps_4q_growth_year": 13.25,
            "roe": 4.04,
            "roe_4q": 17.93,
            "gross_profit": 1365883,
            "gross_margin": 47.12,
            "gross_margin_4q_avg": 44.71,
            "net_income": 325150,
            "net_income_4q": null,
            "revenue": 2898858,
            "revenue_4q": null,
            "common_shares": 2362025,
            "book_valuer_per_share": 29.85,
            "book_valuer_per_share_4q_avg": 31.47,
            "equity": 8016793,
            "current_ratio": 172.19,
            "debt_ratio": 55.82,
            "inventory_turnover_ratio": 1.08,
            "account_receivable_turnover_ratio": 2.13,
            "reinvestment_rate": 10.96,
            "research_to_sale_ratio": null,
            "price_fair": 209.21,
            "eps_avg_yearly": 5.98,
            "eps_latest_yearly": 5.32,
            "eps_growth_yearly": 48.47
        },
        "20233": {
            "year_quarter": 20233,
            "year": 2023,
            "quarter": 3,
            "eps": 1.41,
            "eps_growth_year": -37.89,
            "eps_4q": 5.3,
            "eps_4q_growth_year": -10.86,
            "roe": 4.05,
            "roe_4q": 15.34,
            "gross_profit": 1308696,
            "gross_margin": 46.69,
            "gross_margin_4q_avg": 45.73,
            "net_income": 335523,
            "net_income_4q": null,
            "revenue": 2802977,
            "revenue_4q": null,
            "common_shares": 2362025,
            "book_valuer_per_share": 32.41,
            "book_valuer_per_share_4q_avg": 31.43,
            "equity": 8569072,
            "current_ratio": 204.32,
            "debt_ratio": 52.13,
            "inventory_turnover_ratio": 1.1,
            "account_receivable_turnover_ratio": 2.05,
            "reinvestment_rate": 17.68,
            "research_to_sale_ratio": null,
            "price_fair": 206.94,
            "eps_avg_yearly": 5.91,
            "eps_latest_yearly": 5.64,
            "eps_growth_yearly": 48.39
        }
    },
    "months": {
        "2001-06": {
            "month": "2001-06",
            "price": "27.79",
            "revenue": 1313259
        },
        "2001-07": {
            "month": "2001-07",
            "price": "18.66",
            "revenue": 1415290
        },
        "2001-08": {
            "month": "2001-08",
            "price": "13.54",
            "revenue": 1223932
        },
        "2001-09": {
            "month": "2001-09",
            "price": "8.77",
            "revenue": 922394
        },
        "2001-10": {
            "month": "2001-10",
            "price": "7.23",
            "revenue": 971384
        },
        "2001-11": {
            "month": "2001-11",
            "price": "8.83",
            "revenue": 981411
        },
        "2001-12": {
            "month": "2001-12",
            "price": "10.44",
            "revenue": 1024159
        },
        "2002-01": {
            "month": "2002-01",
            "price": "11.51",
            "revenue": 907378
        },
        "2002-02": {
            "month": "2002-02",
            "price": "10.96",
            "revenue": 801327
        },
        "2002-03": {
            "month": "2002-03",
            "price": "12.74",
            "revenue": 861387
        },
        "2002-04": {
            "month": "2002-04",
            "price": "14.41",
            "revenue": 765403
        },
        "2002-05": {
            "month": "2002-05",
            "price": "12.65",
            "revenue": 739436
        },
        "2002-06": {
            "month": "2002-06",
            "price": "9.72",
            "revenue": 711868
        },
        "2002-07": {
            "month": "2002-07",
            "price": "8.62",
            "revenue": 643592
        },
        "2002-08": {
            "month": "2002-08",
            "price": "8.61",
            "revenue": 639853
        },
        "2002-09": {
            "month": "2002-09",
            "price": "9.32",
            "revenue": 606524
        },
        "2002-10": {
            "month": "2002-10",
            "price": "8.30",
            "revenue": 642293
        },
        "2002-11": {
            "month": "2002-11",
            "price": "9.20",
            "revenue": 645890
        },
        "2002-12": {
            "month": "2002-12",
            "price": "8.30",
            "revenue": 721555
        },
        "2003-01": {
            "month": "2003-01",
            "price": "16.29",
            "revenue": 769065
        },
        "2003-02": {
            "month": "2003-02",
            "price": "14.71",
            "revenue": 700375
        },
        "2003-03": {
            "month": "2003-03",
            "price": "13.53",
            "revenue": 748195
        },
        "2003-04": {
            "month": "2003-04",
            "price": "13.26",
            "revenue": 655606
        },
        "2003-05": {
            "month": "2003-05",
            "price": "13.06",
            "revenue": 677602
        },
        "2003-06": {
            "month": "2003-06",
            "price": "16.59",
            "revenue": 687909
        },
        "2003-07": {
            "month": "2003-07",
            "price": "21.32",
            "revenue": 792973
        },
        "2003-08": {
            "month": "2003-08",
            "price": "23.15",
            "revenue": 759050
        },
        "2003-09": {
            "month": "2003-09",
            "price": "20.32",
            "revenue": 708747
        },
        "2003-10": {
            "month": "2003-10",
            "price": "19.90",
            "revenue": 764744
        },
        "2003-11": {
            "month": "2003-11",
            "price": "21.74",
            "revenue": 780017
        },
        "2003-12": {
            "month": "2003-12",
            "price": "21.59",
            "revenue": 771315
        },
        "2004-01": {
            "month": "2004-01",
            "price": "21.50",
            "revenue": 822911
        },
        "2004-02": {
            "month": "2004-02",
            "price": "22.66",
            "revenue": 764948
        },
        "2004-03": {
            "month": "2004-03",
            "price": "21.83",
            "revenue": 729799
        },
        "2004-04": {
            "month": "2004-04",
            "price": "20.90",
            "revenue": 729674
        },
        "2004-05": {
            "month": "2004-05",
            "price": "19.69",
            "revenue": 778796
        },
        "2004-06": {
            "month": "2004-06",
            "price": "18.25",
            "revenue": 785651
        },
        "2004-07": {
            "month": "2004-07",
            "price": "17.55",
            "revenue": 802911
        },
        "2004-08": {
            "month": "2004-08",
            "price": "18.58",
            "revenue": 732409
        },
        "2004-09": {
            "month": "2004-09",
            "price": "19.80",
            "revenue": 757858
        },
        "2004-10": {
            "month": "2004-10",
            "price": "18.66",
            "revenue": 766426
        },
        "2004-11": {
            "month": "2004-11",
            "price": "17.83",
            "revenue": 777644
        },
        "2004-12": {
            "month": "2004-12",
            "price": "18.44",
            "revenue": 793003
        },
        "2005-01": {
            "month": "2005-01",
            "price": "17.81",
            "revenue": 755941
        },
        "2005-02": {
            "month": "2005-02",
            "price": "17.42",
            "revenue": 769331
        },
        "2005-03": {
            "month": "2005-03",
            "price": "17.58",
            "revenue": 741971
        },
        "2005-04": {
            "month": "2005-04",
            "price": "17.04",
            "revenue": 650991
        },
        "2005-05": {
            "month": "2005-05",
            "price": "18.51",
            "revenue": 688395
        },
        "2005-06": {
            "month": "2005-06",
            "price": "19.23",
            "revenue": 643144
        },
        "2005-07": {
            "month": "2005-07",
            "price": "18.12",
            "revenue": 637480
        },
        "2005-08": {
            "month": "2005-08",
            "price": "16.87",
            "revenue": 710009
        },
        "2005-09": {
            "month": "2005-09",
            "price": "17.45",
            "revenue": 635735
        },
        "2005-10": {
            "month": "2005-10",
            "price": "16.94",
            "revenue": 598722
        },
        "2005-11": {
            "month": "2005-11",
            "price": "16.82",
            "revenue": 613452
        },
        "2005-12": {
            "month": "2005-12",
            "price": "18.50",
            "revenue": 670496
        },
        "2006-01": {
            "month": "2006-01",
            "price": "19.71",
            "revenue": 720311
        },
        "2006-02": {
            "month": "2006-02",
            "price": "19.09",
            "revenue": 663825
        },
        "2006-03": {
            "month": "2006-03",
            "price": "18.18",
            "revenue": 640824
        },
        "2006-04": {
            "month": "2006-04",
            "price": "18.60",
            "revenue": 510656
        },
        "2006-05": {
            "month": "2006-05",
            "price": "19.25",
            "revenue": 531878
        },
        "2006-06": {
            "month": "2006-06",
            "price": "18.42",
            "revenue": 831592
        },
        "2006-07": {
            "month": "2006-07",
            "price": "17.09",
            "revenue": 770676
        },
        "2006-08": {
            "month": "2006-08",
            "price": "17.01",
            "revenue": 740596
        },
        "2006-09": {
            "month": "2006-09",
            "price": "16.86",
            "revenue": 786357
        },
        "2006-10": {
            "month": "2006-10",
            "price": "17.82",
            "revenue": 764874
        },
        "2006-11": {
            "month": "2006-11",
            "price": "18.55",
            "revenue": 809063
        },
        "2006-12": {
            "month": "2006-12",
            "price": "18.91",
            "revenue": 839808
        },
        "2007-01": {
            "month": "2007-01",
            "price": "19.75",
            "revenue": 824899
        },
        "2007-02": {
            "month": "2007-02",
            "price": "19.15",
            "revenue": 690356
        },
        "2007-03": {
            "month": "2007-03",
            "price": "18.74",
            "revenue": 858402
        },
        "2007-04": {
            "month": "2007-04",
            "price": "20.00",
            "revenue": 871632
        },
        "2007-05": {
            "month": "2007-05",
            "price": "18.97",
            "revenue": 891265
        },
        "2007-06": {
            "month": "2007-06",
            "price": "19.72",
            "revenue": 851636
        },
        "2007-07": {
            "month": "2007-07",
            "price": "20.99",
            "revenue": 881847
        },
        "2007-08": {
            "month": "2007-08",
            "price": "27.63",
            "revenue": 961609
        },
        "2007-09": {
            "month": "2007-09",
            "price": "31.54",
            "revenue": 985704
        },
        "2007-10": {
            "month": "2007-10",
            "price": "32.71",
            "revenue": 1005399
        },
        "2007-11": {
            "month": "2007-11",
            "price": "30.07",
            "revenue": 1113221
        },
        "2007-12": {
            "month": "2007-12",
            "price": "27.43",
            "revenue": 1112360
        },
        "2008-01": {
            "month": "2008-01",
            "price": "25.90",
            "revenue": 991492
        },
        "2008-02": {
            "month": "2008-02",
            "price": "26.95",
            "revenue": 825818
        },
        "2008-03": {
            "month": "2008-03",
            "price": "29.79",
            "revenue": 953844
        },
        "2008-04": {
            "month": "2008-04",
            "price": "30.16",
            "revenue": 985672
        },
        "2008-05": {
            "month": "2008-05",
            "price": "30.03",
            "revenue": 1033789
        },
        "2008-06": {
            "month": "2008-06",
            "price": "28.49",
            "revenue": 1044553
        },
        "2008-07": {
            "month": "2008-07",
            "price": "26.81",
            "revenue": 1084433
        },
        "2008-08": {
            "month": "2008-08",
            "price": "26.61",
            "revenue": 1001872
        },
        "2008-09": {
            "month": "2008-09",
            "price": "23.75",
            "revenue": 1005371
        },
        "2008-10": {
            "month": "2008-10",
            "price": "23.91",
            "revenue": 981560
        },
        "2008-11": {
            "month": "2008-11",
            "price": "23.50",
            "revenue": 969558
        },
        "2008-12": {
            "month": "2008-12",
            "price": "22.88",
            "revenue": 969912
        },
        "2009-01": {
            "month": "2009-01",
            "price": "22.59",
            "revenue": 840140
        },
        "2009-02": {
            "month": "2009-02",
            "price": "22.72",
            "revenue": 929968
        },
        "2009-03": {
            "month": "2009-03",
            "price": "25.06",
            "revenue": 1068662
        },
        "2009-04": {
            "month": "2009-04",
            "price": "29.30",
            "revenue": 985030
        },
        "2009-05": {
            "month": "2009-05",
            "price": "30.56",
            "revenue": 864092
        },
        "2009-06": {
            "month": "2009-06",
            "price": "29.57",
            "revenue": 941423
        },
        "2009-07": {
            "month": "2009-07",
            "price": "31.10",
            "revenue": 949043
        },
        "2009-08": {
            "month": "2009-08",
            "price": "31.24",
            "revenue": 914670
        },
        "2009-09": {
            "month": "2009-09",
            "price": "33.74",
            "revenue": 1002655
        },
        "2009-10": {
            "month": "2009-10",
            "price": "34.72",
            "revenue": 957977
        },
        "2009-11": {
            "month": "2009-11",
            "price": "35.92",
            "revenue": 917251
        },
        "2009-12": {
            "month": "2009-12",
            "price": "35.48",
            "revenue": 976675
        },
        "2010-01": {
            "month": "2010-01",
            "price": "36.99",
            "revenue": 934318
        },
        "2010-02": {
            "month": "2010-02",
            "price": "36.05",
            "revenue": 844624
        },
        "2010-03": {
            "month": "2010-03",
            "price": "37.30",
            "revenue": 994477
        },
        "2010-04": {
            "month": "2010-04",
            "price": "44.36",
            "revenue": 1001622
        },
        "2010-05": {
            "month": "2010-05",
            "price": "43.18",
            "revenue": 1036730
        },
        "2010-06": {
            "month": "2010-06",
            "price": "42.15",
            "revenue": 1031411
        },
        "2010-07": {
            "month": "2010-07",
            "price": "49.35",
            "revenue": 1074244
        },
        "2010-08": {
            "month": "2010-08",
            "price": "62.59",
            "revenue": 1070360
        },
        "2010-09": {
            "month": "2010-09",
            "price": "57.50",
            "revenue": 1121716
        },
        "2010-10": {
            "month": "2010-10",
            "price": "53.95",
            "revenue": 1130924
        },
        "2010-11": {
            "month": "2010-11",
            "price": "51.74",
            "revenue": 1155132
        },
        "2010-12": {
            "month": "2010-12",
            "price": "54.72",
            "revenue": 1264866
        },
        "2011-01": {
            "month": "2011-01",
            "price": "52.29",
            "revenue": 1080507
        },
        "2011-02": {
            "month": "2011-02",
            "price": "50.23",
            "revenue": 955857
        },
        "2011-03": {
            "month": "2011-03",
            "price": "49.53",
            "revenue": 1061331
        },
        "2011-04": {
            "month": "2011-04",
            "price": "53.42",
            "revenue": 1012425
        },
        "2011-05": {
            "month": "2011-05",
            "price": "55.77",
            "revenue": 1047453
        },
        "2011-06": {
            "month": "2011-06",
            "price": "53.33",
            "revenue": 1081169
        },
        "2011-07": {
            "month": "2011-07",
            "price": "55.90",
            "revenue": 1050596
        },
        "2011-08": {
            "month": "2011-08",
            "price": "53.53",
            "revenue": 1088372
        },
        "2011-09": {
            "month": "2011-09",
            "price": "48.22",
            "revenue": 1117654
        },
        "2011-10": {
            "month": "2011-10",
            "price": "46.46",
            "revenue": 1065259
        },
        "2011-11": {
            "month": "2011-11",
            "price": "46.93",
            "revenue": 1189569
        },
        "2011-12": {
            "month": "2011-12",
            "price": "46.37",
            "revenue": 1262017
        },
        "2012-01": {
            "month": "2012-01",
            "price": "43.88",
            "revenue": 1014469
        },
        "2012-02": {
            "month": "2012-02",
            "price": "49.11",
            "revenue": 1098175
        },
        "2012-03": {
            "month": "2012-03",
            "price": "53.14",
            "revenue": 1208790
        },
        "2012-04": {
            "month": "2012-04",
            "price": "49.59",
            "revenue": 1165058
        },
        "2012-05": {
            "month": "2012-05",
            "price": "49.10",
            "revenue": 1070917
        },
        "2012-06": {
            "month": "2012-06",
            "price": "46.55",
            "revenue": 1085541
        },
        "2012-07": {
            "month": "2012-07",
            "price": "42.95",
            "revenue": 978907
        },
        "2012-08": {
            "month": "2012-08",
            "price": "44.77",
            "revenue": 1008937
        },
        "2012-09": {
            "month": "2012-09",
            "price": "45.33",
            "revenue": 1071324
        },
        "2012-10": {
            "month": "2012-10",
            "price": "43.72",
            "revenue": 1051525
        },
        "2012-11": {
            "month": "2012-11",
            "price": "43.10",
            "revenue": 881045
        },
        "2012-12": {
            "month": "2012-12",
            "price": "43.90",
            "revenue": 922157
        },
        "2013-01": {
            "month": "2013-01",
            "price": "43.30",
            "revenue": 863667
        },
        "2013-02": {
            "month": "2013-02",
            "price": "45.97",
            "revenue": 716552
        },
        "2013-03": {
            "month": "2013-03",
            "price": "49.95",
            "revenue": 887647
        },
        "2013-04": {
            "month": "2013-04",
            "price": "53.48",
            "revenue": 860472
        },
        "2013-05": {
            "month": "2013-05",
            "price": "53.73",
            "revenue": 899044
        },
        "2013-06": {
            "month": "2013-06",
            "price": "55.02",
            "revenue": 916553
        },
        "2013-07": {
            "month": "2013-07",
            "price": "58.15",
            "revenue": 865039
        },
        "2013-08": {
            "month": "2013-08",
            "price": "57.43",
            "revenue": 880273
        },
        "2013-09": {
            "month": "2013-09",
            "price": "57.71",
            "revenue": 939202
        },
        "2013-10": {
            "month": "2013-10",
            "price": "62.44",
            "revenue": 916486
        },
        "2013-11": {
            "month": "2013-11",
            "price": "59.16",
            "revenue": 970606
        },
        "2013-12": {
            "month": "2013-12",
            "price": "63.45",
            "revenue": 1005580
        },
        "2014-01": {
            "month": "2014-01",
            "price": "62.63",
            "revenue": 916237
        },
        "2014-02": {
            "month": "2014-02",
            "price": "59.71",
            "revenue": 743749
        },
        "2014-03": {
            "month": "2014-03",
            "price": "57.09",
            "revenue": 906400
        },
        "2014-04": {
            "month": "2014-04",
            "price": "56.51",
            "revenue": 933612
        },
        "2014-05": {
            "month": "2014-05",
            "price": "55.70",
            "revenue": 916462
        },
        "2014-06": {
            "month": "2014-06",
            "price": "56.52",
            "revenue": 925816
        },
        "2014-07": {
            "month": "2014-07",
            "price": "53.28",
            "revenue": 878996
        },
        "2014-08": {
            "month": "2014-08",
            "price": "52.36",
            "revenue": 907159
        },
        "2014-09": {
            "month": "2014-09",
            "price": "50.98",
            "revenue": 975297
        },
        "2014-10": {
            "month": "2014-10",
            "price": "50.95",
            "revenue": 917620
        },
        "2014-11": {
            "month": "2014-11",
            "price": "50.46",
            "revenue": 980906
        },
        "2014-12": {
            "month": "2014-12",
            "price": "53.44",
            "revenue": 1053216
        },
        "2015-01": {
            "month": "2015-01",
            "price": "53.98",
            "revenue": 985388
        },
        "2015-02": {
            "month": "2015-02",
            "price": "53.68",
            "revenue": 779186
        },
        "2015-03": {
            "month": "2015-03",
            "price": "53.60",
            "revenue": 1165479
        },
        "2015-04": {
            "month": "2015-04",
            "price": "53.38",
            "revenue": 1168093
        },
        "2015-05": {
            "month": "2015-05",
            "price": "53.76",
            "revenue": 1131298
        },
        "2015-06": {
            "month": "2015-06",
            "price": "53.38",
            "revenue": 1152768
        },
        "2015-07": {
            "month": "2015-07",
            "price": "50.82",
            "revenue": 1098985
        },
        "2015-08": {
            "month": "2015-08",
            "price": "51.05",
            "revenue": 1103212
        },
        "2015-09": {
            "month": "2015-09",
            "price": "51.18",
            "revenue": 1181403
        },
        "2015-10": {
            "month": "2015-10",
            "price": "51.51",
            "revenue": 1211540
        },
        "2015-11": {
            "month": "2015-11",
            "price": "51.35",
            "revenue": 1206856
        },
        "2015-12": {
            "month": "2015-12",
            "price": "51.13",
            "revenue": 1253549
        },
        "2016-01": {
            "month": "2016-01",
            "price": "51.13",
            "revenue": 1174713
        },
        "2016-02": {
            "month": "2016-02",
            "price": "53.44",
            "revenue": 963938
        },
        "2016-03": {
            "month": "2016-03",
            "price": "56.00",
            "revenue": 1221893
        },
        "2016-04": {
            "month": "2016-04",
            "price": "56.54",
            "revenue": 1142069
        },
        "2016-05": {
            "month": "2016-05",
            "price": "55.90",
            "revenue": 1211154
        },
        "2016-06": {
            "month": "2016-06",
            "price": "54.95",
            "revenue": 1252908
        },
        "2016-07": {
            "month": "2016-07",
            "price": "51.58",
            "revenue": 1227324
        },
        "2016-08": {
            "month": "2016-08",
            "price": "50.79",
            "revenue": 1177173
        },
        "2016-09": {
            "month": "2016-09",
            "price": "51.16",
            "revenue": 1269786
        },
        "2016-10": {
            "month": "2016-10",
            "price": "51.13",
            "revenue": 1254708
        },
        "2016-11": {
            "month": "2016-11",
            "price": "51.43",
            "revenue": 1248597
        },
        "2016-12": {
            "month": "2016-12",
            "price": "51.90",
            "revenue": 1322455
        },
        "2017-01": {
            "month": "2017-01",
            "price": "54.08",
            "revenue": 1190083
        },
        "2017-02": {
            "month": "2017-02",
            "price": "55.03",
            "revenue": 1071427
        },
        "2017-03": {
            "month": "2017-03",
            "price": "59.68",
            "revenue": 1245941
        },
        "2017-04": {
            "month": "2017-04",
            "price": "58.40",
            "revenue": 1129708
        },
        "2017-05": {
            "month": "2017-05",
            "price": "56.87",
            "revenue": 1145946
        },
        "2017-06": {
            "month": "2017-06",
            "price": "60.80",
            "revenue": 1285329
        },
        "2017-07": {
            "month": "2017-07",
            "price": "57.88",
            "revenue": 1199543
        },
        "2017-08": {
            "month": "2017-08",
            "price": "59.26",
            "revenue": 1211922
        },
        "2017-09": {
            "month": "2017-09",
            "price": "83.79",
            "revenue": 1342662
        },
        "2017-10": {
            "month": "2017-10",
            "price": "89.54",
            "revenue": 1185258
        },
        "2017-11": {
            "month": "2017-11",
            "price": "88.99",
            "revenue": 1134712
        },
        "2017-12": {
            "month": "2017-12",
            "price": "87.71",
            "revenue": 1166002
        },
        "2018-01": {
            "month": "2018-01",
            "price": "87.84",
            "revenue": 1108086
        },
        "2018-02": {
            "month": "2018-02",
            "price": "90.82",
            "revenue": 969297
        },
        "2018-03": {
            "month": "2018-03",
            "price": "90.57",
            "revenue": 1208951
        },
        "2018-04": {
            "month": "2018-04",
            "price": "88.91",
            "revenue": 1215293
        },
        "2018-05": {
            "month": "2018-05",
            "price": "89.98",
            "revenue": 1179875
        },
        "2018-06": {
            "month": "2018-06",
            "price": "90.88",
            "revenue": 1279129
        },
        "2018-07": {
            "month": "2018-07",
            "price": "87.55",
            "revenue": 1213837
        },
        "2018-08": {
            "month": "2018-08",
            "price": "94.31",
            "revenue": 1180658
        },
        "2018-09": {
            "month": "2018-09",
            "price": "98.04",
            "revenue": 1214269
        },
        "2018-10": {
            "month": "2018-10",
            "price": "92.86",
            "revenue": 1250857
        },
        "2018-11": {
            "month": "2018-11",
            "price": "95.08",
            "revenue": 1187562
        },
        "2018-12": {
            "month": "2018-12",
            "price": "94.68",
            "revenue": 1337351
        },
        "2019-01": {
            "month": "2019-01",
            "price": "91.80",
            "revenue": 1197291
        },
        "2019-02": {
            "month": "2019-02",
            "price": "91.37",
            "revenue": 959857
        },
        "2019-03": {
            "month": "2019-03",
            "price": "92.40",
            "revenue": 1105627
        },
        "2019-04": {
            "month": "2019-04",
            "price": "94.08",
            "revenue": 1159112
        },
        "2019-05": {
            "month": "2019-05",
            "price": "95.87",
            "revenue": 1155444
        },
        "2019-06": {
            "month": "2019-06",
            "price": "97.41",
            "revenue": 1210002
        },
        "2019-07": {
            "month": "2019-07",
            "price": "96.33",
            "revenue": 1203467
        },
        "2019-08": {
            "month": "2019-08",
            "price": "95.00",
            "revenue": 1108753
        },
        "2019-09": {
            "month": "2019-09",
            "price": "96.01",
            "revenue": 1143518
        },
        "2019-10": {
            "month": "2019-10",
            "price": "93.94",
            "revenue": 1083951
        },
        "2019-11": {
            "month": "2019-11",
            "price": "93.86",
            "revenue": 1057297
        },
        "2019-12": {
            "month": "2019-12",
            "price": "90.58",
            "revenue": 1220789
        },
        "2020-01": {
            "month": "2020-01",
            "price": "90.05",
            "revenue": 1029429
        },
        "2020-02": {
            "month": "2020-02",
            "price": "89.03",
            "revenue": 459712
        },
        "2020-03": {
            "month": "2020-03",
            "price": "85.16",
            "revenue": 925301
        },
        "2020-04": {
            "month": "2020-04",
            "price": "87.47",
            "revenue": 1102307
        },
        "2020-05": {
            "month": "2020-05",
            "price": "89.08",
            "revenue": 1077884
        },
        "2020-06": {
            "month": "2020-06",
            "price": "90.62",
            "revenue": 1192900
        },
        "2020-07": {
            "month": "2020-07",
            "price": "88.21",
            "revenue": 1174130
        },
        "2020-08": {
            "month": "2020-08",
            "price": "83.90",
            "revenue": 1190244
        },
        "2020-09": {
            "month": "2020-09",
            "price": "85.18",
            "revenue": 1231402
        },
        "2020-10": {
            "month": "2020-10",
            "price": "85.63",
            "revenue": 1104864
        },
        "2020-11": {
            "month": "2020-11",
            "price": "86.25",
            "revenue": 1129401
        },
        "2020-12": {
            "month": "2020-12",
            "price": "87.52",
            "revenue": 1333402
        },
        "2021-01": {
            "month": "2021-01",
            "price": "87.50",
            "revenue": 1210548
        },
        "2021-02": {
            "month": "2021-02",
            "price": "87.08",
            "revenue": 860210
        },
        "2021-03": {
            "month": "2021-03",
            "price": "91.21",
            "revenue": 1152001
        },
        "2021-04": {
            "month": "2021-04",
            "price": "92.79",
            "revenue": 1204461
        },
        "2021-05": {
            "month": "2021-05",
            "price": "90.96",
            "revenue": 1054769
        },
        "2021-06": {
            "month": "2021-06",
            "price": "92.06",
            "revenue": 1135872
        },
        "2021-07": {
            "month": "2021-07",
            "price": "92.97",
            "revenue": 1167614
        },
        "2021-08": {
            "month": "2021-08",
            "price": "88.93",
            "revenue": 1078680
        },
        "2021-09": {
            "month": "2021-09",
            "price": "88.38",
            "revenue": 1129244
        },
        "2021-10": {
            "month": "2021-10",
            "price": "88.61",
            "revenue": 1065224
        },
        "2021-11": {
            "month": "2021-11",
            "price": "89.28",
            "revenue": 1221278
        },
        "2021-12": {
            "month": "2021-12",
            "price": "89.90",
            "revenue": 1297358
        },
        "2022-01": {
            "month": "2022-01",
            "price": "89.75",
            "revenue": 1122022
        },
        "2022-02": {
            "month": "2022-02",
            "price": "89.83",
            "revenue": 892663
        },
        "2022-03": {
            "month": "2022-03",
            "price": "90.31",
            "revenue": 998580
        },
        "2022-04": {
            "month": "2022-04",
            "price": "90.74",
            "revenue": 589105
        },
        "2022-05": {
            "month": "2022-05",
            "price": "88.31",
            "revenue": 771805
        },
        "2022-06": {
            "month": "2022-06",
            "price": "87.97",
            "revenue": 1379215
        },
        "2022-07": {
            "month": "2022-07",
            "price": "85.10",
            "revenue": 1253904
        },
        "2022-08": {
            "month": "2022-08",
            "price": "84.37",
            "revenue": 1173846
        },
        "2022-09": {
            "month": "2022-09",
            "price": "82.41",
            "revenue": 1198728
        },
        "2022-10": {
            "month": "2022-10",
            "price": "79.70",
            "revenue": 1088191
        },
        "2022-11": {
            "month": "2022-11",
            "price": "78.22",
            "revenue": 1080780
        },
        "2022-12": {
            "month": "2022-12",
            "price": "78.04",
            "revenue": 1027490
        },
        "2023-01": {
            "month": "2023-01",
            "price": "77.69",
            "revenue": 947954
        },
        "2023-02": {
            "month": "2023-02",
            "price": "79.48",
            "revenue": 994967
        },
        "2023-03": {
            "month": "2023-03",
            "price": "79.64",
            "revenue": 1072393
        },
        "2023-04": {
            "month": "2023-04",
            "price": "79.90",
            "revenue": 1043383
        },
        "2023-05": {
            "month": "2023-05",
            "price": "80.19",
            "revenue": 921777
        },
        "2023-06": {
            "month": "2023-06",
            "price": "80.50",
            "revenue": 933840
        },
        "2023-07": {
            "month": "2023-07",
            "price": "77.00",
            "revenue": 975320
        },
        "2023-08": {
            "month": "2023-08",
            "price": "75.75",
            "revenue": 900915
        },
        "2023-09": {
            "month": "2023-09",
            "price": "75.74",
            "revenue": 926600
        },
        "2023-10": {
            "month": "2023-10",
            "price": "74.70",
            "revenue": 951405
        },
        "2023-11": {
            "month": "2023-11",
            "price": "74.41",
            "revenue": 921799
        },
        "2023-12": {
            "month": "2023-12",
            "price": "75.52",
            "revenue": 946681
        }
    }
}
