{
    "summary": {
        "stock_name": "佳能",
        "stock_id": "2374",
        "category": "光電",
        "main_business": "數位電子照相機、光學產品",
        "website_url": "http://www.abilitycorp.com.tw",
        "ceo": "章孝祺",
        "pe_ratio": 55,
        "report_year_from": 2001,
        "report_year_to": 2023,
        "age": 22,
        "eps_negative_percentage": 17,
        "eps_growth_avg": {
            "last_all": -8.09,
            "last_2y": -80.17,
            "last_4y": -90.08,
            "last_8y": -35.63,
            "last_12y": -30.49,
            "last_16y": -13.33,
            "last_20y": -8.09,
            "at_2006_last_3y": 31,
            "at_2007_last_3y": 31,
            "at_2008_last_3y": 41.11,
            "at_2009_last_3y": 29.56,
            "at_2010_last_3y": 29.69,
            "at_2011_last_3y": -8.92,
            "at_2012_last_3y": 6.52,
            "at_2013_last_3y": -22.78,
            "at_2014_last_3y": -41.72,
            "at_2015_last_3y": -3.11,
            "at_2016_last_3y": -13.3,
            "at_2017_last_3y": -8.4,
            "at_2018_last_3y": -16.04,
            "at_2019_last_3y": -54.71,
            "at_2020_last_3y": -71.9,
            "at_2021_last_3y": -100,
            "at_2022_last_3y": -80.17,
            "at_2023_last_3y": -80.17,
            "at_2006_last_all": 9.36,
            "at_2007_last_all": 24.47,
            "at_2008_last_all": 15.06,
            "at_2009_last_all": 19.9,
            "at_2010_last_all": 18.4,
            "at_2011_last_all": 11.11,
            "at_2012_last_all": 11.96,
            "at_2013_last_all": 5.68,
            "at_2014_last_all": -0.1,
            "at_2015_last_all": 7.05,
            "at_2016_last_all": 5.22,
            "at_2017_last_all": 2.16,
            "at_2018_last_all": -3.85,
            "at_2019_last_all": -3.85,
            "at_2020_last_all": -3.85,
            "at_2021_last_all": -3.85,
            "at_2022_last_all": -8.09,
            "at_2023_last_all": -8.09
        },
        "latest_eps": 0.41,
        "latest_price": 22.6,
        "latest_roe": 1.82,
        "latest_gross_margin": 23.86,
        "latest_equity": 6468277,
        "latest_revenue": 1099486,
        "latest_gross_profit": 262282,
        "latest_net_income": 50009,
        "latest_debt_ratio": 26.23,
        "latest_current_ratio": 206.91,
        "latest_account_receivable_turnover_ratio": 1.61,
        "latest_inventory_turnover_ratio": 1.02,
        "latest_reinvestment_rate": -506.26,
        "latest_research_to_sale_ratio": 13.87
    },
    "eps_dividends": {
        "1993": {
            "cash": 0,
            "stock": 1.77,
            "eps": 0
        },
        "1994": {
            "cash": 0,
            "stock": 1.7,
            "eps": 0
        },
        "1995": {
            "cash": 0.6,
            "stock": 1.2,
            "eps": 0
        },
        "1996": {
            "cash": 0.5,
            "stock": 1.5,
            "eps": 0
        },
        "1997": {
            "cash": 0.5,
            "stock": 1,
            "eps": 0
        },
        "1999": {
            "cash": 0.5,
            "stock": 0.5,
            "eps": 0
        },
        "2000": {
            "cash": 0.2,
            "stock": 0.8,
            "eps": 0
        },
        "2001": {
            "cash": 0.5,
            "stock": 0.6,
            "eps": 1.8
        },
        "2002": {
            "cash": 0.6,
            "stock": 0.6,
            "eps": 0.41
        },
        "2003": {
            "cash": 0.9,
            "stock": 0.2,
            "eps": 1.81
        },
        "2004": {
            "cash": 1.04,
            "stock": 0.31,
            "eps": 0.33
        },
        "2005": {
            "cash": 0,
            "stock": 0.6,
            "eps": 2.42
        },
        "2006": {
            "cash": 1.51,
            "stock": 0.3,
            "eps": 2.56
        },
        "2007": {
            "cash": 1.76,
            "stock": 0.39,
            "eps": 5.61
        },
        "2008": {
            "cash": 3.28,
            "stock": 0.51,
            "eps": 3.29
        },
        "2009": {
            "cash": 1.5,
            "stock": 0.3,
            "eps": 5.06
        },
        "2010": {
            "cash": 3.6,
            "stock": 0,
            "eps": 5.38
        },
        "2011": {
            "cash": 4.8,
            "stock": 0,
            "eps": 2.45
        },
        "2012": {
            "cash": 0,
            "stock": 0,
            "eps": 2.95
        },
        "2013": {
            "cash": 2.2,
            "stock": 0,
            "eps": 1.08
        },
        "2014": {
            "cash": 2.2,
            "stock": 0,
            "eps": 0.33
        },
        "2015": {
            "cash": 0,
            "stock": 0,
            "eps": 1.72
        },
        "2016": {
            "cash": 1.5,
            "stock": 0,
            "eps": 1.37
        },
        "2017": {
            "cash": 0.9,
            "stock": 0,
            "eps": 0.77
        },
        "2018": {
            "cash": 0.8,
            "stock": 0,
            "eps": -1.64
        },
        "2019": {
            "cash": 0.5,
            "stock": 0,
            "eps": -1.41
        },
        "2020": {
            "cash": 0.3,
            "stock": 0,
            "eps": -1.64
        },
        "2021": {
            "cash": 0.5,
            "stock": 0,
            "eps": 2.42
        },
        "2022": {
            "cash": 1,
            "stock": 0,
            "eps": 0.48
        },
        "2023": {
            "cash": 0.45,
            "stock": 0,
            "eps": -0.02
        }
    },
    "dividends": {
        "1993-05-08": {
            "cash": 0,
            "stock": 1.77
        },
        "1994-05-09": {
            "cash": 0,
            "stock": 1.7
        },
        "1995-05-23": {
            "cash": 0.6,
            "stock": 1.2
        },
        "1996-05-06": {
            "cash": 0.5,
            "stock": 1.5
        },
        "1997-05-08": {
            "cash": 0.5,
            "stock": 1
        },
        "1999-05-24": {
            "cash": 0.5,
            "stock": 0.5
        },
        "2000-05-15": {
            "cash": 0.2,
            "stock": 0.8
        },
        "2001-05-31": {
            "cash": 0.5,
            "stock": 0.6
        },
        "2002-05-27": {
            "cash": 0.6,
            "stock": 0.6
        },
        "2003-03-21": {
            "cash": 0.9,
            "stock": 0.2
        },
        "2004-04-21": {
            "cash": 1.04,
            "stock": 0.31
        },
        "2005-04-22": {
            "cash": 0,
            "stock": 0.6
        },
        "2006-04-28": {
            "cash": 1.51,
            "stock": 0.3
        },
        "2007-04-20": {
            "cash": 1.76,
            "stock": 0.39
        },
        "2008-03-21": {
            "cash": 3.28,
            "stock": 0.51
        },
        "2009-04-28": {
            "cash": 1.5,
            "stock": 0.3
        },
        "2010-04-27": {
            "cash": 3.6,
            "stock": 0
        },
        "2011-01-01": {
            "cash": 1.8,
            "stock": 0
        },
        "2011-04-18": {
            "cash": 3,
            "stock": 0
        },
        "2013-04-23": {
            "cash": 2.2,
            "stock": 0
        },
        "2014-09-18": {
            "cash": 2.2,
            "stock": 0
        },
        "2016-10-21": {
            "cash": 1.5,
            "stock": 0
        },
        "2017-09-20": {
            "cash": 0.9,
            "stock": 0
        },
        "2018-09-14": {
            "cash": 0.8,
            "stock": 0
        },
        "2019-09-17": {
            "cash": 0.5,
            "stock": 0
        },
        "2020-08-21": {
            "cash": 0.3,
            "stock": 0
        },
        "2021-10-06": {
            "cash": 0.5,
            "stock": 0
        },
        "2022-08-15": {
            "cash": 1,
            "stock": 0
        },
        "2023-08-15": {
            "cash": 0.45,
            "stock": 0
        }
    },
    "prices": {
        "200101": "14.19",
        "200102": "18.63",
        "200103": "25.81",
        "200104": "27.57",
        "200105": "26.19",
        "200106": "23.22",
        "200107": "22.14",
        "200108": "22.00",
        "200109": "20.26",
        "200110": "18.09",
        "200111": "19.03",
        "200112": "23.58",
        "200201": "30.31",
        "200202": "31.32",
        "200203": "38.54",
        "200204": "35.20",
        "200205": "28.79",
        "200206": "30.02",
        "200207": "26.34",
        "200208": "27.30",
        "200209": "27.01",
        "200210": "26.36",
        "200211": "25.90",
        "200212": "27.79",
        "200301": "31.05",
        "200302": "29.54",
        "200303": "25.52",
        "200304": "26.85",
        "200305": "28.33",
        "200306": "31.63",
        "200307": "35.23",
        "200308": "35.52",
        "200309": "35.49",
        "200310": "33.22",
        "200311": "30.98",
        "200312": "31.19",
        "200401": "32.65",
        "200402": "32.20",
        "200403": "30.72",
        "200404": "31.19",
        "200405": "27.66",
        "200406": "24.64",
        "200407": "20.53",
        "200408": "18.62",
        "200409": "18.62",
        "200410": "17.74",
        "200411": "16.78",
        "200412": "16.36",
        "200501": "15.69",
        "200502": "16.15",
        "200503": "16.37",
        "200504": "15.30",
        "200505": "14.41",
        "200506": "17.07",
        "200507": "19.92",
        "200508": "18.89",
        "200509": "22.95",
        "200510": "26.11",
        "200511": "25.56",
        "200512": "30.10",
        "200601": "32.90",
        "200602": "32.81",
        "200603": "30.48",
        "200604": "32.03",
        "200605": "28.59",
        "200606": "23.28",
        "200607": "21.90",
        "200608": "20.97",
        "200609": "21.17",
        "200610": "22.57",
        "200611": "23.64",
        "200612": "24.13",
        "200701": "25.64",
        "200702": "26.74",
        "200703": "34.23",
        "200704": "39.04",
        "200705": "43.02",
        "200706": "54.32",
        "200707": "58.70",
        "200708": "58.10",
        "200709": "65.52",
        "200710": "67.12",
        "200711": "56.92",
        "200712": "52.62",
        "200801": "48.05",
        "200802": "43.49",
        "200803": "42.50",
        "200804": "43.81",
        "200805": "43.81",
        "200806": "37.85",
        "200807": "32.47",
        "200808": "35.52",
        "200809": "27.19",
        "200810": "23.89",
        "200811": "21.47",
        "200812": "20.23",
        "200901": "21.72",
        "200902": "22.84",
        "200903": "26.18",
        "200904": "30.12",
        "200905": "35.79",
        "200906": "37.30",
        "200907": "48.08",
        "200908": "56.75",
        "200909": "61.40",
        "200910": "61.31",
        "200911": "60.81",
        "200912": "60.00",
        "201001": "61.54",
        "201002": "53.46",
        "201003": "52.98",
        "201004": "53.48",
        "201005": "50.84",
        "201006": "48.54",
        "201007": "51.30",
        "201008": "50.62",
        "201009": "51.44",
        "201010": "51.09",
        "201011": "49.42",
        "201012": "51.07",
        "201101": "50.03",
        "201102": "46.78",
        "201103": "44.47",
        "201104": "44.08",
        "201105": "37.73",
        "201106": "38.51",
        "201107": "38.77",
        "201108": "34.51",
        "201109": "28.56",
        "201110": "26.93",
        "201111": "26.92",
        "201112": "26.26",
        "201201": "26.48",
        "201202": "30.10",
        "201203": "30.24",
        "201204": "27.35",
        "201205": "28.08",
        "201206": "26.78",
        "201207": "27.56",
        "201208": "28.27",
        "201209": "27.96",
        "201210": "26.13",
        "201211": "26.67",
        "201212": "27.51",
        "201301": "27.71",
        "201302": "27.92",
        "201303": "27.38",
        "201304": "26.72",
        "201305": "26.55",
        "201306": "26.30",
        "201307": "26.39",
        "201308": "22.82",
        "201309": "22.24",
        "201310": "22.06",
        "201311": "20.34",
        "201312": "19.16",
        "201401": "19.28",
        "201402": "18.99",
        "201403": "19.42",
        "201404": "19.52",
        "201405": "20.95",
        "201406": "21.56",
        "201407": "22.32",
        "201408": "20.87",
        "201409": "18.53",
        "201410": "15.78",
        "201411": "15.48",
        "201412": "16.65",
        "201501": "17.68",
        "201502": "18.91",
        "201503": "18.16",
        "201504": "17.29",
        "201505": "18.36",
        "201506": "17.06",
        "201507": "15.40",
        "201508": "14.40",
        "201509": "15.60",
        "201510": "17.24",
        "201511": "22.02",
        "201512": "23.70",
        "201601": "20.06",
        "201602": "20.59",
        "201603": "20.56",
        "201604": "19.15",
        "201605": "16.64",
        "201606": "16.22",
        "201607": "17.15",
        "201608": "17.51",
        "201609": "17.62",
        "201610": "15.88",
        "201611": "15.35",
        "201612": "16.51",
        "201701": "16.70",
        "201702": "17.81",
        "201703": "18.55",
        "201704": "19.71",
        "201705": "19.67",
        "201706": "19.29",
        "201707": "18.82",
        "201708": "20.68",
        "201709": "23.22",
        "201710": "22.02",
        "201711": "20.12",
        "201712": "20.16",
        "201801": "21.20",
        "201802": "20.20",
        "201803": "19.86",
        "201804": "18.27",
        "201805": "16.70",
        "201806": "16.84",
        "201807": "16.15",
        "201808": "15.52",
        "201809": "14.22",
        "201810": "12.66",
        "201811": "12.87",
        "201812": "14.04",
        "201901": "13.98",
        "201902": "14.08",
        "201903": "14.81",
        "201904": "14.96",
        "201905": "14.01",
        "201906": "14.71",
        "201907": "16.54",
        "201908": "16.36",
        "201909": "16.84",
        "201910": "16.91",
        "201911": "16.71",
        "201912": "16.67",
        "202001": "15.80",
        "202002": "14.18",
        "202003": "11.71",
        "202004": "11.32",
        "202005": "11.92",
        "202006": "12.31",
        "202007": "12.85",
        "202008": "12.39",
        "202009": "13.13",
        "202010": "13.29",
        "202011": "13.37",
        "202012": "14.11",
        "202101": "14.60",
        "202102": "14.72",
        "202103": "15.07",
        "202104": "17.57",
        "202105": "15.49",
        "202106": "15.63",
        "202107": "15.92",
        "202108": "15.25",
        "202109": "15.24",
        "202110": "17.26",
        "202111": "20.83",
        "202112": "25.75",
        "202201": "29.49",
        "202202": "28.27",
        "202203": "26.94",
        "202204": "24.54",
        "202205": "23.20",
        "202206": "23.39",
        "202207": "23.63",
        "202208": "24.47",
        "202209": "21.97",
        "202210": "20.30",
        "202211": "21.35",
        "202212": "21.33",
        "202301": "20.47",
        "202302": "20.76",
        "202303": "20.78",
        "202304": "20.41",
        "202305": "20.10",
        "202306": "20.43",
        "202307": "20.11",
        "202308": "21.36",
        "202309": "23.52",
        "202310": "23.62"
    },
    "quarters": {
        "20011": {
            "year_quarter": 20011,
            "year": 2001,
            "quarter": 1,
            "eps": 0.62,
            "eps_growth_year": 29.17,
            "eps_4q": 1.45,
            "eps_4q_growth_year": 104.31,
            "roe": 4.77,
            "roe_4q": 4.77,
            "gross_profit": 134040,
            "gross_margin": 25,
            "gross_margin_4q_avg": 25,
            "net_income": 113831,
            "net_income_4q": null,
            "revenue": 536156,
            "revenue_4q": null,
            "common_shares": 1873368,
            "book_valuer_per_share": 13.01,
            "book_valuer_per_share_4q_avg": 13.01,
            "equity": 2436546,
            "current_ratio": 110,
            "debt_ratio": 36.9,
            "inventory_turnover_ratio": 0.96,
            "account_receivable_turnover_ratio": null,
            "reinvestment_rate": null,
            "research_to_sale_ratio": null,
            "price_fair": 0,
            "eps_avg_yearly": 0,
            "eps_latest_yearly": 0,
            "eps_growth_yearly": 0
        },
        "20012": {
            "year_quarter": 20012,
            "year": 2001,
            "quarter": 2,
            "eps": 0.73,
            "eps_growth_year": 43.14,
            "eps_4q": 1.69,
            "eps_4q_growth_year": 74.47,
            "roe": 5.42,
            "roe_4q": 10.19,
            "gross_profit": 114818,
            "gross_margin": 16.14,
            "gross_margin_4q_avg": 20.57,
            "net_income": 134465,
            "net_income_4q": null,
            "revenue": 711235,
            "revenue_4q": null,
            "common_shares": 1873368,
            "book_valuer_per_share": 13.5,
            "book_valuer_per_share_4q_avg": 13.26,
            "equity": 2528218,
            "current_ratio": 122.6,
            "debt_ratio": 35.71,
            "inventory_turnover_ratio": 1.89,
            "account_receivable_turnover_ratio": null,
            "reinvestment_rate": null,
            "research_to_sale_ratio": null,
            "price_fair": 0,
            "eps_avg_yearly": 0,
            "eps_latest_yearly": 0,
            "eps_growth_yearly": 0
        },
        "20013": {
            "year_quarter": 20013,
            "year": 2001,
            "quarter": 3,
            "eps": 0.22,
            "eps_growth_year": -4.35,
            "eps_4q": 1.58,
            "eps_4q_growth_year": 53.81,
            "roe": 1.71,
            "roe_4q": 11.899999999999999,
            "gross_profit": 108154,
            "gross_margin": 18.61,
            "gross_margin_4q_avg": 19.92,
            "net_income": 43317,
            "net_income_4q": null,
            "revenue": 581311,
            "revenue_4q": null,
            "common_shares": 1985770,
            "book_valuer_per_share": 12.74,
            "book_valuer_per_share_4q_avg": 13.08,
            "equity": 2530735,
            "current_ratio": 117.32,
            "debt_ratio": 36.11,
            "inventory_turnover_ratio": 1.81,
            "account_receivable_turnover_ratio": null,
            "reinvestment_rate": null,
            "research_to_sale_ratio": null,
            "price_fair": 0,
            "eps_avg_yearly": 0,
            "eps_latest_yearly": 0,
            "eps_growth_yearly": 0
        },
        "20014": {
            "year_quarter": 20014,
            "year": 2001,
            "quarter": 4,
            "eps": 0.23,
            "eps_growth_year": 130,
            "eps_4q": 1.72,
            "eps_4q_growth_year": 39.77,
            "roe": 1.7,
            "roe_4q": 13.6,
            "gross_profit": 87333,
            "gross_margin": 15.47,
            "gross_margin_4q_avg": 18.81,
            "net_income": 45006,
            "net_income_4q": null,
            "revenue": 564385,
            "revenue_4q": null,
            "common_shares": 1985770,
            "book_valuer_per_share": 13.25,
            "book_valuer_per_share_4q_avg": 13.13,
            "equity": 2753529,
            "current_ratio": 117.21,
            "debt_ratio": 36.94,
            "inventory_turnover_ratio": 1.94,
            "account_receivable_turnover_ratio": null,
            "reinvestment_rate": null,
            "research_to_sale_ratio": null,
            "price_fair": 0,
            "eps_avg_yearly": 0,
            "eps_latest_yearly": 0,
            "eps_growth_yearly": 0
        },
        "20021": {
            "year_quarter": 20021,
            "year": 2002,
            "quarter": 1,
            "eps": 0.41,
            "eps_growth_year": -33.87,
            "eps_4q": 1.52,
            "eps_4q_growth_year": 5.09,
            "roe": 2.99,
            "roe_4q": 11.82,
            "gross_profit": 98057,
            "gross_margin": 17.32,
            "gross_margin_4q_avg": 16.89,
            "net_income": 82352,
            "net_income_4q": null,
            "revenue": 566180,
            "revenue_4q": null,
            "common_shares": 1985770,
            "book_valuer_per_share": 13.84,
            "book_valuer_per_share_4q_avg": 13.33,
            "equity": 2747745,
            "current_ratio": 131.6,
            "debt_ratio": 30.68,
            "inventory_turnover_ratio": 2.13,
            "account_receivable_turnover_ratio": null,
            "reinvestment_rate": null,
            "research_to_sale_ratio": null,
            "price_fair": 57.4,
            "eps_avg_yearly": 1.64,
            "eps_latest_yearly": 1.64,
            "eps_growth_yearly": 313.04
        },
        "20022": {
            "year_quarter": 20022,
            "year": 2002,
            "quarter": 2,
            "eps": 0.03,
            "eps_growth_year": -95.89,
            "eps_4q": 0.61,
            "eps_4q_growth_year": -63.9,
            "roe": 0.26,
            "roe_4q": 6.66,
            "gross_profit": 129734,
            "gross_margin": 10.65,
            "gross_margin_4q_avg": 15.51,
            "net_income": 8827,
            "net_income_4q": null,
            "revenue": 1217851,
            "revenue_4q": null,
            "common_shares": 2763635,
            "book_valuer_per_share": 14.22,
            "book_valuer_per_share_4q_avg": 13.51,
            "equity": 3930033,
            "current_ratio": 144.22,
            "debt_ratio": 31.34,
            "inventory_turnover_ratio": 4.06,
            "account_receivable_turnover_ratio": null,
            "reinvestment_rate": null,
            "research_to_sale_ratio": null,
            "price_fair": 2.64,
            "eps_avg_yearly": 0.88,
            "eps_latest_yearly": 0.12,
            "eps_growth_yearly": -28.84
        },
        "20023": {
            "year_quarter": 20023,
            "year": 2002,
            "quarter": 3,
            "eps": 0.09,
            "eps_growth_year": -59.09,
            "eps_4q": 0.56,
            "eps_4q_growth_year": -64.54,
            "roe": 0.66,
            "roe_4q": 5.61,
            "gross_profit": 132145,
            "gross_margin": 14.37,
            "gross_margin_4q_avg": 14.45,
            "net_income": 26101,
            "net_income_4q": null,
            "revenue": 919321,
            "revenue_4q": null,
            "common_shares": 2882781,
            "book_valuer_per_share": 13.75,
            "book_valuer_per_share_4q_avg": 13.77,
            "equity": 3963795,
            "current_ratio": 146.43,
            "debt_ratio": 30.39,
            "inventory_turnover_ratio": 2.29,
            "account_receivable_turnover_ratio": null,
            "reinvestment_rate": null,
            "research_to_sale_ratio": null,
            "price_fair": 24.73,
            "eps_avg_yearly": 0.71,
            "eps_latest_yearly": 0.36,
            "eps_growth_yearly": 247.44
        },
        "20024": {
            "year_quarter": 20024,
            "year": 2002,
            "quarter": 4,
            "eps": -0.12,
            "eps_growth_year": -152.17,
            "eps_4q": 0.65,
            "eps_4q_growth_year": -62.37,
            "roe": -0.87,
            "roe_4q": 3.04,
            "gross_profit": 123685,
            "gross_margin": 7.63,
            "gross_margin_4q_avg": 12.49,
            "net_income": -34794,
            "net_income_4q": null,
            "revenue": 1622036,
            "revenue_4q": null,
            "common_shares": 2882781,
            "book_valuer_per_share": 13.59,
            "book_valuer_per_share_4q_avg": 13.85,
            "equity": 4052583,
            "current_ratio": 136.32,
            "debt_ratio": 37.65,
            "inventory_turnover_ratio": 3.47,
            "account_receivable_turnover_ratio": null,
            "reinvestment_rate": 72.6,
            "research_to_sale_ratio": null,
            "price_fair": 24.73,
            "eps_avg_yearly": 0.71,
            "eps_latest_yearly": 0.36,
            "eps_growth_yearly": 247.44
        },
        "20031": {
            "year_quarter": 20031,
            "year": 2003,
            "quarter": 1,
            "eps": 0.65,
            "eps_growth_year": 58.54,
            "eps_4q": 0.65,
            "eps_4q_growth_year": -57.18,
            "roe": 4.64,
            "roe_4q": 4.6899999999999995,
            "gross_profit": 208889,
            "gross_margin": 15.56,
            "gross_margin_4q_avg": 12.05,
            "net_income": 186723,
            "net_income_4q": null,
            "revenue": 1342200,
            "revenue_4q": null,
            "common_shares": 2882781,
            "book_valuer_per_share": 13.83,
            "book_valuer_per_share_4q_avg": 13.85,
            "equity": 3987928,
            "current_ratio": 147.94,
            "debt_ratio": 26.08,
            "inventory_turnover_ratio": 3.12,
            "account_receivable_turnover_ratio": null,
            "reinvestment_rate": 32.11,
            "research_to_sale_ratio": null,
            "price_fair": 24.73,
            "eps_avg_yearly": 0.71,
            "eps_latest_yearly": 0.36,
            "eps_growth_yearly": 247.44
        },
        "20032": {
            "year_quarter": 20032,
            "year": 2003,
            "quarter": 2,
            "eps": 0.33,
            "eps_growth_year": 1000,
            "eps_4q": 0.95,
            "eps_4q_growth_year": 56.38,
            "roe": 2.41,
            "roe_4q": 6.84,
            "gross_profit": 229675,
            "gross_margin": 13.92,
            "gross_margin_4q_avg": 12.87,
            "net_income": 94147,
            "net_income_4q": null,
            "revenue": 1650454,
            "revenue_4q": null,
            "common_shares": 2882781,
            "book_valuer_per_share": 13.3,
            "book_valuer_per_share_4q_avg": 13.62,
            "equity": 3835029,
            "current_ratio": 124.86,
            "debt_ratio": 29.58,
            "inventory_turnover_ratio": 7.02,
            "account_receivable_turnover_ratio": null,
            "reinvestment_rate": 26.94,
            "research_to_sale_ratio": null,
            "price_fair": 30.1,
            "eps_avg_yearly": 0.86,
            "eps_latest_yearly": 1.32,
            "eps_growth_yearly": 136.35
        },
        "20033": {
            "year_quarter": 20033,
            "year": 2003,
            "quarter": 3,
            "eps": 0.56,
            "eps_growth_year": 522.22,
            "eps_4q": 1.39,
            "eps_4q_growth_year": 148.8,
            "roe": 4.22,
            "roe_4q": 10.4,
            "gross_profit": 268628,
            "gross_margin": 8.88,
            "gross_margin_4q_avg": 11.5,
            "net_income": 165578,
            "net_income_4q": null,
            "revenue": 3025348,
            "revenue_4q": null,
            "common_shares": 2954837,
            "book_valuer_per_share": 13.56,
            "book_valuer_per_share_4q_avg": 13.57,
            "equity": 4007697,
            "current_ratio": 146.04,
            "debt_ratio": 41.75,
            "inventory_turnover_ratio": 14.25,
            "account_receivable_turnover_ratio": null,
            "reinvestment_rate": 6.5,
            "research_to_sale_ratio": null,
            "price_fair": 39.76,
            "eps_avg_yearly": 1.14,
            "eps_latest_yearly": 2.24,
            "eps_growth_yearly": 164.84
        },
        "20034": {
            "year_quarter": 20034,
            "year": 2003,
            "quarter": 4,
            "eps": 0.27,
            "eps_growth_year": null,
            "eps_4q": 1.78,
            "eps_4q_growth_year": 175.19,
            "roe": 1.93,
            "roe_4q": 13.2,
            "gross_profit": 251925,
            "gross_margin": 8.47,
            "gross_margin_4q_avg": 11.71,
            "net_income": 79751,
            "net_income_4q": null,
            "revenue": 2973191,
            "revenue_4q": null,
            "common_shares": 2954837,
            "book_valuer_per_share": 13.88,
            "book_valuer_per_share_4q_avg": 13.64,
            "equity": 4250805,
            "current_ratio": 128.15,
            "debt_ratio": 50.37,
            "inventory_turnover_ratio": 3.35,
            "account_receivable_turnover_ratio": null,
            "reinvestment_rate": 33.96,
            "research_to_sale_ratio": null,
            "price_fair": 39.43,
            "eps_avg_yearly": 1.13,
            "eps_latest_yearly": 1.08,
            "eps_growth_yearly": 102.84
        },
        "20041": {
            "year_quarter": 20041,
            "year": 2004,
            "quarter": 1,
            "eps": 0.71,
            "eps_growth_year": 9.23,
            "eps_4q": 1.88,
            "eps_4q_growth_year": 188.42,
            "roe": 4.88,
            "roe_4q": 13.44,
            "gross_profit": 226241,
            "gross_margin": 6.42,
            "gross_margin_4q_avg": 9.42,
            "net_income": 206706,
            "net_income_4q": null,
            "revenue": 3522462,
            "revenue_4q": null,
            "common_shares": 2954837,
            "book_valuer_per_share": 14.3,
            "book_valuer_per_share_4q_avg": 13.76,
            "equity": 4223941,
            "current_ratio": 227.26,
            "debt_ratio": 55.23,
            "inventory_turnover_ratio": 4.12,
            "account_receivable_turnover_ratio": null,
            "reinvestment_rate": -39.04,
            "research_to_sale_ratio": null,
            "price_fair": 48,
            "eps_avg_yearly": 1.37,
            "eps_latest_yearly": 2.84,
            "eps_growth_yearly": 181.27
        },
        "20042": {
            "year_quarter": 20042,
            "year": 2004,
            "quarter": 2,
            "eps": 0.26,
            "eps_growth_year": -21.21,
            "eps_4q": 1.8,
            "eps_4q_growth_year": 88.89,
            "roe": 1.91,
            "roe_4q": 12.940000000000001,
            "gross_profit": 310096,
            "gross_margin": 7.5,
            "gross_margin_4q_avg": 7.82,
            "net_income": 76217,
            "net_income_4q": null,
            "revenue": 4134113,
            "revenue_4q": null,
            "common_shares": 2954837,
            "book_valuer_per_share": 12.69,
            "book_valuer_per_share_4q_avg": 13.61,
            "equity": 3749556,
            "current_ratio": 169.67,
            "debt_ratio": 62.77,
            "inventory_turnover_ratio": 19.52,
            "account_receivable_turnover_ratio": null,
            "reinvestment_rate": -25.37,
            "research_to_sale_ratio": null,
            "price_fair": 46.55,
            "eps_avg_yearly": 1.33,
            "eps_latest_yearly": 1.04,
            "eps_growth_yearly": 126.92
        },
        "20043": {
            "year_quarter": 20043,
            "year": 2004,
            "quarter": 3,
            "eps": 0.25,
            "eps_growth_year": -55.36,
            "eps_4q": 1.48,
            "eps_4q_growth_year": 6.38,
            "roe": 1.95,
            "roe_4q": 10.67,
            "gross_profit": 366050,
            "gross_margin": 10.3,
            "gross_margin_4q_avg": 8.17,
            "net_income": 73652,
            "net_income_4q": null,
            "revenue": 3554236,
            "revenue_4q": null,
            "common_shares": 3089874,
            "book_valuer_per_share": 12.28,
            "book_valuer_per_share_4q_avg": 13.29,
            "equity": 3792943,
            "current_ratio": 139.82,
            "debt_ratio": 62.92,
            "inventory_turnover_ratio": 16.1,
            "account_receivable_turnover_ratio": null,
            "reinvestment_rate": -12.58,
            "research_to_sale_ratio": null,
            "price_fair": 45.27,
            "eps_avg_yearly": 1.29,
            "eps_latest_yearly": 1,
            "eps_growth_yearly": 111.11
        },
        "20044": {
            "year_quarter": 20044,
            "year": 2004,
            "quarter": 4,
            "eps": -0.89,
            "eps_growth_year": -429.63,
            "eps_4q": 0.26,
            "eps_4q_growth_year": -85.27,
            "roe": -7.29,
            "roe_4q": 1.4500000000000002,
            "gross_profit": 50268,
            "gross_margin": 1.28,
            "gross_margin_4q_avg": 6.38,
            "net_income": -266517,
            "net_income_4q": null,
            "revenue": 3925982,
            "revenue_4q": null,
            "common_shares": 3089874,
            "book_valuer_per_share": 11.01,
            "book_valuer_per_share_4q_avg": 12.57,
            "equity": 3515620,
            "current_ratio": 113.08,
            "debt_ratio": 65.64,
            "inventory_turnover_ratio": 4.39,
            "account_receivable_turnover_ratio": null,
            "reinvestment_rate": 16.9,
            "research_to_sale_ratio": null,
            "price_fair": 45.27,
            "eps_avg_yearly": 1.29,
            "eps_latest_yearly": 1,
            "eps_growth_yearly": 111.11
        },
        "20051": {
            "year_quarter": 20051,
            "year": 2005,
            "quarter": 1,
            "eps": 0.28,
            "eps_growth_year": -60.56,
            "eps_4q": -0.1,
            "eps_4q_growth_year": -105.12,
            "roe": 2.47,
            "roe_4q": -0.9600000000000002,
            "gross_profit": 131480,
            "gross_margin": 3.76,
            "gross_margin_4q_avg": 5.71,
            "net_income": 86857,
            "net_income_4q": null,
            "revenue": 3497130,
            "revenue_4q": null,
            "common_shares": 3089874,
            "book_valuer_per_share": 11.39,
            "book_valuer_per_share_4q_avg": 11.84,
            "equity": 3518434,
            "current_ratio": 77.43,
            "debt_ratio": 60.64,
            "inventory_turnover_ratio": 3.84,
            "account_receivable_turnover_ratio": null,
            "reinvestment_rate": -5.51,
            "research_to_sale_ratio": null,
            "price_fair": 45.27,
            "eps_avg_yearly": 1.29,
            "eps_latest_yearly": 1,
            "eps_growth_yearly": 111.11
        },
        "20052": {
            "year_quarter": 20052,
            "year": 2005,
            "quarter": 2,
            "eps": 0.46,
            "eps_growth_year": 76.92,
            "eps_4q": 0.12,
            "eps_4q_growth_year": -93.29,
            "roe": 4.04,
            "roe_4q": 1.1699999999999997,
            "gross_profit": 267967,
            "gross_margin": 6.68,
            "gross_margin_4q_avg": 5.51,
            "net_income": 143818,
            "net_income_4q": null,
            "revenue": 4012311,
            "revenue_4q": null,
            "common_shares": 3089874,
            "book_valuer_per_share": 11.66,
            "book_valuer_per_share_4q_avg": 11.59,
            "equity": 3603306,
            "current_ratio": 131.44,
            "debt_ratio": 58.02,
            "inventory_turnover_ratio": 22.26,
            "account_receivable_turnover_ratio": null,
            "reinvestment_rate": 14.02,
            "research_to_sale_ratio": null,
            "price_fair": 47.18,
            "eps_avg_yearly": 1.35,
            "eps_latest_yearly": 1.84,
            "eps_growth_yearly": 125.71
        },
        "20053": {
            "year_quarter": 20053,
            "year": 2005,
            "quarter": 3,
            "eps": 0.88,
            "eps_growth_year": 252,
            "eps_4q": 0.76,
            "eps_4q_growth_year": -48.37,
            "roe": 7.27,
            "roe_4q": 6.489999999999999,
            "gross_profit": 406970,
            "gross_margin": 6.8,
            "gross_margin_4q_avg": 4.63,
            "net_income": 273324,
            "net_income_4q": null,
            "revenue": 5985441,
            "revenue_4q": null,
            "common_shares": 3266367,
            "book_valuer_per_share": 12,
            "book_valuer_per_share_4q_avg": 11.52,
            "equity": 3920407,
            "current_ratio": 126.08,
            "debt_ratio": 62.27,
            "inventory_turnover_ratio": 36.28,
            "account_receivable_turnover_ratio": null,
            "reinvestment_rate": -8.33,
            "research_to_sale_ratio": null,
            "price_fair": 54.09,
            "eps_avg_yearly": 1.55,
            "eps_latest_yearly": 3.52,
            "eps_growth_yearly": 147.49
        },
        "20054": {
            "year_quarter": 20054,
            "year": 2005,
            "quarter": 4,
            "eps": 0.8,
            "eps_growth_year": null,
            "eps_4q": 2.42,
            "eps_4q_growth_year": 821.35,
            "roe": 5.64,
            "roe_4q": 19.419999999999998,
            "gross_profit": 568973,
            "gross_margin": 7.87,
            "gross_margin_4q_avg": 6.28,
            "net_income": 249334,
            "net_income_4q": null,
            "revenue": 7225840,
            "revenue_4q": null,
            "common_shares": 3294077,
            "book_valuer_per_share": 13.38,
            "book_valuer_per_share_4q_avg": 12.11,
            "equity": 4914809,
            "current_ratio": 122.19,
            "debt_ratio": 65.05,
            "inventory_turnover_ratio": 6.18,
            "account_receivable_turnover_ratio": null,
            "reinvestment_rate": 96.31,
            "research_to_sale_ratio": null,
            "price_fair": 58.92,
            "eps_avg_yearly": 1.68,
            "eps_latest_yearly": 3.2,
            "eps_growth_yearly": 132.16
        },
        "20061": {
            "year_quarter": 20061,
            "year": 2006,
            "quarter": 1,
            "eps": 0.6,
            "eps_growth_year": 114.29,
            "eps_4q": 2.56,
            "eps_4q_growth_year": null,
            "roe": 3.9,
            "roe_4q": 20.849999999999998,
            "gross_profit": 481725,
            "gross_margin": 7.61,
            "gross_margin_4q_avg": 7.24,
            "net_income": 203644,
            "net_income_4q": null,
            "revenue": 6327155,
            "revenue_4q": null,
            "common_shares": 3588043,
            "book_valuer_per_share": 15.37,
            "book_valuer_per_share_4q_avg": 13.1,
            "equity": 5515200,
            "current_ratio": 146.49,
            "debt_ratio": 48.7,
            "inventory_turnover_ratio": 5.41,
            "account_receivable_turnover_ratio": null,
            "reinvestment_rate": 36.49,
            "research_to_sale_ratio": null,
            "price_fair": 61.13,
            "eps_avg_yearly": 1.75,
            "eps_latest_yearly": 2.4,
            "eps_growth_yearly": 97.74
        },
        "20062": {
            "year_quarter": 20062,
            "year": 2006,
            "quarter": 2,
            "eps": 0.86,
            "eps_growth_year": 86.96,
            "eps_4q": 2.96,
            "eps_4q_growth_year": 2346.18,
            "roe": 5.53,
            "roe_4q": 22.34,
            "gross_profit": 548653,
            "gross_margin": 8.86,
            "gross_margin_4q_avg": 7.79,
            "net_income": 297680,
            "net_income_4q": null,
            "revenue": 6194853,
            "revenue_4q": null,
            "common_shares": 3595249,
            "book_valuer_per_share": 14.59,
            "book_valuer_per_share_4q_avg": 13.84,
            "equity": 5244716,
            "current_ratio": 148.68,
            "debt_ratio": 45.6,
            "inventory_turnover_ratio": 35.95,
            "account_receivable_turnover_ratio": null,
            "reinvestment_rate": 25.47,
            "research_to_sale_ratio": null,
            "price_fair": 70.82,
            "eps_avg_yearly": 2.02,
            "eps_latest_yearly": 3.44,
            "eps_growth_yearly": 143.08
        },
        "20063": {
            "year_quarter": 20063,
            "year": 2006,
            "quarter": 3,
            "eps": 0.59,
            "eps_growth_year": -32.95,
            "eps_4q": 2.65,
            "eps_4q_growth_year": 246.65,
            "roe": 4.1,
            "roe_4q": 19.169999999999998,
            "gross_profit": 453283,
            "gross_margin": 7.84,
            "gross_margin_4q_avg": 8.05,
            "net_income": 214940,
            "net_income_4q": null,
            "revenue": 5778016,
            "revenue_4q": null,
            "common_shares": 3754941,
            "book_valuer_per_share": 13.94,
            "book_valuer_per_share_4q_avg": 14.32,
            "equity": 5234738,
            "current_ratio": 146.86,
            "debt_ratio": 47.01,
            "inventory_turnover_ratio": 33.23,
            "account_receivable_turnover_ratio": null,
            "reinvestment_rate": 21.36,
            "research_to_sale_ratio": null,
            "price_fair": 76.65,
            "eps_avg_yearly": 2.19,
            "eps_latest_yearly": 2.36,
            "eps_growth_yearly": 65.95
        },
        "20064": {
            "year_quarter": 20064,
            "year": 2006,
            "quarter": 4,
            "eps": 0.51,
            "eps_growth_year": -36.25,
            "eps_4q": 2.52,
            "eps_4q_growth_year": 4.15,
            "roe": 3.21,
            "roe_4q": 16.74,
            "gross_profit": 568055,
            "gross_margin": 8.73,
            "gross_margin_4q_avg": 8.26,
            "net_income": 181968,
            "net_income_4q": null,
            "revenue": 6503474,
            "revenue_4q": null,
            "common_shares": 3655011,
            "book_valuer_per_share": 15.04,
            "book_valuer_per_share_4q_avg": 14.74,
            "equity": 6109474,
            "current_ratio": 129.2,
            "debt_ratio": 52.1,
            "inventory_turnover_ratio": 7.01,
            "account_receivable_turnover_ratio": null,
            "reinvestment_rate": 63.15,
            "research_to_sale_ratio": null,
            "price_fair": 76.25,
            "eps_avg_yearly": 2.18,
            "eps_latest_yearly": 2.04,
            "eps_growth_yearly": 56.71
        },
        "20071": {
            "year_quarter": 20071,
            "year": 2007,
            "quarter": 1,
            "eps": 1.34,
            "eps_growth_year": 123.33,
            "eps_4q": 3.31,
            "eps_4q_growth_year": 29.09,
            "roe": 7.76,
            "roe_4q": 20.599999999999998,
            "gross_profit": 839933,
            "gross_margin": 11.83,
            "gross_margin_4q_avg": 9.32,
            "net_income": 472626,
            "net_income_4q": null,
            "revenue": 7097812,
            "revenue_4q": null,
            "common_shares": 3693960,
            "book_valuer_per_share": 16.44,
            "book_valuer_per_share_4q_avg": 15,
            "equity": 6072043,
            "current_ratio": 145.46,
            "debt_ratio": 43.33,
            "inventory_turnover_ratio": 7.5,
            "account_receivable_turnover_ratio": null,
            "reinvestment_rate": 15.07,
            "research_to_sale_ratio": null,
            "price_fair": 84.2,
            "eps_avg_yearly": 2.41,
            "eps_latest_yearly": 5.36,
            "eps_growth_yearly": 99.15
        },
        "20072": {
            "year_quarter": 20072,
            "year": 2007,
            "quarter": 2,
            "eps": 1.64,
            "eps_growth_year": 90.7,
            "eps_4q": 4.09,
            "eps_4q_growth_year": 38.14,
            "roe": 9.51,
            "roe_4q": 24.58,
            "gross_profit": 1005225,
            "gross_margin": 11.24,
            "gross_margin_4q_avg": 9.91,
            "net_income": 582859,
            "net_income_4q": null,
            "revenue": 8946161,
            "revenue_4q": null,
            "common_shares": 3673074,
            "book_valuer_per_share": 16.83,
            "book_valuer_per_share_4q_avg": 15.56,
            "equity": 6183185,
            "current_ratio": 141.61,
            "debt_ratio": 41.51,
            "inventory_turnover_ratio": 67.24,
            "account_receivable_turnover_ratio": null,
            "reinvestment_rate": 11.23,
            "research_to_sale_ratio": null,
            "price_fair": 97.3,
            "eps_avg_yearly": 2.78,
            "eps_latest_yearly": 6.56,
            "eps_growth_yearly": 119.62
        },
        "20073": {
            "year_quarter": 20073,
            "year": 2007,
            "quarter": 3,
            "eps": 1.55,
            "eps_growth_year": 162.71,
            "eps_4q": 4.79,
            "eps_4q_growth_year": 80.76,
            "roe": 9.07,
            "roe_4q": 29.549999999999997,
            "gross_profit": 730022,
            "gross_margin": 8.94,
            "gross_margin_4q_avg": 10.19,
            "net_income": 591813,
            "net_income_4q": null,
            "revenue": 8168624,
            "revenue_4q": null,
            "common_shares": 3902398,
            "book_valuer_per_share": 17.59,
            "book_valuer_per_share_4q_avg": 16.48,
            "equity": 6862765,
            "current_ratio": 162.83,
            "debt_ratio": 35.7,
            "inventory_turnover_ratio": 139.79,
            "account_receivable_turnover_ratio": null,
            "reinvestment_rate": -5.07,
            "research_to_sale_ratio": null,
            "price_fair": 107.2,
            "eps_avg_yearly": 3.06,
            "eps_latest_yearly": 6.2,
            "eps_growth_yearly": 98.14
        },
        "20074": {
            "year_quarter": 20074,
            "year": 2007,
            "quarter": 4,
            "eps": 1.08,
            "eps_growth_year": 111.76,
            "eps_4q": 5.39,
            "eps_4q_growth_year": 114.25,
            "roe": 5.81,
            "roe_4q": 32.15,
            "gross_profit": 955695,
            "gross_margin": 10.04,
            "gross_margin_4q_avg": 10.51,
            "net_income": 412435,
            "net_income_4q": null,
            "revenue": 9519340,
            "revenue_4q": null,
            "common_shares": 3913888,
            "book_valuer_per_share": 18.72,
            "book_valuer_per_share_4q_avg": 17.4,
            "equity": 7328742,
            "current_ratio": 146.21,
            "debt_ratio": 39.73,
            "inventory_turnover_ratio": 11.48,
            "account_receivable_turnover_ratio": null,
            "reinvestment_rate": 20.29,
            "research_to_sale_ratio": null,
            "price_fair": 115.3,
            "eps_avg_yearly": 3.29,
            "eps_latest_yearly": 4.32,
            "eps_growth_yearly": 104.27
        },
        "20081": {
            "year_quarter": 20081,
            "year": 2008,
            "quarter": 1,
            "eps": 0.8,
            "eps_growth_year": -40.3,
            "eps_4q": 4.85,
            "eps_4q_growth_year": 46.56,
            "roe": 4.28,
            "roe_4q": 28.67,
            "gross_profit": 637125,
            "gross_margin": 8.41,
            "gross_margin_4q_avg": 9.66,
            "net_income": 313492,
            "net_income_4q": null,
            "revenue": 7572180,
            "revenue_4q": null,
            "common_shares": 3913888,
            "book_valuer_per_share": 18.73,
            "book_valuer_per_share_4q_avg": 17.97,
            "equity": 7330180,
            "current_ratio": 152.88,
            "debt_ratio": 44.06,
            "inventory_turnover_ratio": 4.21,
            "account_receivable_turnover_ratio": null,
            "reinvestment_rate": 27.78,
            "research_to_sale_ratio": null,
            "price_fair": 116.2,
            "eps_avg_yearly": 3.32,
            "eps_latest_yearly": 3.2,
            "eps_growth_yearly": 50.3
        },
        "20082": {
            "year_quarter": 20082,
            "year": 2008,
            "quarter": 2,
            "eps": 0.92,
            "eps_growth_year": -43.9,
            "eps_4q": 4.05,
            "eps_4q_growth_year": -0.83,
            "roe": 5.78,
            "roe_4q": 24.94,
            "gross_profit": 752234,
            "gross_margin": 9.52,
            "gross_margin_4q_avg": 9.23,
            "net_income": 386994,
            "net_income_4q": null,
            "revenue": 7902142,
            "revenue_4q": null,
            "common_shares": 3913888,
            "book_valuer_per_share": 15.5,
            "book_valuer_per_share_4q_avg": 17.64,
            "equity": 6065890,
            "current_ratio": 129.29,
            "debt_ratio": 52.32,
            "inventory_turnover_ratio": 4.16,
            "account_receivable_turnover_ratio": null,
            "reinvestment_rate": 26.18,
            "research_to_sale_ratio": null,
            "price_fair": 122.8,
            "eps_avg_yearly": 3.51,
            "eps_latest_yearly": 3.68,
            "eps_growth_yearly": 72.69
        },
        "20083": {
            "year_quarter": 20083,
            "year": 2008,
            "quarter": 3,
            "eps": 1.5,
            "eps_growth_year": -3.23,
            "eps_4q": 4.17,
            "eps_4q_growth_year": -12.9,
            "roe": 9.66,
            "roe_4q": 25.53,
            "gross_profit": 1070390,
            "gross_margin": 11.06,
            "gross_margin_4q_avg": 9.76,
            "net_income": 624548,
            "net_income_4q": null,
            "revenue": 9674740,
            "revenue_4q": null,
            "common_shares": 4229583,
            "book_valuer_per_share": 16.22,
            "book_valuer_per_share_4q_avg": 17.29,
            "equity": 6860674,
            "current_ratio": 127.15,
            "debt_ratio": 57.29,
            "inventory_turnover_ratio": 4.31,
            "account_receivable_turnover_ratio": null,
            "reinvestment_rate": 25.5,
            "research_to_sale_ratio": null,
            "price_fair": 135.3,
            "eps_avg_yearly": 3.87,
            "eps_latest_yearly": 6,
            "eps_growth_yearly": 91.81
        },
        "20084": {
            "year_quarter": 20084,
            "year": 2008,
            "quarter": 4,
            "eps": 0.07,
            "eps_growth_year": -93.52,
            "eps_4q": 3.11,
            "eps_4q_growth_year": -42.31,
            "roe": 0.44,
            "roe_4q": 20.16,
            "gross_profit": 747948,
            "gross_margin": 8.72,
            "gross_margin_4q_avg": 9.43,
            "net_income": 30494,
            "net_income_4q": null,
            "revenue": 8576970,
            "revenue_4q": null,
            "common_shares": 4229583,
            "book_valuer_per_share": 16.71,
            "book_valuer_per_share_4q_avg": 16.79,
            "equity": 7069283,
            "current_ratio": 137.71,
            "debt_ratio": 43.03,
            "inventory_turnover_ratio": 3.97,
            "account_receivable_turnover_ratio": 4.25,
            "reinvestment_rate": 17.79,
            "research_to_sale_ratio": null,
            "price_fair": 126.93,
            "eps_avg_yearly": 3.63,
            "eps_latest_yearly": 0.28,
            "eps_growth_yearly": 60.26
        },
        "20091": {
            "year_quarter": 20091,
            "year": 2009,
            "quarter": 1,
            "eps": 0.64,
            "eps_growth_year": -20,
            "eps_4q": 3.17,
            "eps_4q_growth_year": -34.56,
            "roe": 3.61,
            "roe_4q": 19.490000000000002,
            "gross_profit": 600643,
            "gross_margin": 11.49,
            "gross_margin_4q_avg": 10.2,
            "net_income": 263196,
            "net_income_4q": null,
            "revenue": 5226038,
            "revenue_4q": null,
            "common_shares": 4229583,
            "book_valuer_per_share": 17.75,
            "book_valuer_per_share_4q_avg": 16.55,
            "equity": 7505935,
            "current_ratio": 149.05,
            "debt_ratio": 38.36,
            "inventory_turnover_ratio": 2.99,
            "account_receivable_turnover_ratio": 1.36,
            "reinvestment_rate": 23.28,
            "research_to_sale_ratio": null,
            "price_fair": 124.6,
            "eps_avg_yearly": 3.56,
            "eps_latest_yearly": 2.56,
            "eps_growth_yearly": 260.07
        },
        "20092": {
            "year_quarter": 20092,
            "year": 2009,
            "quarter": 2,
            "eps": 1.33,
            "eps_growth_year": 44.57,
            "eps_4q": 3.49,
            "eps_4q_growth_year": -13.8,
            "roe": 7.56,
            "roe_4q": 21.27,
            "gross_profit": 867645,
            "gross_margin": 11.57,
            "gross_margin_4q_avg": 10.71,
            "net_income": 564465,
            "net_income_4q": null,
            "revenue": 7496910,
            "revenue_4q": null,
            "common_shares": 4229583,
            "book_valuer_per_share": 17.56,
            "book_valuer_per_share_4q_avg": 17.06,
            "equity": 7428325,
            "current_ratio": 133.84,
            "debt_ratio": 47.55,
            "inventory_turnover_ratio": 3.9,
            "account_receivable_turnover_ratio": 2,
            "reinvestment_rate": 21.09,
            "research_to_sale_ratio": null,
            "price_fair": 132.21,
            "eps_avg_yearly": 3.78,
            "eps_latest_yearly": 5.32,
            "eps_growth_yearly": 270.95
        },
        "20093": {
            "year_quarter": 20093,
            "year": 2009,
            "quarter": 3,
            "eps": 1.64,
            "eps_growth_year": 9.33,
            "eps_4q": 3.65,
            "eps_4q_growth_year": -12.57,
            "roe": 8.68,
            "roe_4q": 20.29,
            "gross_profit": 1308754,
            "gross_margin": 11.72,
            "gross_margin_4q_avg": 10.88,
            "net_income": 700695,
            "net_income_4q": null,
            "revenue": 11169893,
            "revenue_4q": null,
            "common_shares": 4374014,
            "book_valuer_per_share": 19.94,
            "book_valuer_per_share_4q_avg": 17.99,
            "equity": 8723788,
            "current_ratio": 143.45,
            "debt_ratio": 49.36,
            "inventory_turnover_ratio": 4.38,
            "account_receivable_turnover_ratio": 2.13,
            "reinvestment_rate": 24.79,
            "research_to_sale_ratio": null,
            "price_fair": 138.86,
            "eps_avg_yearly": 3.97,
            "eps_latest_yearly": 6.56,
            "eps_growth_yearly": 253.95
        },
        "20094": {
            "year_quarter": 20094,
            "year": 2009,
            "quarter": 4,
            "eps": 1.45,
            "eps_growth_year": 1971.43,
            "eps_4q": 4.92,
            "eps_4q_growth_year": 58.12,
            "roe": 6.92,
            "roe_4q": 26.77,
            "gross_profit": 1297585,
            "gross_margin": 10.2,
            "gross_margin_4q_avg": 11.25,
            "net_income": 623690,
            "net_income_4q": null,
            "revenue": 12723442,
            "revenue_4q": null,
            "common_shares": 4374014,
            "book_valuer_per_share": 21.27,
            "book_valuer_per_share_4q_avg": 19.13,
            "equity": 9302094,
            "current_ratio": 158.23,
            "debt_ratio": 49.78,
            "inventory_turnover_ratio": 4.18,
            "account_receivable_turnover_ratio": 4.71,
            "reinvestment_rate": 15.74,
            "research_to_sale_ratio": null,
            "price_fair": 144.55,
            "eps_avg_yearly": 4.13,
            "eps_latest_yearly": 5.8,
            "eps_growth_yearly": 253.33
        },
        "20101": {
            "year_quarter": 20101,
            "year": 2010,
            "quarter": 1,
            "eps": 1.38,
            "eps_growth_year": 115.62,
            "eps_4q": 5.7,
            "eps_4q_growth_year": 79.6,
            "roe": 6.25,
            "roe_4q": 29.41,
            "gross_profit": 1131682,
            "gross_margin": 10.09,
            "gross_margin_4q_avg": 10.9,
            "net_income": 604291,
            "net_income_4q": null,
            "revenue": 11220546,
            "revenue_4q": null,
            "common_shares": 4374014,
            "book_valuer_per_share": 22.9,
            "book_valuer_per_share_4q_avg": 20.42,
            "equity": 10027810,
            "current_ratio": 175.37,
            "debt_ratio": 52.44,
            "inventory_turnover_ratio": 3.12,
            "account_receivable_turnover_ratio": 1.72,
            "reinvestment_rate": 25.33,
            "research_to_sale_ratio": 1.74,
            "price_fair": 151.38,
            "eps_avg_yearly": 4.33,
            "eps_latest_yearly": 5.52,
            "eps_growth_yearly": 258.37
        },
        "20102": {
            "year_quarter": 20102,
            "year": 2010,
            "quarter": 2,
            "eps": 1.66,
            "eps_growth_year": 24.66,
            "eps_4q": 6.07,
            "eps_4q_growth_year": 73.68,
            "roe": 7.56,
            "roe_4q": 29.409999999999997,
            "gross_profit": 1365260,
            "gross_margin": 9.87,
            "gross_margin_4q_avg": 10.47,
            "net_income": 724964,
            "net_income_4q": null,
            "revenue": 13829712,
            "revenue_4q": null,
            "common_shares": 4374014,
            "book_valuer_per_share": 20.9,
            "book_valuer_per_share_4q_avg": 21.25,
            "equity": 9153078,
            "current_ratio": 151.34,
            "debt_ratio": 60.13,
            "inventory_turnover_ratio": 3.45,
            "account_receivable_turnover_ratio": 1.75,
            "reinvestment_rate": 24.93,
            "research_to_sale_ratio": 1.71,
            "price_fair": 158.38,
            "eps_avg_yearly": 4.53,
            "eps_latest_yearly": 6.64,
            "eps_growth_yearly": 252.61
        },
        "20103": {
            "year_quarter": 20103,
            "year": 2010,
            "quarter": 3,
            "eps": 1.64,
            "eps_growth_year": 0.27,
            "eps_4q": 6.08,
            "eps_4q_growth_year": 66.57,
            "roe": 7.59,
            "roe_4q": 28.32,
            "gross_profit": 1461988,
            "gross_margin": 10.54,
            "gross_margin_4q_avg": 10.18,
            "net_income": 724620,
            "net_income_4q": null,
            "revenue": 13864807,
            "revenue_4q": null,
            "common_shares": 4374014,
            "book_valuer_per_share": 22.54,
            "book_valuer_per_share_4q_avg": 21.9,
            "equity": 9941135,
            "current_ratio": 161.45,
            "debt_ratio": 56.02,
            "inventory_turnover_ratio": 3.17,
            "account_receivable_turnover_ratio": 1.65,
            "reinvestment_rate": 27.19,
            "research_to_sale_ratio": 1.77,
            "price_fair": 167.56,
            "eps_avg_yearly": 4.79,
            "eps_latest_yearly": 6.56,
            "eps_growth_yearly": 260.16
        },
        "20104": {
            "year_quarter": 20104,
            "year": 2010,
            "quarter": 4,
            "eps": 0.7,
            "eps_growth_year": -51.69,
            "eps_4q": 5.33,
            "eps_4q_growth_year": 8.4,
            "roe": 3.11,
            "roe_4q": 24.509999999999998,
            "gross_profit": 1173690,
            "gross_margin": 9.14,
            "gross_margin_4q_avg": 9.91,
            "net_income": 310656,
            "net_income_4q": null,
            "revenue": 12838024,
            "revenue_4q": null,
            "common_shares": 4406474,
            "book_valuer_per_share": 22.75,
            "book_valuer_per_share_4q_avg": 22.27,
            "equity": 10035656,
            "current_ratio": 145.28,
            "debt_ratio": 54.94,
            "inventory_turnover_ratio": 2.99,
            "account_receivable_turnover_ratio": 1.74,
            "reinvestment_rate": 39.53,
            "research_to_sale_ratio": 1.91,
            "price_fair": 169.23,
            "eps_avg_yearly": 4.84,
            "eps_latest_yearly": 2.8,
            "eps_growth_yearly": 249.22
        },
        "20111": {
            "year_quarter": 20111,
            "year": 2011,
            "quarter": 1,
            "eps": 0.49,
            "eps_growth_year": -64.49,
            "eps_4q": 4.44,
            "eps_4q_growth_year": -22.16,
            "roe": 2.13,
            "roe_4q": 20.39,
            "gross_profit": 763287,
            "gross_margin": 7.17,
            "gross_margin_4q_avg": 9.18,
            "net_income": 216077,
            "net_income_4q": null,
            "revenue": 10639670,
            "revenue_4q": null,
            "common_shares": 4434214,
            "book_valuer_per_share": 23.15,
            "book_valuer_per_share_4q_avg": 22.34,
            "equity": 10275331,
            "current_ratio": 154.36,
            "debt_ratio": 51.58,
            "inventory_turnover_ratio": 2.74,
            "account_receivable_turnover_ratio": 1.63,
            "reinvestment_rate": 57.44,
            "research_to_sale_ratio": 1.85,
            "price_fair": 161.79,
            "eps_avg_yearly": 4.62,
            "eps_latest_yearly": 1.96,
            "eps_growth_yearly": 201.03
        },
        "20112": {
            "year_quarter": 20112,
            "year": 2011,
            "quarter": 2,
            "eps": 0.4,
            "eps_growth_year": -76.02,
            "eps_4q": 3.21,
            "eps_4q_growth_year": -47.15,
            "roe": 1.84,
            "roe_4q": 14.67,
            "gross_profit": 697511,
            "gross_margin": 6.54,
            "gross_margin_4q_avg": 8.35,
            "net_income": 177120,
            "net_income_4q": null,
            "revenue": 10662842,
            "revenue_4q": null,
            "common_shares": 4434214,
            "book_valuer_per_share": 20.16,
            "book_valuer_per_share_4q_avg": 22.15,
            "equity": 8982239,
            "current_ratio": 148.61,
            "debt_ratio": 57.74,
            "inventory_turnover_ratio": 2.7,
            "account_receivable_turnover_ratio": 1.62,
            "reinvestment_rate": 42.37,
            "research_to_sale_ratio": 1.73,
            "price_fair": 150.94,
            "eps_avg_yearly": 4.31,
            "eps_latest_yearly": 1.6,
            "eps_growth_yearly": 190.84
        },
        "20113": {
            "year_quarter": 20113,
            "year": 2011,
            "quarter": 3,
            "eps": 0.93,
            "eps_growth_year": -43.42,
            "eps_4q": 2.51,
            "eps_4q_growth_year": -58.69,
            "roe": 4.36,
            "roe_4q": 11.44,
            "gross_profit": 1163135,
            "gross_margin": 8.89,
            "gross_margin_4q_avg": 7.94,
            "net_income": 406894,
            "net_income_4q": null,
            "revenue": 13080370,
            "revenue_4q": null,
            "common_shares": 4454814,
            "book_valuer_per_share": 21.11,
            "book_valuer_per_share_4q_avg": 21.79,
            "equity": 9700110,
            "current_ratio": 135.66,
            "debt_ratio": 61.03,
            "inventory_turnover_ratio": 2.93,
            "account_receivable_turnover_ratio": 1.65,
            "reinvestment_rate": 72.2,
            "research_to_sale_ratio": 2.02,
            "price_fair": 145.51,
            "eps_avg_yearly": 4.16,
            "eps_latest_yearly": 3.72,
            "eps_growth_yearly": 225.34
        },
        "20114": {
            "year_quarter": 20114,
            "year": 2011,
            "quarter": 4,
            "eps": 0.63,
            "eps_growth_year": -10.06,
            "eps_4q": 2.44,
            "eps_4q_growth_year": -54.3,
            "roe": 2.29,
            "roe_4q": 10.620000000000001,
            "gross_profit": 1136177,
            "gross_margin": 8.86,
            "gross_margin_4q_avg": 7.87,
            "net_income": 225169,
            "net_income_4q": null,
            "revenue": 12830405,
            "revenue_4q": null,
            "common_shares": 4454904,
            "book_valuer_per_share": 21.8,
            "book_valuer_per_share_4q_avg": 21.56,
            "equity": 9979457,
            "current_ratio": 150.18,
            "debt_ratio": 55.17,
            "inventory_turnover_ratio": 3.04,
            "account_receivable_turnover_ratio": 1.57,
            "reinvestment_rate": 55.07,
            "research_to_sale_ratio": 2.52,
            "price_fair": 141.58,
            "eps_avg_yearly": 4.05,
            "eps_latest_yearly": 2.52,
            "eps_growth_yearly": 224.86
        },
        "20121": {
            "year_quarter": 20121,
            "year": 2012,
            "quarter": 1,
            "eps": 0.66,
            "eps_growth_year": 34.69,
            "eps_4q": 2.68,
            "eps_4q_growth_year": -39.7,
            "roe": 2.9,
            "roe_4q": 11.39,
            "gross_profit": 889301,
            "gross_margin": 8.85,
            "gross_margin_4q_avg": 8.29,
            "net_income": 294437,
            "net_income_4q": null,
            "revenue": 10044953,
            "revenue_4q": null,
            "common_shares": 4469344,
            "book_valuer_per_share": 22.58,
            "book_valuer_per_share_4q_avg": 21.41,
            "equity": 10295839,
            "current_ratio": 158.35,
            "debt_ratio": 52.95,
            "inventory_turnover_ratio": 2.54,
            "account_receivable_turnover_ratio": 1.42,
            "reinvestment_rate": 53.44,
            "research_to_sale_ratio": 2.57,
            "price_fair": 140.35,
            "eps_avg_yearly": 4.01,
            "eps_latest_yearly": 2.64,
            "eps_growth_yearly": 232.53
        },
        "20122": {
            "year_quarter": 20122,
            "year": 2012,
            "quarter": 2,
            "eps": 0.89,
            "eps_growth_year": 124.04,
            "eps_4q": 3.17,
            "eps_4q_growth_year": -1.14,
            "roe": 3.43,
            "roe_4q": 12.98,
            "gross_profit": 1178953,
            "gross_margin": 10.01,
            "gross_margin_4q_avg": 9.15,
            "net_income": 345112,
            "net_income_4q": null,
            "revenue": 11779050,
            "revenue_4q": null,
            "common_shares": 4470724,
            "book_valuer_per_share": 21.68,
            "book_valuer_per_share_4q_avg": 21.79,
            "equity": 9844236,
            "current_ratio": 132.17,
            "debt_ratio": 56.16,
            "inventory_turnover_ratio": 2.89,
            "account_receivable_turnover_ratio": 1.62,
            "reinvestment_rate": 51.57,
            "research_to_sale_ratio": 2.44,
            "price_fair": 140.09,
            "eps_avg_yearly": 4,
            "eps_latest_yearly": 3.56,
            "eps_growth_yearly": 237.49
        },
        "20123": {
            "year_quarter": 20123,
            "year": 2012,
            "quarter": 3,
            "eps": 0.84,
            "eps_growth_year": -9.33,
            "eps_4q": 3.09,
            "eps_4q_growth_year": 22.94,
            "roe": 3.52,
            "roe_4q": 12.14,
            "gross_profit": 1075638,
            "gross_margin": 9.48,
            "gross_margin_4q_avg": 9.3,
            "net_income": 350725,
            "net_income_4q": null,
            "revenue": 11352312,
            "revenue_4q": null,
            "common_shares": 4471174,
            "book_valuer_per_share": 22.31,
            "book_valuer_per_share_4q_avg": 22.09,
            "equity": 10096901,
            "current_ratio": 135.97,
            "debt_ratio": 54.56,
            "inventory_turnover_ratio": 2.62,
            "account_receivable_turnover_ratio": 1.52,
            "reinvestment_rate": 50.53,
            "research_to_sale_ratio": 2.53,
            "price_fair": 134.31,
            "eps_avg_yearly": 3.84,
            "eps_latest_yearly": 3.36,
            "eps_growth_yearly": 220.32
        },
        "20124": {
            "year_quarter": 20124,
            "year": 2012,
            "quarter": 4,
            "eps": 0.56,
            "eps_growth_year": -11.46,
            "eps_4q": 3.01,
            "eps_4q_growth_year": 23.31,
            "roe": 1.76,
            "roe_4q": 11.610000000000001,
            "gross_profit": 954077,
            "gross_margin": 9.31,
            "gross_margin_4q_avg": 9.41,
            "net_income": 179537,
            "net_income_4q": null,
            "revenue": 10244266,
            "revenue_4q": null,
            "common_shares": 4471854,
            "book_valuer_per_share": 22.73,
            "book_valuer_per_share_4q_avg": 22.33,
            "equity": 10248255,
            "current_ratio": 144.84,
            "debt_ratio": 49.6,
            "inventory_turnover_ratio": 2.37,
            "account_receivable_turnover_ratio": 1.6,
            "reinvestment_rate": 46.74,
            "research_to_sale_ratio": 3.07,
            "price_fair": 138.6,
            "eps_avg_yearly": 3.96,
            "eps_latest_yearly": 2.24,
            "eps_growth_yearly": 235.82
        },
        "20131": {
            "year_quarter": 20131,
            "year": 2013,
            "quarter": 1,
            "eps": 0.23,
            "eps_growth_year": -65.15,
            "eps_4q": 2.51,
            "eps_4q_growth_year": -6.17,
            "roe": 0.73,
            "roe_4q": 9.44,
            "gross_profit": 572293,
            "gross_margin": 8.09,
            "gross_margin_4q_avg": 9.22,
            "net_income": 75307,
            "net_income_4q": null,
            "revenue": 7072509,
            "revenue_4q": null,
            "common_shares": 4488304,
            "book_valuer_per_share": 22.83,
            "book_valuer_per_share_4q_avg": 22.39,
            "equity": 10272940,
            "current_ratio": 160.75,
            "debt_ratio": 40.76,
            "inventory_turnover_ratio": 2.1,
            "account_receivable_turnover_ratio": 1.72,
            "reinvestment_rate": 52.94,
            "research_to_sale_ratio": 3.2,
            "price_fair": 106.16,
            "eps_avg_yearly": 3.86,
            "eps_latest_yearly": 0.92,
            "eps_growth_yearly": 17.52
        },
        "20132": {
            "year_quarter": 20132,
            "year": 2013,
            "quarter": 2,
            "eps": 0.23,
            "eps_growth_year": -74.18,
            "eps_4q": 1.86,
            "eps_4q_growth_year": -41.39,
            "roe": 0.89,
            "roe_4q": 6.9,
            "gross_profit": 570352,
            "gross_margin": 8.63,
            "gross_margin_4q_avg": 8.88,
            "net_income": 88378,
            "net_income_4q": null,
            "revenue": 6607360,
            "revenue_4q": null,
            "common_shares": 4489874,
            "book_valuer_per_share": 21.17,
            "book_valuer_per_share_4q_avg": 22.26,
            "equity": 9510216,
            "current_ratio": 145.89,
            "debt_ratio": 44.62,
            "inventory_turnover_ratio": 2.45,
            "account_receivable_turnover_ratio": 2.1,
            "reinvestment_rate": 56.41,
            "research_to_sale_ratio": 3.79,
            "price_fair": 10.75,
            "eps_avg_yearly": 3.58,
            "eps_latest_yearly": 0.92,
            "eps_growth_yearly": -9.43
        },
        "20133": {
            "year_quarter": 20133,
            "year": 2013,
            "quarter": 3,
            "eps": 0.36,
            "eps_growth_year": -57.33,
            "eps_4q": 1.38,
            "eps_4q_growth_year": -55.27,
            "roe": 1.63,
            "roe_4q": 5.01,
            "gross_profit": 666005,
            "gross_margin": 10.33,
            "gross_margin_4q_avg": 9.09,
            "net_income": 155441,
            "net_income_4q": null,
            "revenue": 6449145,
            "revenue_4q": null,
            "common_shares": 4489874,
            "book_valuer_per_share": 21.33,
            "book_valuer_per_share_4q_avg": 22.02,
            "equity": 9573550,
            "current_ratio": 158.93,
            "debt_ratio": 39.88,
            "inventory_turnover_ratio": 2.53,
            "account_receivable_turnover_ratio": 2.01,
            "reinvestment_rate": 57.07,
            "research_to_sale_ratio": 5.04,
            "price_fair": 9.79,
            "eps_avg_yearly": 3.26,
            "eps_latest_yearly": 1.44,
            "eps_growth_yearly": -1.13
        },
        "20134": {
            "year_quarter": 20134,
            "year": 2013,
            "quarter": 4,
            "eps": 0.26,
            "eps_growth_year": -54.26,
            "eps_4q": 1.08,
            "eps_4q_growth_year": -64.21,
            "roe": 0.98,
            "roe_4q": 4.23,
            "gross_profit": 560136,
            "gross_margin": 8.51,
            "gross_margin_4q_avg": 8.89,
            "net_income": 94782,
            "net_income_4q": null,
            "revenue": 6582024,
            "revenue_4q": null,
            "common_shares": 4490514,
            "book_valuer_per_share": 21.76,
            "book_valuer_per_share_4q_avg": 21.77,
            "equity": 9780557,
            "current_ratio": 166.36,
            "debt_ratio": 40.76,
            "inventory_turnover_ratio": 2.88,
            "account_receivable_turnover_ratio": 2.04,
            "reinvestment_rate": 37.47,
            "research_to_sale_ratio": 3.62,
            "price_fair": 8.9,
            "eps_avg_yearly": 2.97,
            "eps_latest_yearly": 1.04,
            "eps_growth_yearly": -5.18
        },
        "20141": {
            "year_quarter": 20141,
            "year": 2014,
            "quarter": 1,
            "eps": -0.45,
            "eps_growth_year": -295.65,
            "eps_4q": 0.4,
            "eps_4q_growth_year": -83.94,
            "roe": -2.12,
            "roe_4q": 1.38,
            "gross_profit": 431822,
            "gross_margin": 8.42,
            "gross_margin_4q_avg": 8.97,
            "net_income": -207302,
            "net_income_4q": null,
            "revenue": 5131469,
            "revenue_4q": null,
            "common_shares": 4504684,
            "book_valuer_per_share": 21.67,
            "book_valuer_per_share_4q_avg": 21.48,
            "equity": 9747478,
            "current_ratio": 169.77,
            "debt_ratio": 39.99,
            "inventory_turnover_ratio": 2.27,
            "account_receivable_turnover_ratio": 1.81,
            "reinvestment_rate": 42.5,
            "research_to_sale_ratio": 4.51,
            "price_fair": 8.38,
            "eps_avg_yearly": 2.79,
            "eps_latest_yearly": 1.04,
            "eps_growth_yearly": -4.24
        },
        "20142": {
            "year_quarter": 20142,
            "year": 2014,
            "quarter": 2,
            "eps": 0.04,
            "eps_growth_year": -82.61,
            "eps_4q": 0.19,
            "eps_4q_growth_year": -89.66,
            "roe": 0.15,
            "roe_4q": 0.6399999999999997,
            "gross_profit": 483829,
            "gross_margin": 7.23,
            "gross_margin_4q_avg": 8.62,
            "net_income": 13747,
            "net_income_4q": null,
            "revenue": 6695544,
            "revenue_4q": null,
            "common_shares": 4730614,
            "book_valuer_per_share": 18.83,
            "book_valuer_per_share_4q_avg": 20.9,
            "equity": 8878324,
            "current_ratio": 145.46,
            "debt_ratio": 47.63,
            "inventory_turnover_ratio": 2.99,
            "account_receivable_turnover_ratio": 2.19,
            "reinvestment_rate": 44.47,
            "research_to_sale_ratio": 3.48,
            "price_fair": 7.56,
            "eps_avg_yearly": 2.52,
            "eps_latest_yearly": 1.04,
            "eps_growth_yearly": -10.34
        },
        "20143": {
            "year_quarter": 20143,
            "year": 2014,
            "quarter": 3,
            "eps": 0.43,
            "eps_growth_year": 19.44,
            "eps_4q": 0.26,
            "eps_4q_growth_year": -81.06,
            "roe": 2.15,
            "roe_4q": 1.1599999999999997,
            "gross_profit": 663940,
            "gross_margin": 11.11,
            "gross_margin_4q_avg": 8.82,
            "net_income": 202291,
            "net_income_4q": null,
            "revenue": 5976106,
            "revenue_4q": null,
            "common_shares": 4731174,
            "book_valuer_per_share": 21.06,
            "book_valuer_per_share_4q_avg": 20.83,
            "equity": 9941449,
            "current_ratio": 156.61,
            "debt_ratio": 42.07,
            "inventory_turnover_ratio": 2.44,
            "account_receivable_turnover_ratio": 1.72,
            "reinvestment_rate": 64.74,
            "research_to_sale_ratio": 4.53,
            "price_fair": 76.1,
            "eps_avg_yearly": 2.17,
            "eps_latest_yearly": 1.72,
            "eps_growth_yearly": 268.58
        },
        "20144": {
            "year_quarter": 20144,
            "year": 2014,
            "quarter": 4,
            "eps": 0.31,
            "eps_growth_year": 21.06,
            "eps_4q": 0.33,
            "eps_4q_growth_year": -69.56,
            "roe": 1.64,
            "roe_4q": 1.8199999999999998,
            "gross_profit": 549118,
            "gross_margin": 8.61,
            "gross_margin_4q_avg": 8.84,
            "net_income": 162253,
            "net_income_4q": null,
            "revenue": 6377047,
            "revenue_4q": null,
            "common_shares": 4730368,
            "book_valuer_per_share": 20.85,
            "book_valuer_per_share_4q_avg": 20.6,
            "equity": 9860323,
            "current_ratio": 162.73,
            "debt_ratio": 41.54,
            "inventory_turnover_ratio": 2.47,
            "account_receivable_turnover_ratio": 1.99,
            "reinvestment_rate": -22.13,
            "research_to_sale_ratio": 4.49,
            "price_fair": 72.2,
            "eps_avg_yearly": 2.06,
            "eps_latest_yearly": 1.24,
            "eps_growth_yearly": 276.98
        },
        "20151": {
            "year_quarter": 20151,
            "year": 2015,
            "quarter": 1,
            "eps": 0.26,
            "eps_growth_year": null,
            "eps_4q": 1.01,
            "eps_4q_growth_year": 150.66,
            "roe": 1.52,
            "roe_4q": 5.460000000000001,
            "gross_profit": 475585,
            "gross_margin": 10.23,
            "gross_margin_4q_avg": 9.3,
            "net_income": 151546,
            "net_income_4q": null,
            "revenue": 4647668,
            "revenue_4q": null,
            "common_shares": 4728285,
            "book_valuer_per_share": 21.37,
            "book_valuer_per_share_4q_avg": 20.53,
            "equity": 10121945,
            "current_ratio": 184.12,
            "debt_ratio": 35.54,
            "inventory_turnover_ratio": 1.98,
            "account_receivable_turnover_ratio": 1.65,
            "reinvestment_rate": -22.41,
            "research_to_sale_ratio": 4.48,
            "price_fair": 69.9,
            "eps_avg_yearly": 2,
            "eps_latest_yearly": 1.04,
            "eps_growth_yearly": 280.95
        },
        "20152": {
            "year_quarter": 20152,
            "year": 2015,
            "quarter": 2,
            "eps": 0.4,
            "eps_growth_year": 900,
            "eps_4q": 1.39,
            "eps_4q_growth_year": 621.46,
            "roe": 3.19,
            "roe_4q": 8.5,
            "gross_profit": 631287,
            "gross_margin": 12.79,
            "gross_margin_4q_avg": 10.69,
            "net_income": 323690,
            "net_income_4q": null,
            "revenue": 4937573,
            "revenue_4q": null,
            "common_shares": 4718764,
            "book_valuer_per_share": 21.26,
            "book_valuer_per_share_4q_avg": 21.14,
            "equity": 10190169,
            "current_ratio": 191.15,
            "debt_ratio": 34.89,
            "inventory_turnover_ratio": 2.28,
            "account_receivable_turnover_ratio": 1.87,
            "reinvestment_rate": 7.68,
            "research_to_sale_ratio": 4.26,
            "price_fair": 69.9,
            "eps_avg_yearly": 2,
            "eps_latest_yearly": 1.6,
            "eps_growth_yearly": 301.58
        },
        "20153": {
            "year_quarter": 20153,
            "year": 2015,
            "quarter": 3,
            "eps": 0.72,
            "eps_growth_year": 67.44,
            "eps_4q": 2.64,
            "eps_4q_growth_year": 911.15,
            "roe": 3.13,
            "roe_4q": 9.48,
            "gross_profit": 632819,
            "gross_margin": 12.72,
            "gross_margin_4q_avg": 11.09,
            "net_income": 295550,
            "net_income_4q": null,
            "revenue": 4976041,
            "revenue_4q": null,
            "common_shares": 2828260,
            "book_valuer_per_share": 30.2,
            "book_valuer_per_share_4q_avg": 23.42,
            "equity": 8713237,
            "current_ratio": 144.72,
            "debt_ratio": 47.74,
            "inventory_turnover_ratio": 2.24,
            "account_receivable_turnover_ratio": 1.8,
            "reinvestment_rate": -42.64,
            "research_to_sale_ratio": 4.15,
            "price_fair": 67.8,
            "eps_avg_yearly": 1.94,
            "eps_latest_yearly": 2.88,
            "eps_growth_yearly": 286.58
        },
        "20154": {
            "year_quarter": 20154,
            "year": 2015,
            "quarter": 4,
            "eps": 0.34,
            "eps_growth_year": 9.64,
            "eps_4q": 2.47,
            "eps_4q_growth_year": 653.41,
            "roe": 1.11,
            "roe_4q": 8.95,
            "gross_profit": 563962,
            "gross_margin": 12.02,
            "gross_margin_4q_avg": 11.94,
            "net_income": 96658,
            "net_income_4q": null,
            "revenue": 4692926,
            "revenue_4q": null,
            "common_shares": 2828260,
            "book_valuer_per_share": 30.3,
            "book_valuer_per_share_4q_avg": 25.78,
            "equity": 8734723,
            "current_ratio": 169.79,
            "debt_ratio": 37.69,
            "inventory_turnover_ratio": 2.3,
            "account_receivable_turnover_ratio": 1.8,
            "reinvestment_rate": -47.58,
            "research_to_sale_ratio": 5.16,
            "price_fair": 64.9,
            "eps_avg_yearly": 1.85,
            "eps_latest_yearly": 1.36,
            "eps_growth_yearly": 280.72
        },
        "20161": {
            "year_quarter": 20161,
            "year": 2016,
            "quarter": 1,
            "eps": -0.1,
            "eps_growth_year": -138.46,
            "eps_4q": 1.94,
            "eps_4q_growth_year": 91.64,
            "roe": -0.2,
            "roe_4q": 7.23,
            "gross_profit": 337329,
            "gross_margin": 12.16,
            "gross_margin_4q_avg": 12.42,
            "net_income": -17030,
            "net_income_4q": null,
            "revenue": 2774384,
            "revenue_4q": null,
            "common_shares": 2826777,
            "book_valuer_per_share": 30.08,
            "book_valuer_per_share_4q_avg": 27.96,
            "equity": 8678352,
            "current_ratio": 184.2,
            "debt_ratio": 33.78,
            "inventory_turnover_ratio": 1.52,
            "account_receivable_turnover_ratio": 1.46,
            "reinvestment_rate": -52.93,
            "research_to_sale_ratio": 6.77,
            "price_fair": 62.78,
            "eps_avg_yearly": 1.79,
            "eps_latest_yearly": 1.36,
            "eps_growth_yearly": 300.84
        },
        "20162": {
            "year_quarter": 20162,
            "year": 2016,
            "quarter": 2,
            "eps": 0.18,
            "eps_growth_year": -55,
            "eps_4q": 1.45,
            "eps_4q_growth_year": 4.36,
            "roe": 0.76,
            "roe_4q": 4.8,
            "gross_profit": 406708,
            "gross_margin": 13.63,
            "gross_margin_4q_avg": 12.63,
            "net_income": 65317,
            "net_income_4q": null,
            "revenue": 2984188,
            "revenue_4q": null,
            "common_shares": 2826030,
            "book_valuer_per_share": 29.08,
            "book_valuer_per_share_4q_avg": 29.92,
            "equity": 8404016,
            "current_ratio": 178.59,
            "debt_ratio": 33.69,
            "inventory_turnover_ratio": 1.68,
            "account_receivable_turnover_ratio": 2.01,
            "reinvestment_rate": -51.59,
            "research_to_sale_ratio": 6.11,
            "price_fair": 57.63,
            "eps_avg_yearly": 1.65,
            "eps_latest_yearly": 1.36,
            "eps_growth_yearly": 314.3
        },
        "20163": {
            "year_quarter": 20163,
            "year": 2016,
            "quarter": 3,
            "eps": 0.81,
            "eps_growth_year": 12.5,
            "eps_4q": 1.22,
            "eps_4q_growth_year": -53.75,
            "roe": 2.86,
            "roe_4q": 4.53,
            "gross_profit": 359749,
            "gross_margin": 16.18,
            "gross_margin_4q_avg": 13.5,
            "net_income": 240575,
            "net_income_4q": null,
            "revenue": 2223673,
            "revenue_4q": null,
            "common_shares": 2825786,
            "book_valuer_per_share": 29.11,
            "book_valuer_per_share_4q_avg": 29.64,
            "equity": 8415632,
            "current_ratio": 172.47,
            "debt_ratio": 32.67,
            "inventory_turnover_ratio": 1.45,
            "account_receivable_turnover_ratio": 1.66,
            "reinvestment_rate": -27.77,
            "research_to_sale_ratio": 9.01,
            "price_fair": 57.28,
            "eps_avg_yearly": 1.64,
            "eps_latest_yearly": 3.24,
            "eps_growth_yearly": 432.84
        },
        "20164": {
            "year_quarter": 20164,
            "year": 2016,
            "quarter": 4,
            "eps": 0.48,
            "eps_growth_year": 42.66,
            "eps_4q": 1.37,
            "eps_4q_growth_year": -44.57,
            "roe": 1.74,
            "roe_4q": 5.159999999999999,
            "gross_profit": 465365,
            "gross_margin": 15.39,
            "gross_margin_4q_avg": 14.34,
            "net_income": 147059,
            "net_income_4q": null,
            "revenue": 3023579,
            "revenue_4q": null,
            "common_shares": 2825279,
            "book_valuer_per_share": 29.36,
            "book_valuer_per_share_4q_avg": 29.41,
            "equity": 8494801,
            "current_ratio": 169.74,
            "debt_ratio": 34.77,
            "inventory_turnover_ratio": 1.88,
            "account_receivable_turnover_ratio": 1.98,
            "reinvestment_rate": -32.88,
            "research_to_sale_ratio": 6.48,
            "price_fair": 56.35,
            "eps_avg_yearly": 1.61,
            "eps_latest_yearly": 1.92,
            "eps_growth_yearly": 430.37
        },
        "20171": {
            "year_quarter": 20171,
            "year": 2017,
            "quarter": 1,
            "eps": 0.06,
            "eps_growth_year": null,
            "eps_4q": 1.53,
            "eps_4q_growth_year": -21.06,
            "roe": 0.16,
            "roe_4q": 5.52,
            "gross_profit": 333814,
            "gross_margin": 11.98,
            "gross_margin_4q_avg": 14.3,
            "net_income": 13621,
            "net_income_4q": null,
            "revenue": 2785272,
            "revenue_4q": null,
            "common_shares": 2824584,
            "book_valuer_per_share": 29.11,
            "book_valuer_per_share_4q_avg": 29.17,
            "equity": 8408391,
            "current_ratio": 174.07,
            "debt_ratio": 32.58,
            "inventory_turnover_ratio": 1.77,
            "account_receivable_turnover_ratio": 1.59,
            "reinvestment_rate": -49.68,
            "research_to_sale_ratio": 6.11,
            "price_fair": 54.37,
            "eps_avg_yearly": 1.55,
            "eps_latest_yearly": 0.24,
            "eps_growth_yearly": 420.85
        },
        "20172": {
            "year_quarter": 20172,
            "year": 2017,
            "quarter": 2,
            "eps": 0.25,
            "eps_growth_year": 38.89,
            "eps_4q": 1.59,
            "eps_4q_growth_year": 10.07,
            "roe": 0.83,
            "roe_4q": 5.59,
            "gross_profit": 420918,
            "gross_margin": 13.63,
            "gross_margin_4q_avg": 14.3,
            "net_income": 69629,
            "net_income_4q": null,
            "revenue": 3087326,
            "revenue_4q": null,
            "common_shares": 2824123,
            "book_valuer_per_share": 28.89,
            "book_valuer_per_share_4q_avg": 29.12,
            "equity": 8348045,
            "current_ratio": 161.5,
            "debt_ratio": 36.24,
            "inventory_turnover_ratio": 2.06,
            "account_receivable_turnover_ratio": 1.74,
            "reinvestment_rate": -46.24,
            "research_to_sale_ratio": 5.95,
            "price_fair": 54.6,
            "eps_avg_yearly": 1.56,
            "eps_latest_yearly": 1,
            "eps_growth_yearly": 526.4
        },
        "20173": {
            "year_quarter": 20173,
            "year": 2017,
            "quarter": 3,
            "eps": 0.46,
            "eps_growth_year": -43.21,
            "eps_4q": 1.25,
            "eps_4q_growth_year": 2.35,
            "roe": 1.54,
            "roe_4q": 4.2700000000000005,
            "gross_profit": 370921,
            "gross_margin": 13.53,
            "gross_margin_4q_avg": 13.63,
            "net_income": 129757,
            "net_income_4q": null,
            "revenue": 2741271,
            "revenue_4q": null,
            "common_shares": 2823756,
            "book_valuer_per_share": 29.59,
            "book_valuer_per_share_4q_avg": 29.24,
            "equity": 8545681,
            "current_ratio": 168.09,
            "debt_ratio": 33.65,
            "inventory_turnover_ratio": 1.8,
            "account_receivable_turnover_ratio": 1.51,
            "reinvestment_rate": -25.11,
            "research_to_sale_ratio": 6.03,
            "price_fair": 55.77,
            "eps_avg_yearly": 1.59,
            "eps_latest_yearly": 1.84,
            "eps_growth_yearly": 535.56
        },
        "20174": {
            "year_quarter": 20174,
            "year": 2017,
            "quarter": 4,
            "eps": 0,
            "eps_growth_year": -99.44,
            "eps_4q": 0.77,
            "eps_4q_growth_year": -43.63,
            "roe": -0.08,
            "roe_4q": 2.45,
            "gross_profit": 290519,
            "gross_margin": 11.23,
            "gross_margin_4q_avg": 12.59,
            "net_income": -6609,
            "net_income_4q": null,
            "revenue": 2587731,
            "revenue_4q": null,
            "common_shares": 2823650,
            "book_valuer_per_share": 30.16,
            "book_valuer_per_share_4q_avg": 29.44,
            "equity": 8705943,
            "current_ratio": 170.75,
            "debt_ratio": 32.02,
            "inventory_turnover_ratio": 1.62,
            "account_receivable_turnover_ratio": 1.49,
            "reinvestment_rate": 5.13,
            "research_to_sale_ratio": 7.25,
            "price_fair": 57.53,
            "eps_avg_yearly": 1.64,
            "eps_latest_yearly": 1.84,
            "eps_growth_yearly": 594.35
        },
        "20181": {
            "year_quarter": 20181,
            "year": 2018,
            "quarter": 1,
            "eps": -0.44,
            "eps_growth_year": -833.33,
            "eps_4q": 0.27,
            "eps_4q_growth_year": -82.49,
            "roe": -1.42,
            "roe_4q": 0.87,
            "gross_profit": 192225,
            "gross_margin": 10.09,
            "gross_margin_4q_avg": 12.12,
            "net_income": -121416,
            "net_income_4q": null,
            "revenue": 1904479,
            "revenue_4q": null,
            "common_shares": 2823650,
            "book_valuer_per_share": 28.94,
            "book_valuer_per_share_4q_avg": 29.4,
            "equity": 8366890,
            "current_ratio": 179.14,
            "debt_ratio": 29.51,
            "inventory_turnover_ratio": 1.12,
            "account_receivable_turnover_ratio": 1.41,
            "reinvestment_rate": -68.21,
            "research_to_sale_ratio": 8.73,
            "price_fair": 57.53,
            "eps_avg_yearly": 1.64,
            "eps_latest_yearly": 1.84,
            "eps_growth_yearly": 594.35
        },
        "20182": {
            "year_quarter": 20182,
            "year": 2018,
            "quarter": 2,
            "eps": -0.29,
            "eps_growth_year": -216,
            "eps_4q": -0.27,
            "eps_4q_growth_year": -116.69,
            "roe": -0.82,
            "roe_4q": -0.7799999999999998,
            "gross_profit": 161127,
            "gross_margin": 7.92,
            "gross_margin_4q_avg": 10.69,
            "net_income": -67654,
            "net_income_4q": null,
            "revenue": 2034617,
            "revenue_4q": null,
            "common_shares": 2823650,
            "book_valuer_per_share": 28.07,
            "book_valuer_per_share_4q_avg": 29.19,
            "equity": 8133041,
            "current_ratio": 176.12,
            "debt_ratio": 30.44,
            "inventory_turnover_ratio": 1.25,
            "account_receivable_turnover_ratio": 1.83,
            "reinvestment_rate": -75.84,
            "research_to_sale_ratio": 8.3,
            "price_fair": 57.53,
            "eps_avg_yearly": 1.64,
            "eps_latest_yearly": 1.84,
            "eps_growth_yearly": 594.35
        },
        "20183": {
            "year_quarter": 20183,
            "year": 2018,
            "quarter": 3,
            "eps": -0.53,
            "eps_growth_year": -215.22,
            "eps_4q": -1.26,
            "eps_4q_growth_year": -200.65,
            "roe": -1.74,
            "roe_4q": -4.06,
            "gross_profit": 147455,
            "gross_margin": 8.16,
            "gross_margin_4q_avg": 9.35,
            "net_income": -137442,
            "net_income_4q": null,
            "revenue": 1807782,
            "revenue_4q": null,
            "common_shares": 2823650,
            "book_valuer_per_share": 26.28,
            "book_valuer_per_share_4q_avg": 28.36,
            "equity": 7634137,
            "current_ratio": 169.83,
            "debt_ratio": 31.05,
            "inventory_turnover_ratio": 1.18,
            "account_receivable_turnover_ratio": 1.55,
            "reinvestment_rate": -176.13,
            "research_to_sale_ratio": 10.98,
            "price_fair": 57.26,
            "eps_avg_yearly": 1.64,
            "eps_latest_yearly": 1.84,
            "eps_growth_yearly": 263.78
        },
        "20184": {
            "year_quarter": 20184,
            "year": 2018,
            "quarter": 4,
            "eps": -0.38,
            "eps_growth_year": -14162.44,
            "eps_4q": -1.64,
            "eps_4q_growth_year": -312.74,
            "roe": -1.31,
            "roe_4q": -5.289999999999999,
            "gross_profit": 145484,
            "gross_margin": 7.71,
            "gross_margin_4q_avg": 8.47,
            "net_income": -99013,
            "net_income_4q": null,
            "revenue": 1888150,
            "revenue_4q": null,
            "common_shares": 2823628,
            "book_valuer_per_share": 25.72,
            "book_valuer_per_share_4q_avg": 27.25,
            "equity": 7522779,
            "current_ratio": 168.22,
            "debt_ratio": 31.91,
            "inventory_turnover_ratio": 1.28,
            "account_receivable_turnover_ratio": 1.69,
            "reinvestment_rate": -168.38,
            "research_to_sale_ratio": 10.25,
            "price_fair": 58.8,
            "eps_avg_yearly": 1.68,
            "eps_latest_yearly": 1.84,
            "eps_growth_yearly": 305.5
        },
        "20191": {
            "year_quarter": 20191,
            "year": 2019,
            "quarter": 1,
            "eps": -0.34,
            "eps_growth_year": null,
            "eps_4q": -1.54,
            "eps_4q_growth_year": -674.7,
            "roe": -1.28,
            "roe_4q": -5.15,
            "gross_profit": 210387,
            "gross_margin": 10.82,
            "gross_margin_4q_avg": 8.65,
            "net_income": -97024,
            "net_income_4q": null,
            "revenue": 1944773,
            "revenue_4q": null,
            "common_shares": 2823628,
            "book_valuer_per_share": 26.08,
            "book_valuer_per_share_4q_avg": 26.54,
            "equity": 7628986,
            "current_ratio": 169.67,
            "debt_ratio": 31.44,
            "inventory_turnover_ratio": 1.45,
            "account_receivable_turnover_ratio": 1.51,
            "reinvestment_rate": -234.22,
            "research_to_sale_ratio": 7.91,
            "price_fair": 61.6,
            "eps_avg_yearly": 1.76,
            "eps_latest_yearly": 1.84,
            "eps_growth_yearly": 351.75
        },
        "20192": {
            "year_quarter": 20192,
            "year": 2019,
            "quarter": 2,
            "eps": -0.06,
            "eps_growth_year": null,
            "eps_4q": -1.31,
            "eps_4q_growth_year": null,
            "roe": -0.15,
            "roe_4q": -4.48,
            "gross_profit": 293797,
            "gross_margin": 14.12,
            "gross_margin_4q_avg": 10.2,
            "net_income": -11352,
            "net_income_4q": null,
            "revenue": 2080482,
            "revenue_4q": null,
            "common_shares": 2823628,
            "book_valuer_per_share": 25.42,
            "book_valuer_per_share_4q_avg": 25.88,
            "equity": 7433541,
            "current_ratio": 160.32,
            "debt_ratio": 33.52,
            "inventory_turnover_ratio": 1.8,
            "account_receivable_turnover_ratio": 1.36,
            "reinvestment_rate": -246.08,
            "research_to_sale_ratio": 7.76,
            "price_fair": 62.4,
            "eps_avg_yearly": 1.78,
            "eps_latest_yearly": 1.84,
            "eps_growth_yearly": 371.23
        },
        "20193": {
            "year_quarter": 20193,
            "year": 2019,
            "quarter": 3,
            "eps": -0.24,
            "eps_growth_year": null,
            "eps_4q": -1.02,
            "eps_4q_growth_year": null,
            "roe": -0.93,
            "roe_4q": -3.6700000000000004,
            "gross_profit": 140932,
            "gross_margin": 10.44,
            "gross_margin_4q_avg": 10.77,
            "net_income": -67427,
            "net_income_4q": null,
            "revenue": 1350539,
            "revenue_4q": null,
            "common_shares": 2823628,
            "book_valuer_per_share": 24.17,
            "book_valuer_per_share_4q_avg": 25.35,
            "equity": 7081129,
            "current_ratio": 156.6,
            "debt_ratio": 33.3,
            "inventory_turnover_ratio": 1.52,
            "account_receivable_turnover_ratio": 1.01,
            "reinvestment_rate": -1715.04,
            "research_to_sale_ratio": 11.98,
            "price_fair": 56,
            "eps_avg_yearly": 1.6,
            "eps_latest_yearly": 1.84,
            "eps_growth_yearly": 379.77
        },
        "20194": {
            "year_quarter": 20194,
            "year": 2019,
            "quarter": 4,
            "eps": -0.77,
            "eps_growth_year": null,
            "eps_4q": -1.41,
            "eps_4q_growth_year": null,
            "roe": -2.94,
            "roe_4q": -5.300000000000001,
            "gross_profit": 233277,
            "gross_margin": 19.19,
            "gross_margin_4q_avg": 13.64,
            "net_income": -203459,
            "net_income_4q": null,
            "revenue": 1215367,
            "revenue_4q": null,
            "common_shares": 2823628,
            "book_valuer_per_share": 23,
            "book_valuer_per_share_4q_avg": 24.67,
            "equity": 6758701,
            "current_ratio": 152.59,
            "debt_ratio": 33.42,
            "inventory_turnover_ratio": 1.55,
            "account_receivable_turnover_ratio": 1.45,
            "reinvestment_rate": null,
            "research_to_sale_ratio": 14.98,
            "price_fair": 57.68,
            "eps_avg_yearly": 1.65,
            "eps_latest_yearly": 1.84,
            "eps_growth_yearly": 497.94
        },
        "20201": {
            "year_quarter": 20201,
            "year": 2020,
            "quarter": 1,
            "eps": -0.68,
            "eps_growth_year": null,
            "eps_4q": -1.75,
            "eps_4q_growth_year": null,
            "roe": -3.03,
            "roe_4q": -7.05,
            "gross_profit": 72838,
            "gross_margin": 9.9,
            "gross_margin_4q_avg": 13.41,
            "net_income": -196325,
            "net_income_4q": null,
            "revenue": 735753,
            "revenue_4q": null,
            "common_shares": 2823628,
            "book_valuer_per_share": 21.01,
            "book_valuer_per_share_4q_avg": 23.4,
            "equity": 6192265,
            "current_ratio": 145.72,
            "debt_ratio": 34.63,
            "inventory_turnover_ratio": 1.1,
            "account_receivable_turnover_ratio": 1.28,
            "reinvestment_rate": null,
            "research_to_sale_ratio": 19.3,
            "price_fair": 57.68,
            "eps_avg_yearly": 1.65,
            "eps_latest_yearly": 1.84,
            "eps_growth_yearly": 497.94
        },
        "20202": {
            "year_quarter": 20202,
            "year": 2020,
            "quarter": 2,
            "eps": -0.42,
            "eps_growth_year": null,
            "eps_4q": -2.11,
            "eps_4q_growth_year": null,
            "roe": -1.85,
            "roe_4q": -8.75,
            "gross_profit": 118915,
            "gross_margin": 15.66,
            "gross_margin_4q_avg": 13.8,
            "net_income": -113704,
            "net_income_4q": null,
            "revenue": 759392,
            "revenue_4q": null,
            "common_shares": 2823628,
            "book_valuer_per_share": 20.72,
            "book_valuer_per_share_4q_avg": 22.23,
            "equity": 6103802,
            "current_ratio": 138.65,
            "debt_ratio": 35.41,
            "inventory_turnover_ratio": 1.14,
            "account_receivable_turnover_ratio": 1.49,
            "reinvestment_rate": null,
            "research_to_sale_ratio": 18.26,
            "price_fair": 57.68,
            "eps_avg_yearly": 1.65,
            "eps_latest_yearly": 1.84,
            "eps_growth_yearly": 497.94
        },
        "20203": {
            "year_quarter": 20203,
            "year": 2020,
            "quarter": 3,
            "eps": -0.33,
            "eps_growth_year": null,
            "eps_4q": -2.19,
            "eps_4q_growth_year": null,
            "roe": -1.36,
            "roe_4q": -9.18,
            "gross_profit": 216774,
            "gross_margin": 21.82,
            "gross_margin_4q_avg": 16.64,
            "net_income": -82102,
            "net_income_4q": null,
            "revenue": 993561,
            "revenue_4q": null,
            "common_shares": 2823628,
            "book_valuer_per_share": 20.17,
            "book_valuer_per_share_4q_avg": 21.23,
            "equity": 5960061,
            "current_ratio": 136.33,
            "debt_ratio": 36.1,
            "inventory_turnover_ratio": 1.49,
            "account_receivable_turnover_ratio": 1.78,
            "reinvestment_rate": null,
            "research_to_sale_ratio": 20.5,
            "price_fair": 43.75,
            "eps_avg_yearly": 1.25,
            "eps_latest_yearly": 1.84,
            "eps_growth_yearly": 272.43
        },
        "20204": {
            "year_quarter": 20204,
            "year": 2020,
            "quarter": 4,
            "eps": -0.21,
            "eps_growth_year": null,
            "eps_4q": -1.63,
            "eps_4q_growth_year": null,
            "roe": -0.89,
            "roe_4q": -7.129999999999999,
            "gross_profit": 178376,
            "gross_margin": 18.71,
            "gross_margin_4q_avg": 16.52,
            "net_income": -52771,
            "net_income_4q": null,
            "revenue": 953311,
            "revenue_4q": null,
            "common_shares": 2823628,
            "book_valuer_per_share": 19.9,
            "book_valuer_per_share_4q_avg": 20.45,
            "equity": 5896458,
            "current_ratio": 132.36,
            "debt_ratio": 35.42,
            "inventory_turnover_ratio": 1.53,
            "account_receivable_turnover_ratio": 1.65,
            "reinvestment_rate": null,
            "research_to_sale_ratio": 16.03,
            "price_fair": 35.93,
            "eps_avg_yearly": 1.03,
            "eps_latest_yearly": 1.84,
            "eps_growth_yearly": 417.56
        },
        "20211": {
            "year_quarter": 20211,
            "year": 2021,
            "quarter": 1,
            "eps": -0.43,
            "eps_growth_year": null,
            "eps_4q": -1.38,
            "eps_4q_growth_year": null,
            "roe": -1.94,
            "roe_4q": -6.040000000000001,
            "gross_profit": 149246,
            "gross_margin": 24.24,
            "gross_margin_4q_avg": 20.11,
            "net_income": -113923,
            "net_income_4q": null,
            "revenue": 615759,
            "revenue_4q": null,
            "common_shares": 2823628,
            "book_valuer_per_share": 19.7,
            "book_valuer_per_share_4q_avg": 20.12,
            "equity": 5844779,
            "current_ratio": 149.67,
            "debt_ratio": 34.49,
            "inventory_turnover_ratio": 0.86,
            "account_receivable_turnover_ratio": 1.25,
            "reinvestment_rate": null,
            "research_to_sale_ratio": 23.6,
            "price_fair": 49.7,
            "eps_avg_yearly": 1.42,
            "eps_latest_yearly": 1.84,
            "eps_growth_yearly": 801.33
        },
        "20212": {
            "year_quarter": 20212,
            "year": 2021,
            "quarter": 2,
            "eps": 2.8,
            "eps_growth_year": null,
            "eps_4q": 1.84,
            "eps_4q_growth_year": null,
            "roe": 12.85,
            "roe_4q": 8.66,
            "gross_profit": 130636,
            "gross_margin": 18.66,
            "gross_margin_4q_avg": 20.86,
            "net_income": 799875,
            "net_income_4q": null,
            "revenue": 700088,
            "revenue_4q": null,
            "common_shares": 2823628,
            "book_valuer_per_share": 22.41,
            "book_valuer_per_share_4q_avg": 20.55,
            "equity": 6607002,
            "current_ratio": 170.91,
            "debt_ratio": 33.64,
            "inventory_turnover_ratio": 0.85,
            "account_receivable_turnover_ratio": 1.6,
            "reinvestment_rate": null,
            "research_to_sale_ratio": 26.99,
            "price_fair": 64.4,
            "eps_avg_yearly": 1.84,
            "eps_latest_yearly": 1.84,
            "eps_growth_yearly": 336
        },
        "20213": {
            "year_quarter": 20213,
            "year": 2021,
            "quarter": 3,
            "eps": 0.09,
            "eps_growth_year": null,
            "eps_4q": 2.21,
            "eps_4q_growth_year": null,
            "roe": 0.6,
            "roe_4q": 10.62,
            "gross_profit": 296043,
            "gross_margin": 28.06,
            "gross_margin_4q_avg": 22.42,
            "net_income": 38835,
            "net_income_4q": null,
            "revenue": 1054847,
            "revenue_4q": null,
            "common_shares": 2877213,
            "book_valuer_per_share": 21.21,
            "book_valuer_per_share_4q_avg": 20.81,
            "equity": 6394824,
            "current_ratio": 191.44,
            "debt_ratio": 27.63,
            "inventory_turnover_ratio": 0.93,
            "account_receivable_turnover_ratio": 1.83,
            "reinvestment_rate": null,
            "research_to_sale_ratio": 14.06,
            "price_fair": 1.08,
            "eps_avg_yearly": 0.36,
            "eps_latest_yearly": 0.36,
            "eps_growth_yearly": -387.14
        },
        "20214": {
            "year_quarter": 20214,
            "year": 2021,
            "quarter": 4,
            "eps": -0.04,
            "eps_growth_year": null,
            "eps_4q": 2.38,
            "eps_4q_growth_year": null,
            "roe": -0.07,
            "roe_4q": 11.44,
            "gross_profit": 299943,
            "gross_margin": 24.9,
            "gross_margin_4q_avg": 23.97,
            "net_income": -4275,
            "net_income_4q": null,
            "revenue": 1204675,
            "revenue_4q": null,
            "common_shares": 2877213,
            "book_valuer_per_share": 21.95,
            "book_valuer_per_share_4q_avg": 21.32,
            "equity": 6616653,
            "current_ratio": 200.87,
            "debt_ratio": 26.2,
            "inventory_turnover_ratio": 0.97,
            "account_receivable_turnover_ratio": 1.56,
            "reinvestment_rate": null,
            "research_to_sale_ratio": 12.54,
            "price_fair": 1.08,
            "eps_avg_yearly": 0.36,
            "eps_latest_yearly": 0.36,
            "eps_growth_yearly": -387.14
        },
        "20221": {
            "year_quarter": 20221,
            "year": 2022,
            "quarter": 1,
            "eps": -0.08,
            "eps_growth_year": null,
            "eps_4q": 2.72,
            "eps_4q_growth_year": null,
            "roe": -0.19,
            "roe_4q": 13.19,
            "gross_profit": 250668,
            "gross_margin": 24.03,
            "gross_margin_4q_avg": 23.91,
            "net_income": -12739,
            "net_income_4q": null,
            "revenue": 1042978,
            "revenue_4q": null,
            "common_shares": 2877213,
            "book_valuer_per_share": 22.48,
            "book_valuer_per_share_4q_avg": 22.01,
            "equity": 6787831,
            "current_ratio": 222.38,
            "debt_ratio": 24.03,
            "inventory_turnover_ratio": 0.75,
            "account_receivable_turnover_ratio": 1.44,
            "reinvestment_rate": null,
            "research_to_sale_ratio": 14.1,
            "price_fair": 1.08,
            "eps_avg_yearly": 0.36,
            "eps_latest_yearly": 0.36,
            "eps_growth_yearly": -387.14
        },
        "20222": {
            "year_quarter": 20222,
            "year": 2022,
            "quarter": 2,
            "eps": 0.11,
            "eps_growth_year": -96.07,
            "eps_4q": 0.08,
            "eps_4q_growth_year": -95.59,
            "roe": 0.66,
            "roe_4q": 1,
            "gross_profit": 303121,
            "gross_margin": 20.64,
            "gross_margin_4q_avg": 24.41,
            "net_income": 43705,
            "net_income_4q": null,
            "revenue": 1468766,
            "revenue_4q": null,
            "common_shares": 2875823,
            "book_valuer_per_share": 21.39,
            "book_valuer_per_share_4q_avg": 21.76,
            "equity": 6492747,
            "current_ratio": 196.76,
            "debt_ratio": 28.12,
            "inventory_turnover_ratio": 1.08,
            "account_receivable_turnover_ratio": 1.79,
            "reinvestment_rate": null,
            "research_to_sale_ratio": 10.15,
            "price_fair": 1.08,
            "eps_avg_yearly": 0.36,
            "eps_latest_yearly": 0.36,
            "eps_growth_yearly": -387.14
        },
        "20223": {
            "year_quarter": 20223,
            "year": 2022,
            "quarter": 3,
            "eps": 0.6,
            "eps_growth_year": 566.67,
            "eps_4q": 0.59,
            "eps_4q_growth_year": -73.41,
            "roe": 2.87,
            "roe_4q": 3.2700000000000005,
            "gross_profit": 333626,
            "gross_margin": 22.48,
            "gross_margin_4q_avg": 23.01,
            "net_income": 189711,
            "net_income_4q": null,
            "revenue": 1483869,
            "revenue_4q": null,
            "common_shares": 2875823,
            "book_valuer_per_share": 22.13,
            "book_valuer_per_share_4q_avg": 21.99,
            "equity": 6728286,
            "current_ratio": 218.2,
            "debt_ratio": 25.11,
            "inventory_turnover_ratio": 1.17,
            "account_receivable_turnover_ratio": 1.42,
            "reinvestment_rate": null,
            "research_to_sale_ratio": 10.07,
            "price_fair": 48.3,
            "eps_avg_yearly": 1.38,
            "eps_latest_yearly": 2.4,
            "eps_growth_yearly": 697.34
        },
        "20224": {
            "year_quarter": 20224,
            "year": 2022,
            "quarter": 4,
            "eps": -0.15,
            "eps_growth_year": null,
            "eps_4q": 0.47,
            "eps_4q_growth_year": -80.2,
            "roe": -0.71,
            "roe_4q": 2.6300000000000003,
            "gross_profit": 285818,
            "gross_margin": 22.15,
            "gross_margin_4q_avg": 22.33,
            "net_income": -47502,
            "net_income_4q": null,
            "revenue": 1290344,
            "revenue_4q": null,
            "common_shares": 2875823,
            "book_valuer_per_share": 21.69,
            "book_valuer_per_share_4q_avg": 21.92,
            "equity": 6593882,
            "current_ratio": 219.35,
            "debt_ratio": 25.02,
            "inventory_turnover_ratio": 1.14,
            "account_receivable_turnover_ratio": 1.37,
            "reinvestment_rate": null,
            "research_to_sale_ratio": 11.49,
            "price_fair": 48.3,
            "eps_avg_yearly": 1.38,
            "eps_latest_yearly": 2.4,
            "eps_growth_yearly": 697.34
        },
        "20231": {
            "year_quarter": 20231,
            "year": 2023,
            "quarter": 1,
            "eps": -0.23,
            "eps_growth_year": null,
            "eps_4q": 0.31,
            "eps_4q_growth_year": -88.44,
            "roe": -1.12,
            "roe_4q": 1.7000000000000002,
            "gross_profit": 199157,
            "gross_margin": 21.44,
            "gross_margin_4q_avg": 21.68,
            "net_income": -74051,
            "net_income_4q": null,
            "revenue": 928892,
            "revenue_4q": null,
            "common_shares": 2875463,
            "book_valuer_per_share": 21.68,
            "book_valuer_per_share_4q_avg": 21.72,
            "equity": 6585546,
            "current_ratio": 231.68,
            "debt_ratio": 22.75,
            "inventory_turnover_ratio": 0.88,
            "account_receivable_turnover_ratio": 1.3,
            "reinvestment_rate": null,
            "research_to_sale_ratio": 15.37,
            "price_fair": 48.3,
            "eps_avg_yearly": 1.38,
            "eps_latest_yearly": 2.4,
            "eps_growth_yearly": 697.34
        },
        "20232": {
            "year_quarter": 20232,
            "year": 2023,
            "quarter": 2,
            "eps": 0.21,
            "eps_growth_year": 90.91,
            "eps_4q": 0.41,
            "eps_4q_growth_year": 411.03,
            "roe": 0.77,
            "roe_4q": 1.81,
            "gross_profit": 262282,
            "gross_margin": 23.86,
            "gross_margin_4q_avg": 22.48,
            "net_income": 50009,
            "net_income_4q": null,
            "revenue": 1099486,
            "revenue_4q": null,
            "common_shares": 2875463,
            "book_valuer_per_share": 21.36,
            "book_valuer_per_share_4q_avg": 21.72,
            "equity": 6468277,
            "current_ratio": 206.91,
            "debt_ratio": 26.23,
            "inventory_turnover_ratio": 1.02,
            "account_receivable_turnover_ratio": 1.61,
            "reinvestment_rate": -506.26,
            "research_to_sale_ratio": 13.87,
            "price_fair": 48.3,
            "eps_avg_yearly": 1.38,
            "eps_latest_yearly": 2.4,
            "eps_growth_yearly": 697.34
        }
    },
    "months": {
        "2001-06": {
            "month": "2001-06",
            "price": "23.22",
            "revenue": 201902
        },
        "2001-07": {
            "month": "2001-07",
            "price": "22.14",
            "revenue": 213313
        },
        "2001-08": {
            "month": "2001-08",
            "price": "22.00",
            "revenue": 210894
        },
        "2001-09": {
            "month": "2001-09",
            "price": "20.26",
            "revenue": 157243
        },
        "2001-10": {
            "month": "2001-10",
            "price": "18.09",
            "revenue": 169072
        },
        "2001-11": {
            "month": "2001-11",
            "price": "19.03",
            "revenue": 185709
        },
        "2001-12": {
            "month": "2001-12",
            "price": "23.58",
            "revenue": 207173
        },
        "2002-01": {
            "month": "2002-01",
            "price": "30.31",
            "revenue": 215674
        },
        "2002-02": {
            "month": "2002-02",
            "price": "31.32",
            "revenue": 132888
        },
        "2002-03": {
            "month": "2002-03",
            "price": "38.54",
            "revenue": 217618
        },
        "2002-04": {
            "month": "2002-04",
            "price": "35.20",
            "revenue": 245467
        },
        "2002-05": {
            "month": "2002-05",
            "price": "28.79",
            "revenue": 251302
        },
        "2002-06": {
            "month": "2002-06",
            "price": "30.02",
            "revenue": 229017
        },
        "2002-07": {
            "month": "2002-07",
            "price": "26.34",
            "revenue": 188493
        },
        "2002-08": {
            "month": "2002-08",
            "price": "27.30",
            "revenue": 178349
        },
        "2002-09": {
            "month": "2002-09",
            "price": "27.01",
            "revenue": 138201
        },
        "2002-10": {
            "month": "2002-10",
            "price": "26.36",
            "revenue": 194871
        },
        "2002-11": {
            "month": "2002-11",
            "price": "25.90",
            "revenue": 182977
        },
        "2002-12": {
            "month": "2002-12",
            "price": "27.79",
            "revenue": 285500
        },
        "2003-01": {
            "month": "2003-01",
            "price": "31.05",
            "revenue": 461159
        },
        "2003-02": {
            "month": "2003-02",
            "price": "29.54",
            "revenue": 314224
        },
        "2003-03": {
            "month": "2003-03",
            "price": "25.52",
            "revenue": 566817
        },
        "2003-04": {
            "month": "2003-04",
            "price": "26.85",
            "revenue": 493175
        },
        "2003-05": {
            "month": "2003-05",
            "price": "28.33",
            "revenue": 543035
        },
        "2003-06": {
            "month": "2003-06",
            "price": "31.63",
            "revenue": 614244
        },
        "2003-07": {
            "month": "2003-07",
            "price": "35.23",
            "revenue": 897722
        },
        "2003-08": {
            "month": "2003-08",
            "price": "35.52",
            "revenue": 1048301
        },
        "2003-09": {
            "month": "2003-09",
            "price": "35.49",
            "revenue": 1079325
        },
        "2003-10": {
            "month": "2003-10",
            "price": "33.22",
            "revenue": 1143637
        },
        "2003-11": {
            "month": "2003-11",
            "price": "30.98",
            "revenue": 1126110
        },
        "2003-12": {
            "month": "2003-12",
            "price": "31.19",
            "revenue": 704822
        },
        "2004-01": {
            "month": "2004-01",
            "price": "32.65",
            "revenue": 810134
        },
        "2004-02": {
            "month": "2004-02",
            "price": "32.20",
            "revenue": 1235855
        },
        "2004-03": {
            "month": "2004-03",
            "price": "30.72",
            "revenue": 1476473
        },
        "2004-04": {
            "month": "2004-04",
            "price": "31.19",
            "revenue": 1503360
        },
        "2004-05": {
            "month": "2004-05",
            "price": "27.66",
            "revenue": 1329681
        },
        "2004-06": {
            "month": "2004-06",
            "price": "24.64",
            "revenue": 1301072
        },
        "2004-07": {
            "month": "2004-07",
            "price": "20.53",
            "revenue": 852254
        },
        "2004-08": {
            "month": "2004-08",
            "price": "18.62",
            "revenue": 1100303
        },
        "2004-09": {
            "month": "2004-09",
            "price": "18.62",
            "revenue": 1601679
        },
        "2004-10": {
            "month": "2004-10",
            "price": "17.74",
            "revenue": 1569769
        },
        "2004-11": {
            "month": "2004-11",
            "price": "16.78",
            "revenue": 1239024
        },
        "2004-12": {
            "month": "2004-12",
            "price": "16.36",
            "revenue": 1188897
        },
        "2005-01": {
            "month": "2005-01",
            "price": "15.69",
            "revenue": 1026221
        },
        "2005-02": {
            "month": "2005-02",
            "price": "16.15",
            "revenue": 796593
        },
        "2005-03": {
            "month": "2005-03",
            "price": "16.37",
            "revenue": 1674316
        },
        "2005-04": {
            "month": "2005-04",
            "price": "15.30",
            "revenue": 1144662
        },
        "2005-05": {
            "month": "2005-05",
            "price": "14.41",
            "revenue": 1305866
        },
        "2005-06": {
            "month": "2005-06",
            "price": "17.07",
            "revenue": 1561783
        },
        "2005-07": {
            "month": "2005-07",
            "price": "19.92",
            "revenue": 1279295
        },
        "2005-08": {
            "month": "2005-08",
            "price": "18.89",
            "revenue": 2210023
        },
        "2005-09": {
            "month": "2005-09",
            "price": "22.95",
            "revenue": 2496123
        },
        "2005-10": {
            "month": "2005-10",
            "price": "26.11",
            "revenue": 2442489
        },
        "2005-11": {
            "month": "2005-11",
            "price": "25.56",
            "revenue": 2755399
        },
        "2005-12": {
            "month": "2005-12",
            "price": "30.10",
            "revenue": 2027952
        },
        "2006-01": {
            "month": "2006-01",
            "price": "32.90",
            "revenue": 2024040
        },
        "2006-02": {
            "month": "2006-02",
            "price": "32.81",
            "revenue": 1962142
        },
        "2006-03": {
            "month": "2006-03",
            "price": "30.48",
            "revenue": 2340972
        },
        "2006-04": {
            "month": "2006-04",
            "price": "32.03",
            "revenue": 2232416
        },
        "2006-05": {
            "month": "2006-05",
            "price": "28.59",
            "revenue": 2129991
        },
        "2006-06": {
            "month": "2006-06",
            "price": "23.28",
            "revenue": 1832447
        },
        "2006-07": {
            "month": "2006-07",
            "price": "21.90",
            "revenue": 1373570
        },
        "2006-08": {
            "month": "2006-08",
            "price": "20.97",
            "revenue": 1755724
        },
        "2006-09": {
            "month": "2006-09",
            "price": "21.17",
            "revenue": 2648722
        },
        "2006-10": {
            "month": "2006-10",
            "price": "22.57",
            "revenue": 2559280
        },
        "2006-11": {
            "month": "2006-11",
            "price": "23.64",
            "revenue": 2411929
        },
        "2006-12": {
            "month": "2006-12",
            "price": "24.13",
            "revenue": 1523861
        },
        "2007-01": {
            "month": "2007-01",
            "price": "25.64",
            "revenue": 1404620
        },
        "2007-02": {
            "month": "2007-02",
            "price": "26.74",
            "revenue": 2524733
        },
        "2007-03": {
            "month": "2007-03",
            "price": "34.23",
            "revenue": 3168459
        },
        "2007-04": {
            "month": "2007-04",
            "price": "39.04",
            "revenue": 3317538
        },
        "2007-05": {
            "month": "2007-05",
            "price": "43.02",
            "revenue": 3295223
        },
        "2007-06": {
            "month": "2007-06",
            "price": "54.32",
            "revenue": 2333400
        },
        "2007-07": {
            "month": "2007-07",
            "price": "58.70",
            "revenue": 1998093
        },
        "2007-08": {
            "month": "2007-08",
            "price": "58.10",
            "revenue": 3077123
        },
        "2007-09": {
            "month": "2007-09",
            "price": "65.52",
            "revenue": 3634380
        },
        "2007-10": {
            "month": "2007-10",
            "price": "67.12",
            "revenue": 4277497
        },
        "2007-11": {
            "month": "2007-11",
            "price": "56.92",
            "revenue": 3454987
        },
        "2007-12": {
            "month": "2007-12",
            "price": "52.62",
            "revenue": 1801638
        },
        "2008-01": {
            "month": "2008-01",
            "price": "48.05",
            "revenue": 1440351
        },
        "2008-02": {
            "month": "2008-02",
            "price": "43.49",
            "revenue": 2063881
        },
        "2008-03": {
            "month": "2008-03",
            "price": "42.50",
            "revenue": 3926226
        },
        "2008-04": {
            "month": "2008-04",
            "price": "43.81",
            "revenue": 2888379
        },
        "2008-05": {
            "month": "2008-05",
            "price": "43.81",
            "revenue": 2544453
        },
        "2008-06": {
            "month": "2008-06",
            "price": "37.85",
            "revenue": 2250244
        },
        "2008-07": {
            "month": "2008-07",
            "price": "32.47",
            "revenue": 2196814
        },
        "2008-08": {
            "month": "2008-08",
            "price": "35.52",
            "revenue": 3128668
        },
        "2008-09": {
            "month": "2008-09",
            "price": "27.19",
            "revenue": 4205314
        },
        "2008-10": {
            "month": "2008-10",
            "price": "23.89",
            "revenue": 3942249
        },
        "2008-11": {
            "month": "2008-11",
            "price": "21.47",
            "revenue": 2836099
        },
        "2008-12": {
            "month": "2008-12",
            "price": "20.23",
            "revenue": 1804127
        },
        "2009-01": {
            "month": "2009-01",
            "price": "21.72",
            "revenue": 1085601
        },
        "2009-02": {
            "month": "2009-02",
            "price": "22.84",
            "revenue": 1712586
        },
        "2009-03": {
            "month": "2009-03",
            "price": "26.18",
            "revenue": 2339034
        },
        "2009-04": {
            "month": "2009-04",
            "price": "30.12",
            "revenue": 2713740
        },
        "2009-05": {
            "month": "2009-05",
            "price": "35.79",
            "revenue": 2504521
        },
        "2009-06": {
            "month": "2009-06",
            "price": "37.30",
            "revenue": 2277511
        },
        "2009-07": {
            "month": "2009-07",
            "price": "48.08",
            "revenue": 2692438
        },
        "2009-08": {
            "month": "2009-08",
            "price": "56.75",
            "revenue": 3515783
        },
        "2009-09": {
            "month": "2009-09",
            "price": "61.40",
            "revenue": 4961672
        },
        "2009-10": {
            "month": "2009-10",
            "price": "61.31",
            "revenue": 5129763
        },
        "2009-11": {
            "month": "2009-11",
            "price": "60.81",
            "revenue": 5133705
        },
        "2009-12": {
            "month": "2009-12",
            "price": "60.00",
            "revenue": 2459268
        },
        "2010-01": {
            "month": "2010-01",
            "price": "61.54",
            "revenue": 2648851
        },
        "2010-02": {
            "month": "2010-02",
            "price": "53.46",
            "revenue": 2899269
        },
        "2010-03": {
            "month": "2010-03",
            "price": "52.98",
            "revenue": 5672426
        },
        "2010-04": {
            "month": "2010-04",
            "price": "53.48",
            "revenue": 4801054
        },
        "2010-05": {
            "month": "2010-05",
            "price": "50.84",
            "revenue": 4510582
        },
        "2010-06": {
            "month": "2010-06",
            "price": "48.54",
            "revenue": 4518076
        },
        "2010-07": {
            "month": "2010-07",
            "price": "51.30",
            "revenue": 3970440
        },
        "2010-08": {
            "month": "2010-08",
            "price": "50.62",
            "revenue": 4199281
        },
        "2010-09": {
            "month": "2010-09",
            "price": "51.44",
            "revenue": 5695086
        },
        "2010-10": {
            "month": "2010-10",
            "price": "51.09",
            "revenue": 4940193
        },
        "2010-11": {
            "month": "2010-11",
            "price": "49.42",
            "revenue": 4883118
        },
        "2010-12": {
            "month": "2010-12",
            "price": "51.07",
            "revenue": 3014714
        },
        "2011-01": {
            "month": "2011-01",
            "price": "50.03",
            "revenue": 2728828
        },
        "2011-02": {
            "month": "2011-02",
            "price": "46.78",
            "revenue": 2782448
        },
        "2011-03": {
            "month": "2011-03",
            "price": "44.47",
            "revenue": 5113053
        },
        "2011-04": {
            "month": "2011-04",
            "price": "44.08",
            "revenue": 3355236
        },
        "2011-05": {
            "month": "2011-05",
            "price": "37.73",
            "revenue": 3968323
        },
        "2011-06": {
            "month": "2011-06",
            "price": "38.51",
            "revenue": 3339282
        },
        "2011-07": {
            "month": "2011-07",
            "price": "38.77",
            "revenue": 3203887
        },
        "2011-08": {
            "month": "2011-08",
            "price": "34.51",
            "revenue": 4671160
        },
        "2011-09": {
            "month": "2011-09",
            "price": "28.56",
            "revenue": 5205323
        },
        "2011-10": {
            "month": "2011-10",
            "price": "26.93",
            "revenue": 5861387
        },
        "2011-11": {
            "month": "2011-11",
            "price": "26.92",
            "revenue": 4857636
        },
        "2011-12": {
            "month": "2011-12",
            "price": "26.26",
            "revenue": 2111382
        },
        "2012-01": {
            "month": "2012-01",
            "price": "26.48",
            "revenue": 1836960
        },
        "2012-02": {
            "month": "2012-02",
            "price": "30.10",
            "revenue": 3890673
        },
        "2012-03": {
            "month": "2012-03",
            "price": "30.24",
            "revenue": 4317320
        },
        "2012-04": {
            "month": "2012-04",
            "price": "27.35",
            "revenue": 4183266
        },
        "2012-05": {
            "month": "2012-05",
            "price": "28.08",
            "revenue": 4209287
        },
        "2012-06": {
            "month": "2012-06",
            "price": "26.78",
            "revenue": 3386496
        },
        "2012-07": {
            "month": "2012-07",
            "price": "27.56",
            "revenue": 3274397
        },
        "2012-08": {
            "month": "2012-08",
            "price": "28.27",
            "revenue": 3819146
        },
        "2012-09": {
            "month": "2012-09",
            "price": "27.96",
            "revenue": 4258769
        },
        "2012-10": {
            "month": "2012-10",
            "price": "26.13",
            "revenue": 4500699
        },
        "2012-11": {
            "month": "2012-11",
            "price": "26.67",
            "revenue": 4011865
        },
        "2012-12": {
            "month": "2012-12",
            "price": "27.51",
            "revenue": 1731702
        },
        "2013-01": {
            "month": "2013-01",
            "price": "27.71",
            "revenue": 3158877
        },
        "2013-02": {
            "month": "2013-02",
            "price": "27.92",
            "revenue": 1935509
        },
        "2013-03": {
            "month": "2013-03",
            "price": "27.38",
            "revenue": 1978123
        },
        "2013-04": {
            "month": "2013-04",
            "price": "26.72",
            "revenue": 3022669
        },
        "2013-05": {
            "month": "2013-05",
            "price": "26.55",
            "revenue": 1959473
        },
        "2013-06": {
            "month": "2013-06",
            "price": "26.30",
            "revenue": 1625218
        },
        "2013-07": {
            "month": "2013-07",
            "price": "26.39",
            "revenue": 2225760
        },
        "2013-08": {
            "month": "2013-08",
            "price": "22.82",
            "revenue": 2013210
        },
        "2013-09": {
            "month": "2013-09",
            "price": "22.24",
            "revenue": 2210175
        },
        "2013-10": {
            "month": "2013-10",
            "price": "22.06",
            "revenue": 2715382
        },
        "2013-11": {
            "month": "2013-11",
            "price": "20.34",
            "revenue": 2328176
        },
        "2013-12": {
            "month": "2013-12",
            "price": "19.16",
            "revenue": 1538466
        },
        "2014-01": {
            "month": "2014-01",
            "price": "19.28",
            "revenue": 1825711
        },
        "2014-02": {
            "month": "2014-02",
            "price": "18.99",
            "revenue": 1328874
        },
        "2014-03": {
            "month": "2014-03",
            "price": "19.42",
            "revenue": 1976884
        },
        "2014-04": {
            "month": "2014-04",
            "price": "19.52",
            "revenue": 2400593
        },
        "2014-05": {
            "month": "2014-05",
            "price": "20.95",
            "revenue": 2243705
        },
        "2014-06": {
            "month": "2014-06",
            "price": "21.56",
            "revenue": 2051246
        },
        "2014-07": {
            "month": "2014-07",
            "price": "22.32",
            "revenue": 1969679
        },
        "2014-08": {
            "month": "2014-08",
            "price": "20.87",
            "revenue": 1856499
        },
        "2014-09": {
            "month": "2014-09",
            "price": "18.53",
            "revenue": 2149928
        },
        "2014-10": {
            "month": "2014-10",
            "price": "15.78",
            "revenue": 2544230
        },
        "2014-11": {
            "month": "2014-11",
            "price": "15.48",
            "revenue": 2431077
        },
        "2014-12": {
            "month": "2014-12",
            "price": "16.65",
            "revenue": 1402866
        },
        "2015-01": {
            "month": "2015-01",
            "price": "17.68",
            "revenue": 1640850
        },
        "2015-02": {
            "month": "2015-02",
            "price": "18.91",
            "revenue": 1316762
        },
        "2015-03": {
            "month": "2015-03",
            "price": "18.16",
            "revenue": 1673622
        },
        "2015-04": {
            "month": "2015-04",
            "price": "17.29",
            "revenue": 1896178
        },
        "2015-05": {
            "month": "2015-05",
            "price": "18.36",
            "revenue": 1604149
        },
        "2015-06": {
            "month": "2015-06",
            "price": "17.06",
            "revenue": 1437247
        },
        "2015-07": {
            "month": "2015-07",
            "price": "15.40",
            "revenue": 1579959
        },
        "2015-08": {
            "month": "2015-08",
            "price": "14.40",
            "revenue": 1593937
        },
        "2015-09": {
            "month": "2015-09",
            "price": "15.60",
            "revenue": 1802144
        },
        "2015-10": {
            "month": "2015-10",
            "price": "17.24",
            "revenue": 2017196
        },
        "2015-11": {
            "month": "2015-11",
            "price": "22.02",
            "revenue": 1624179
        },
        "2015-12": {
            "month": "2015-12",
            "price": "23.70",
            "revenue": 1051551
        },
        "2016-01": {
            "month": "2016-01",
            "price": "20.06",
            "revenue": 1083130
        },
        "2016-02": {
            "month": "2016-02",
            "price": "20.59",
            "revenue": 734998
        },
        "2016-03": {
            "month": "2016-03",
            "price": "20.56",
            "revenue": 956256
        },
        "2016-04": {
            "month": "2016-04",
            "price": "19.15",
            "revenue": 1286889
        },
        "2016-05": {
            "month": "2016-05",
            "price": "16.64",
            "revenue": 962749
        },
        "2016-06": {
            "month": "2016-06",
            "price": "16.22",
            "revenue": 734550
        },
        "2016-07": {
            "month": "2016-07",
            "price": "17.15",
            "revenue": 656708
        },
        "2016-08": {
            "month": "2016-08",
            "price": "17.51",
            "revenue": 779878
        },
        "2016-09": {
            "month": "2016-09",
            "price": "17.62",
            "revenue": 787087
        },
        "2016-10": {
            "month": "2016-10",
            "price": "15.88",
            "revenue": 833910
        },
        "2016-11": {
            "month": "2016-11",
            "price": "15.35",
            "revenue": 1287887
        },
        "2016-12": {
            "month": "2016-12",
            "price": "16.51",
            "revenue": 901692
        },
        "2017-01": {
            "month": "2017-01",
            "price": "16.70",
            "revenue": 964621
        },
        "2017-02": {
            "month": "2017-02",
            "price": "17.81",
            "revenue": 748456
        },
        "2017-03": {
            "month": "2017-03",
            "price": "18.55",
            "revenue": 1072194
        },
        "2017-04": {
            "month": "2017-04",
            "price": "19.71",
            "revenue": 1033599
        },
        "2017-05": {
            "month": "2017-05",
            "price": "19.67",
            "revenue": 1105191
        },
        "2017-06": {
            "month": "2017-06",
            "price": "19.29",
            "revenue": 951939
        },
        "2017-07": {
            "month": "2017-07",
            "price": "18.82",
            "revenue": 836383
        },
        "2017-08": {
            "month": "2017-08",
            "price": "20.68",
            "revenue": 941086
        },
        "2017-09": {
            "month": "2017-09",
            "price": "23.22",
            "revenue": 960400
        },
        "2017-10": {
            "month": "2017-10",
            "price": "22.02",
            "revenue": 904685
        },
        "2017-11": {
            "month": "2017-11",
            "price": "20.12",
            "revenue": 894672
        },
        "2017-12": {
            "month": "2017-12",
            "price": "20.16",
            "revenue": 788374
        },
        "2018-01": {
            "month": "2018-01",
            "price": "21.20",
            "revenue": 810460
        },
        "2018-02": {
            "month": "2018-02",
            "price": "20.20",
            "revenue": 485179
        },
        "2018-03": {
            "month": "2018-03",
            "price": "19.86",
            "revenue": 608840
        },
        "2018-04": {
            "month": "2018-04",
            "price": "18.27",
            "revenue": 823476
        },
        "2018-05": {
            "month": "2018-05",
            "price": "16.70",
            "revenue": 622661
        },
        "2018-06": {
            "month": "2018-06",
            "price": "16.84",
            "revenue": 588480
        },
        "2018-07": {
            "month": "2018-07",
            "price": "16.15",
            "revenue": 649370
        },
        "2018-08": {
            "month": "2018-08",
            "price": "15.52",
            "revenue": 563179
        },
        "2018-09": {
            "month": "2018-09",
            "price": "14.22",
            "revenue": 595233
        },
        "2018-10": {
            "month": "2018-10",
            "price": "12.66",
            "revenue": 719455
        },
        "2018-11": {
            "month": "2018-11",
            "price": "12.87",
            "revenue": 559514
        },
        "2018-12": {
            "month": "2018-12",
            "price": "14.04",
            "revenue": 609181
        },
        "2019-01": {
            "month": "2019-01",
            "price": "13.98",
            "revenue": 767231
        },
        "2019-02": {
            "month": "2019-02",
            "price": "14.08",
            "revenue": 450083
        },
        "2019-03": {
            "month": "2019-03",
            "price": "14.81",
            "revenue": 727459
        },
        "2019-04": {
            "month": "2019-04",
            "price": "14.96",
            "revenue": 628431
        },
        "2019-05": {
            "month": "2019-05",
            "price": "14.01",
            "revenue": 807135
        },
        "2019-06": {
            "month": "2019-06",
            "price": "14.71",
            "revenue": 644916
        },
        "2019-07": {
            "month": "2019-07",
            "price": "16.54",
            "revenue": 529509
        },
        "2019-08": {
            "month": "2019-08",
            "price": "16.36",
            "revenue": 381790
        },
        "2019-09": {
            "month": "2019-09",
            "price": "16.84",
            "revenue": 439240
        },
        "2019-10": {
            "month": "2019-10",
            "price": "16.91",
            "revenue": 447946
        },
        "2019-11": {
            "month": "2019-11",
            "price": "16.71",
            "revenue": 496952
        },
        "2019-12": {
            "month": "2019-12",
            "price": "16.67",
            "revenue": 270469
        },
        "2020-01": {
            "month": "2020-01",
            "price": "15.80",
            "revenue": 237097
        },
        "2020-02": {
            "month": "2020-02",
            "price": "14.18",
            "revenue": 176273
        },
        "2020-03": {
            "month": "2020-03",
            "price": "11.71",
            "revenue": 322383
        },
        "2020-04": {
            "month": "2020-04",
            "price": "11.32",
            "revenue": 271470
        },
        "2020-05": {
            "month": "2020-05",
            "price": "11.92",
            "revenue": 220985
        },
        "2020-06": {
            "month": "2020-06",
            "price": "12.31",
            "revenue": 266937
        },
        "2020-07": {
            "month": "2020-07",
            "price": "12.85",
            "revenue": 292193
        },
        "2020-08": {
            "month": "2020-08",
            "price": "12.39",
            "revenue": 270083
        },
        "2020-09": {
            "month": "2020-09",
            "price": "13.13",
            "revenue": 431285
        },
        "2020-10": {
            "month": "2020-10",
            "price": "13.29",
            "revenue": 361864
        },
        "2020-11": {
            "month": "2020-11",
            "price": "13.37",
            "revenue": 337529
        },
        "2020-12": {
            "month": "2020-12",
            "price": "14.11",
            "revenue": 253918
        },
        "2021-01": {
            "month": "2021-01",
            "price": "14.60",
            "revenue": 237942
        },
        "2021-02": {
            "month": "2021-02",
            "price": "14.72",
            "revenue": 131979
        },
        "2021-03": {
            "month": "2021-03",
            "price": "15.07",
            "revenue": 245838
        },
        "2021-04": {
            "month": "2021-04",
            "price": "17.57",
            "revenue": 258395
        },
        "2021-05": {
            "month": "2021-05",
            "price": "15.49",
            "revenue": 226347
        },
        "2021-06": {
            "month": "2021-06",
            "price": "15.63",
            "revenue": 215346
        },
        "2021-07": {
            "month": "2021-07",
            "price": "15.92",
            "revenue": 297492
        },
        "2021-08": {
            "month": "2021-08",
            "price": "15.25",
            "revenue": 414252
        },
        "2021-09": {
            "month": "2021-09",
            "price": "15.24",
            "revenue": 343103
        },
        "2021-10": {
            "month": "2021-10",
            "price": "17.26",
            "revenue": 365680
        },
        "2021-11": {
            "month": "2021-11",
            "price": "20.83",
            "revenue": 402328
        },
        "2021-12": {
            "month": "2021-12",
            "price": "25.75",
            "revenue": 436667
        },
        "2022-01": {
            "month": "2022-01",
            "price": "29.49",
            "revenue": 377353
        },
        "2022-02": {
            "month": "2022-02",
            "price": "28.27",
            "revenue": 249073
        },
        "2022-03": {
            "month": "2022-03",
            "price": "26.94",
            "revenue": 416552
        },
        "2022-04": {
            "month": "2022-04",
            "price": "24.54",
            "revenue": 438545
        },
        "2022-05": {
            "month": "2022-05",
            "price": "23.20",
            "revenue": 468200
        },
        "2022-06": {
            "month": "2022-06",
            "price": "23.39",
            "revenue": 562021
        },
        "2022-07": {
            "month": "2022-07",
            "price": "23.63",
            "revenue": 461480
        },
        "2022-08": {
            "month": "2022-08",
            "price": "24.47",
            "revenue": 496358
        },
        "2022-09": {
            "month": "2022-09",
            "price": "21.97",
            "revenue": 526031
        },
        "2022-10": {
            "month": "2022-10",
            "price": "20.30",
            "revenue": 496126
        },
        "2022-11": {
            "month": "2022-11",
            "price": "21.35",
            "revenue": 426455
        },
        "2022-12": {
            "month": "2022-12",
            "price": "21.33",
            "revenue": 367763
        },
        "2023-01": {
            "month": "2023-01",
            "price": "20.47",
            "revenue": 301864
        },
        "2023-02": {
            "month": "2023-02",
            "price": "20.76",
            "revenue": 245763
        },
        "2023-03": {
            "month": "2023-03",
            "price": "20.78",
            "revenue": 381265
        },
        "2023-04": {
            "month": "2023-04",
            "price": "20.41",
            "revenue": 340395
        },
        "2023-05": {
            "month": "2023-05",
            "price": "20.10",
            "revenue": 370735
        },
        "2023-06": {
            "month": "2023-06",
            "price": "20.43",
            "revenue": 388356
        },
        "2023-07": {
            "month": "2023-07",
            "price": "20.11",
            "revenue": 488264
        },
        "2023-08": {
            "month": "2023-08",
            "price": "21.36",
            "revenue": 582247
        },
        "2023-09": {
            "month": "2023-09",
            "price": "23.52",
            "revenue": 509842
        }
    }
}
