{
    "summary": {
        "stock_name": "凱美",
        "stock_id": "2375",
        "category": "電子零組件",
        "main_business": "電子電機製品及其生產設備器材零件類；通信器材零件類；<br>光學之電子器材零件類；電容器生產設備類；<br>電容器及其零件材料類；電阻及其零件材料類。",
        "website_url": "http://jamicon.teapo.com",
        "ceo": "劉文亮",
        "pe_ratio": 21,
        "report_year_from": 2001,
        "report_year_to": 2023,
        "age": 23,
        "eps_negative_percentage": 39,
        "eps_growth_avg": {
            "last_all": -27.61,
            "last_2y": 6.4,
            "last_4y": -8.46,
            "last_8y": -11.54,
            "last_12y": -18.74,
            "last_16y": -18.74,
            "last_20y": -26.23,
            "at_2006_last_3y": -48.71,
            "at_2007_last_3y": -72.12,
            "at_2008_last_3y": -100,
            "at_2009_last_3y": null,
            "at_2010_last_3y": null,
            "at_2011_last_3y": null,
            "at_2012_last_3y": null,
            "at_2013_last_3y": null,
            "at_2014_last_3y": -76.33,
            "at_2015_last_3y": -63.16,
            "at_2016_last_3y": -75.44,
            "at_2017_last_3y": -75.44,
            "at_2018_last_3y": -16.67,
            "at_2019_last_3y": -28.4,
            "at_2020_last_3y": 12.83,
            "at_2021_last_3y": 34.62,
            "at_2022_last_3y": -1.53,
            "at_2023_last_3y": 10.72,
            "at_2024_last_3y": 10.72,
            "at_2006_last_all": -47.58,
            "at_2007_last_all": -47.58,
            "at_2008_last_all": -47.58,
            "at_2009_last_all": -47.58,
            "at_2010_last_all": -47.58,
            "at_2011_last_all": -47.58,
            "at_2012_last_all": -47.58,
            "at_2013_last_all": -47.58,
            "at_2014_last_all": -53.33,
            "at_2015_last_all": -52.78,
            "at_2016_last_all": -59.52,
            "at_2017_last_all": -59.52,
            "at_2018_last_all": -39.58,
            "at_2019_last_all": -44.65,
            "at_2020_last_all": -37.82,
            "at_2021_last_all": -25.29,
            "at_2022_last_all": -26.9,
            "at_2023_last_all": -27.61,
            "at_2024_last_all": -27.61
        },
        "latest_eps": 3.11,
        "latest_price": 64.9,
        "latest_roe": 3.7,
        "latest_gross_margin": 17.71,
        "latest_equity": 9116194,
        "latest_revenue": 1254257,
        "latest_gross_profit": 222070,
        "latest_net_income": 139273,
        "latest_debt_ratio": 39.3,
        "latest_current_ratio": 154.2,
        "latest_account_receivable_turnover_ratio": 0.73,
        "latest_inventory_turnover_ratio": 0.7,
        "latest_reinvestment_rate": 57.89,
        "latest_research_to_sale_ratio": 1.12
    },
    "eps_dividends": {
        "1998": {
            "cash": 0,
            "stock": 2,
            "eps": 0
        },
        "2001": {
            "cash": 0,
            "stock": 0,
            "eps": 0.95
        },
        "2002": {
            "cash": 0.5,
            "stock": 0,
            "eps": 0.53
        },
        "2003": {
            "cash": 0.6,
            "stock": 0,
            "eps": 0.52
        },
        "2004": {
            "cash": 0.4,
            "stock": 0.2,
            "eps": 0.29
        },
        "2005": {
            "cash": 0,
            "stock": 0.5,
            "eps": -0.35
        },
        "2006": {
            "cash": 0,
            "stock": 0,
            "eps": -1.36
        },
        "2007": {
            "cash": 0,
            "stock": 0,
            "eps": -0.34
        },
        "2008": {
            "cash": 0,
            "stock": 0,
            "eps": -0.82
        },
        "2009": {
            "cash": 0,
            "stock": 0,
            "eps": -4.09
        },
        "2010": {
            "cash": 0,
            "stock": 0,
            "eps": -0.19
        },
        "2011": {
            "cash": 0,
            "stock": 0,
            "eps": -1.98
        },
        "2012": {
            "cash": 0,
            "stock": 0,
            "eps": -0.74
        },
        "2013": {
            "cash": 0,
            "stock": 0,
            "eps": 4.14
        },
        "2014": {
            "cash": 0.1,
            "stock": 0,
            "eps": 0.98
        },
        "2015": {
            "cash": 1.14,
            "stock": 0,
            "eps": 0.49
        },
        "2016": {
            "cash": 0,
            "stock": 0,
            "eps": -0.86
        },
        "2017": {
            "cash": 0,
            "stock": 0,
            "eps": 2.52
        },
        "2018": {
            "cash": 3,
            "stock": 0,
            "eps": 19.11
        },
        "2019": {
            "cash": 3,
            "stock": 0,
            "eps": 2.83
        },
        "2020": {
            "cash": 0.5,
            "stock": 0,
            "eps": 3.5
        },
        "2021": {
            "cash": 2,
            "stock": 0,
            "eps": 8.63
        },
        "2022": {
            "cash": 2,
            "stock": 0,
            "eps": 4.78
        },
        "2023": {
            "cash": 1.5,
            "stock": 0,
            "eps": 3.05
        }
    },
    "dividends": {
        "1998-04-28": {
            "cash": 0,
            "stock": 2
        },
        "2002-04-22": {
            "cash": 0.5,
            "stock": 0
        },
        "2003-04-08": {
            "cash": 0.6,
            "stock": 0
        },
        "2004-03-30": {
            "cash": 0.4,
            "stock": 0.2
        },
        "2005-06-14": {
            "cash": 0,
            "stock": 0.5
        },
        "2014-06-11": {
            "cash": 0.1,
            "stock": 0
        },
        "2015-07-23": {
            "cash": 1.14,
            "stock": 0
        },
        "2018-09-14": {
            "cash": 3,
            "stock": 0
        },
        "2019-08-07": {
            "cash": 3,
            "stock": 0
        },
        "2020-07-10": {
            "cash": 0.5,
            "stock": 0
        },
        "2021-10-05": {
            "cash": 2,
            "stock": 0
        },
        "2022-07-22": {
            "cash": 2,
            "stock": 0
        },
        "2023-08-30": {
            "cash": 1.5,
            "stock": 0
        }
    },
    "prices": {
        "200101": "6.93",
        "200102": "11.63",
        "200103": "14.17",
        "200104": "18.15",
        "200105": "15.21",
        "200106": "13.79",
        "200107": "11.07",
        "200108": "11.36",
        "200109": "9.43",
        "200110": "8.90",
        "200111": "11.47",
        "200112": "14.62",
        "200201": "15.81",
        "200202": "15.00",
        "200203": "17.46",
        "200204": "18.22",
        "200205": "13.62",
        "200206": "12.77",
        "200207": "11.62",
        "200208": "10.77",
        "200209": "9.72",
        "200210": "9.84",
        "200211": "10.75",
        "200212": "10.22",
        "200301": "10.21",
        "200302": "10.33",
        "200303": "10.02",
        "200304": "9.83",
        "200305": "9.69",
        "200306": "13.78",
        "200307": "13.57",
        "200308": "11.34",
        "200309": "12.03",
        "200310": "12.68",
        "200311": "12.90",
        "200312": "12.42",
        "200401": "12.80",
        "200402": "13.86",
        "200403": "12.91",
        "200404": "14.26",
        "200405": "11.72",
        "200406": "11.23",
        "200407": "10.77",
        "200408": "10.51",
        "200409": "9.96",
        "200410": "8.84",
        "200411": "8.09",
        "200412": "8.26",
        "200501": "8.56",
        "200502": "8.56",
        "200503": "8.94",
        "200504": "8.54",
        "200505": "7.29",
        "200506": "8.30",
        "200507": "8.50",
        "200508": "7.46",
        "200509": "6.42",
        "200510": "5.29",
        "200511": "5.25",
        "200512": "7.69",
        "200601": "8.66",
        "200602": "7.42",
        "200603": "7.12",
        "200604": "7.97",
        "200605": "7.31",
        "200606": "6.19",
        "200607": "6.12",
        "200608": "6.47",
        "200609": "6.21",
        "200610": "6.73",
        "200611": "7.34",
        "200612": "8.25",
        "200701": "8.63",
        "200702": "8.30",
        "200703": "8.09",
        "200704": "9.10",
        "200705": "8.28",
        "200706": "8.92",
        "200707": "10.61",
        "200708": "9.85",
        "200709": "9.24",
        "200710": "9.09",
        "200711": "7.22",
        "200712": "6.29",
        "200801": "5.64",
        "200802": "5.18",
        "200803": "6.90",
        "200804": "7.05",
        "200805": "6.88",
        "200806": "6.12",
        "200807": "4.71",
        "200808": "4.74",
        "200809": "3.96",
        "200810": "3.11",
        "200811": "2.58",
        "200812": "2.40",
        "200901": "2.41",
        "200902": "2.52",
        "200903": "3.45",
        "200904": "4.07",
        "200905": "4.24",
        "200906": "4.45",
        "200907": "4.65",
        "200908": "4.80",
        "200909": "4.54",
        "200910": "4.40",
        "200911": "4.13",
        "200912": "4.53",
        "201001": "5.21",
        "201002": "4.88",
        "201003": "5.23",
        "201004": "7.01",
        "201005": "8.12",
        "201006": "7.79",
        "201007": "7.60",
        "201008": "7.88",
        "201009": "7.22",
        "201010": "5.92",
        "201011": "8.75",
        "201012": "8.76",
        "201101": "8.62",
        "201102": "8.86",
        "201103": "8.56",
        "201104": "8.43",
        "201105": "7.96",
        "201106": "7.32",
        "201107": "6.44",
        "201108": "5.23",
        "201109": "5.22",
        "201110": "4.97",
        "201111": "4.41",
        "201112": "4.05",
        "201201": "4.14",
        "201202": "5.32",
        "201203": "5.54",
        "201204": "4.85",
        "201205": "4.25",
        "201206": "4.02",
        "201207": "3.91",
        "201208": "3.75",
        "201209": "3.95",
        "201210": "3.90",
        "201211": "3.75",
        "201212": "3.88",
        "201301": "4.10",
        "201302": "4.59",
        "201303": "5.57",
        "201304": "6.55",
        "201305": "7.30",
        "201306": "6.95",
        "201307": "6.53",
        "201308": "6.88",
        "201309": "7.11",
        "201310": "10.01",
        "201311": "11.88",
        "201312": "12.70",
        "201401": "13.27",
        "201402": "14.34",
        "201403": "14.13",
        "201404": "14.87",
        "201405": "14.04",
        "201406": "14.19",
        "201407": "13.73",
        "201408": "13.25",
        "201409": "13.06",
        "201410": "12.00",
        "201411": "12.40",
        "201412": "12.26",
        "201501": "13.23",
        "201502": "14.02",
        "201503": "14.76",
        "201504": "16.81",
        "201505": "18.14",
        "201506": "15.19",
        "201507": "13.08",
        "201508": "13.08",
        "201509": "15.10",
        "201510": "15.22",
        "201511": "14.79",
        "201512": "13.79",
        "201601": "13.22",
        "201602": "13.67",
        "201603": "13.89",
        "201604": "12.74",
        "201605": "12.47",
        "201606": "13.58",
        "201607": "15.11",
        "201608": "15.63",
        "201609": "15.20",
        "201610": "16.90",
        "201611": "16.53",
        "201612": "16.60",
        "201701": "16.47",
        "201702": "16.72",
        "201703": "17.36",
        "201704": "21.91",
        "201705": "24.02",
        "201706": "26.49",
        "201707": "27.13",
        "201708": "27.18",
        "201709": "29.37",
        "201710": "29.23",
        "201711": "29.52",
        "201712": "37.37",
        "201801": "47.10",
        "201802": "42.47",
        "201803": "44.82",
        "201804": "46.29",
        "201805": "47.68",
        "201806": "71.66",
        "201807": "80.71",
        "201808": "68.67",
        "201809": "53.09",
        "201810": "36.03",
        "201811": "29.75",
        "201812": "36.56",
        "201901": "40.55",
        "201902": "48.12",
        "201903": "48.32",
        "201904": "47.16",
        "201905": "42.26",
        "201906": "42.07",
        "201907": "43.44",
        "201908": "35.43",
        "201909": "41.20",
        "201910": "42.16",
        "201911": "40.29",
        "201912": "41.38",
        "202001": "42.97",
        "202002": "39.95",
        "202003": "31.58",
        "202004": "33.42",
        "202005": "36.94",
        "202006": "36.56",
        "202007": "34.25",
        "202008": "41.67",
        "202009": "41.27",
        "202010": "44.93",
        "202011": "57.31",
        "202012": "76.11",
        "202101": "98.56",
        "202102": "119.12",
        "202103": "125.07",
        "202104": "125.11",
        "202105": "100.91",
        "202106": "109.40",
        "202107": "113.16",
        "202108": "103.51",
        "202109": "90.68",
        "202110": "81.82",
        "202111": "94.41",
        "202112": "103.35",
        "202201": "95.09",
        "202202": "91.33",
        "202203": "82.71",
        "202204": "70.36",
        "202205": "64.57",
        "202206": "61.09",
        "202207": "53.27",
        "202208": "55.82",
        "202209": "56.44",
        "202210": "50.70",
        "202211": "55.87",
        "202212": "58.21",
        "202301": "57.50",
        "202302": "64.84",
        "202303": "74.96",
        "202304": "72.99",
        "202305": "69.13",
        "202306": "69.25",
        "202307": "65.53",
        "202308": "61.18",
        "202309": "67.28",
        "202310": "64.92",
        "202311": "67.75",
        "202312": "72.84"
    },
    "quarters": {
        "20011": {
            "year_quarter": 20011,
            "year": 2001,
            "quarter": 1,
            "eps": 0.24,
            "eps_growth_year": 500,
            "eps_4q": 0.47,
            "eps_4q_growth_year": null,
            "roe": 1.69,
            "roe_4q": 1.69,
            "gross_profit": 45255,
            "gross_margin": 9.52,
            "gross_margin_4q_avg": 9.52,
            "net_income": 46193,
            "net_income_4q": null,
            "revenue": 475255,
            "revenue_4q": null,
            "common_shares": 1900910,
            "book_valuer_per_share": 14.55,
            "book_valuer_per_share_4q_avg": 14.55,
            "equity": 2765911,
            "current_ratio": 239.92,
            "debt_ratio": 38.63,
            "inventory_turnover_ratio": 0.54,
            "account_receivable_turnover_ratio": null,
            "reinvestment_rate": null,
            "research_to_sale_ratio": null,
            "price_fair": 0,
            "eps_avg_yearly": 0,
            "eps_latest_yearly": 0,
            "eps_growth_yearly": 0
        },
        "20012": {
            "year_quarter": 20012,
            "year": 2001,
            "quarter": 2,
            "eps": 0.11,
            "eps_growth_year": 22.22,
            "eps_4q": 0.51,
            "eps_4q_growth_year": null,
            "roe": 0.73,
            "roe_4q": 2.42,
            "gross_profit": 45349,
            "gross_margin": 10.93,
            "gross_margin_4q_avg": 10.23,
            "net_income": 20165,
            "net_income_4q": null,
            "revenue": 414720,
            "revenue_4q": null,
            "common_shares": 1900910,
            "book_valuer_per_share": 14.48,
            "book_valuer_per_share_4q_avg": 14.52,
            "equity": 2752656,
            "current_ratio": 283.72,
            "debt_ratio": 35.62,
            "inventory_turnover_ratio": 0.59,
            "account_receivable_turnover_ratio": null,
            "reinvestment_rate": null,
            "research_to_sale_ratio": null,
            "price_fair": 0,
            "eps_avg_yearly": 0,
            "eps_latest_yearly": 0,
            "eps_growth_yearly": 0
        },
        "20013": {
            "year_quarter": 20013,
            "year": 2001,
            "quarter": 3,
            "eps": 0.3,
            "eps_growth_year": 328.57,
            "eps_4q": 0.72,
            "eps_4q_growth_year": null,
            "roe": 2.05,
            "roe_4q": 4.47,
            "gross_profit": 43562,
            "gross_margin": 10.24,
            "gross_margin_4q_avg": 10.23,
            "net_income": 56574,
            "net_income_4q": null,
            "revenue": 425584,
            "revenue_4q": null,
            "common_shares": 1900910,
            "book_valuer_per_share": 14.59,
            "book_valuer_per_share_4q_avg": 14.54,
            "equity": 2774136,
            "current_ratio": 263.61,
            "debt_ratio": 36.53,
            "inventory_turnover_ratio": 0.84,
            "account_receivable_turnover_ratio": null,
            "reinvestment_rate": null,
            "research_to_sale_ratio": null,
            "price_fair": 0,
            "eps_avg_yearly": 0,
            "eps_latest_yearly": 0,
            "eps_growth_yearly": 0
        },
        "20014": {
            "year_quarter": 20014,
            "year": 2001,
            "quarter": 4,
            "eps": 0.3,
            "eps_growth_year": 328.57,
            "eps_4q": 0.94,
            "eps_4q_growth_year": 260.46,
            "roe": 2.05,
            "roe_4q": 6.52,
            "gross_profit": 8158,
            "gross_margin": 2.77,
            "gross_margin_4q_avg": 8.37,
            "net_income": 57800,
            "net_income_4q": null,
            "revenue": 294275,
            "revenue_4q": null,
            "common_shares": 1900910,
            "book_valuer_per_share": 15.07,
            "book_valuer_per_share_4q_avg": 14.67,
            "equity": 2863863,
            "current_ratio": 183.37,
            "debt_ratio": 43.63,
            "inventory_turnover_ratio": 0.56,
            "account_receivable_turnover_ratio": null,
            "reinvestment_rate": null,
            "research_to_sale_ratio": null,
            "price_fair": 0,
            "eps_avg_yearly": 0,
            "eps_latest_yearly": 0,
            "eps_growth_yearly": 0
        },
        "20021": {
            "year_quarter": 20021,
            "year": 2002,
            "quarter": 1,
            "eps": 0.3,
            "eps_growth_year": 25,
            "eps_4q": 1.01,
            "eps_4q_growth_year": 115.54,
            "roe": 1.93,
            "roe_4q": 6.76,
            "gross_profit": 3907,
            "gross_margin": 1.63,
            "gross_margin_4q_avg": 6.39,
            "net_income": 57249,
            "net_income_4q": null,
            "revenue": 240015,
            "revenue_4q": null,
            "common_shares": 1900910,
            "book_valuer_per_share": 16.14,
            "book_valuer_per_share_4q_avg": 15.07,
            "equity": 3068393,
            "current_ratio": 596.12,
            "debt_ratio": 16.58,
            "inventory_turnover_ratio": 0.48,
            "account_receivable_turnover_ratio": null,
            "reinvestment_rate": null,
            "research_to_sale_ratio": null,
            "price_fair": 12,
            "eps_avg_yearly": 1.2,
            "eps_latest_yearly": 1.2,
            "eps_growth_yearly": 0
        },
        "20022": {
            "year_quarter": 20022,
            "year": 2002,
            "quarter": 2,
            "eps": 0.02,
            "eps_growth_year": -81.82,
            "eps_4q": 1.02,
            "eps_4q_growth_year": 102.43,
            "roe": 0.11,
            "roe_4q": 6.14,
            "gross_profit": 20266,
            "gross_margin": 5.59,
            "gross_margin_4q_avg": 5.06,
            "net_income": 3423,
            "net_income_4q": null,
            "revenue": 362640,
            "revenue_4q": null,
            "common_shares": 1900910,
            "book_valuer_per_share": 15.5,
            "book_valuer_per_share_4q_avg": 15.33,
            "equity": 2945771,
            "current_ratio": 396.66,
            "debt_ratio": 19.42,
            "inventory_turnover_ratio": 1.18,
            "account_receivable_turnover_ratio": null,
            "reinvestment_rate": null,
            "research_to_sale_ratio": null,
            "price_fair": 1.92,
            "eps_avg_yearly": 0.64,
            "eps_latest_yearly": 0.08,
            "eps_growth_yearly": -186.67
        },
        "20023": {
            "year_quarter": 20023,
            "year": 2002,
            "quarter": 3,
            "eps": 0.22,
            "eps_growth_year": -26.67,
            "eps_4q": 0.85,
            "eps_4q_growth_year": 17.34,
            "roe": 1.39,
            "roe_4q": 5.4799999999999995,
            "gross_profit": 24683,
            "gross_margin": 7.16,
            "gross_margin_4q_avg": 4.29,
            "net_income": 41425,
            "net_income_4q": null,
            "revenue": 344584,
            "revenue_4q": null,
            "common_shares": 1916873,
            "book_valuer_per_share": 15.8,
            "book_valuer_per_share_4q_avg": 15.63,
            "equity": 3027937,
            "current_ratio": 335.15,
            "debt_ratio": 18.71,
            "inventory_turnover_ratio": 1.19,
            "account_receivable_turnover_ratio": null,
            "reinvestment_rate": null,
            "research_to_sale_ratio": null,
            "price_fair": 25.2,
            "eps_avg_yearly": 0.72,
            "eps_latest_yearly": 0.88,
            "eps_growth_yearly": 1208.89
        },
        "20024": {
            "year_quarter": 20024,
            "year": 2002,
            "quarter": 4,
            "eps": -0.01,
            "eps_growth_year": -103.33,
            "eps_4q": 0.52,
            "eps_4q_growth_year": -44.57,
            "roe": -0.06,
            "roe_4q": 3.37,
            "gross_profit": -6132,
            "gross_margin": -2.13,
            "gross_margin_4q_avg": 3.06,
            "net_income": -1856,
            "net_income_4q": null,
            "revenue": 288299,
            "revenue_4q": null,
            "common_shares": 1916873,
            "book_valuer_per_share": 15.7,
            "book_valuer_per_share_4q_avg": 15.79,
            "equity": 3008699,
            "current_ratio": 202.8,
            "debt_ratio": 28.55,
            "inventory_turnover_ratio": 0.74,
            "account_receivable_turnover_ratio": null,
            "reinvestment_rate": 290.28,
            "research_to_sale_ratio": null,
            "price_fair": 25.2,
            "eps_avg_yearly": 0.72,
            "eps_latest_yearly": 0.88,
            "eps_growth_yearly": 1208.89
        },
        "20031": {
            "year_quarter": 20031,
            "year": 2003,
            "quarter": 1,
            "eps": 0.21,
            "eps_growth_year": -30,
            "eps_4q": 0.43,
            "eps_4q_growth_year": -56.79,
            "roe": 1.33,
            "roe_4q": 2.77,
            "gross_profit": 26288,
            "gross_margin": 7.98,
            "gross_margin_4q_avg": 4.65,
            "net_income": 40248,
            "net_income_4q": null,
            "revenue": 329588,
            "revenue_4q": null,
            "common_shares": 1916873,
            "book_valuer_per_share": 15.82,
            "book_valuer_per_share_4q_avg": 15.71,
            "equity": 3032854,
            "current_ratio": 237.08,
            "debt_ratio": 21.19,
            "inventory_turnover_ratio": 0.84,
            "account_receivable_turnover_ratio": null,
            "reinvestment_rate": -138.21,
            "research_to_sale_ratio": null,
            "price_fair": 25.2,
            "eps_avg_yearly": 0.72,
            "eps_latest_yearly": 0.88,
            "eps_growth_yearly": 1208.89
        },
        "20032": {
            "year_quarter": 20032,
            "year": 2003,
            "quarter": 2,
            "eps": 0.08,
            "eps_growth_year": 300,
            "eps_4q": 0.51,
            "eps_4q_growth_year": -50.47,
            "roe": 0.5,
            "roe_4q": 3.16,
            "gross_profit": 15108,
            "gross_margin": 5.74,
            "gross_margin_4q_avg": 4.69,
            "net_income": 14969,
            "net_income_4q": null,
            "revenue": 263376,
            "revenue_4q": null,
            "common_shares": 1916873,
            "book_valuer_per_share": 15.41,
            "book_valuer_per_share_4q_avg": 15.68,
            "equity": 2954258,
            "current_ratio": 222.04,
            "debt_ratio": 20.72,
            "inventory_turnover_ratio": 1.5,
            "account_receivable_turnover_ratio": null,
            "reinvestment_rate": -181.74,
            "research_to_sale_ratio": null,
            "price_fair": 21.7,
            "eps_avg_yearly": 0.62,
            "eps_latest_yearly": 0.32,
            "eps_growth_yearly": 844.76
        },
        "20033": {
            "year_quarter": 20033,
            "year": 2003,
            "quarter": 3,
            "eps": 0.13,
            "eps_growth_year": -40.91,
            "eps_4q": 0.4,
            "eps_4q_growth_year": -52.59,
            "roe": 0.86,
            "roe_4q": 2.63,
            "gross_profit": 17186,
            "gross_margin": 5.24,
            "gross_margin_4q_avg": 4.21,
            "net_income": 25448,
            "net_income_4q": null,
            "revenue": 328193,
            "revenue_4q": null,
            "common_shares": 1936443,
            "book_valuer_per_share": 15.18,
            "book_valuer_per_share_4q_avg": 15.53,
            "equity": 2940176,
            "current_ratio": 244.35,
            "debt_ratio": 18.68,
            "inventory_turnover_ratio": 2.1,
            "account_receivable_turnover_ratio": null,
            "reinvestment_rate": -134.27,
            "research_to_sale_ratio": null,
            "price_fair": 21,
            "eps_avg_yearly": 0.6,
            "eps_latest_yearly": 0.52,
            "eps_growth_yearly": 725.81
        },
        "20034": {
            "year_quarter": 20034,
            "year": 2003,
            "quarter": 4,
            "eps": 0.1,
            "eps_growth_year": null,
            "eps_4q": 0.51,
            "eps_4q_growth_year": -2.44,
            "roe": 0.67,
            "roe_4q": 3.3600000000000003,
            "gross_profit": 6610,
            "gross_margin": 2.23,
            "gross_margin_4q_avg": 5.3,
            "net_income": 19805,
            "net_income_4q": null,
            "revenue": 295924,
            "revenue_4q": null,
            "common_shares": 1936443,
            "book_valuer_per_share": 15.34,
            "book_valuer_per_share_4q_avg": 15.44,
            "equity": 2970132,
            "current_ratio": 162.51,
            "debt_ratio": 37.4,
            "inventory_turnover_ratio": 0.83,
            "account_receivable_turnover_ratio": null,
            "reinvestment_rate": 147.11,
            "research_to_sale_ratio": null,
            "price_fair": 19.83,
            "eps_avg_yearly": 0.57,
            "eps_latest_yearly": 0.4,
            "eps_growth_yearly": 589.46
        },
        "20041": {
            "year_quarter": 20041,
            "year": 2004,
            "quarter": 1,
            "eps": 0.16,
            "eps_growth_year": -23.81,
            "eps_4q": 0.48,
            "eps_4q_growth_year": 9.71,
            "roe": 1.03,
            "roe_4q": 3.06,
            "gross_profit": 16060,
            "gross_margin": 5.9,
            "gross_margin_4q_avg": 4.78,
            "net_income": 30444,
            "net_income_4q": null,
            "revenue": 272430,
            "revenue_4q": null,
            "common_shares": 1936443,
            "book_valuer_per_share": 15.26,
            "book_valuer_per_share_4q_avg": 15.3,
            "equity": 2955889,
            "current_ratio": 207.02,
            "debt_ratio": 21.61,
            "inventory_turnover_ratio": 0.76,
            "account_receivable_turnover_ratio": null,
            "reinvestment_rate": -117.49,
            "research_to_sale_ratio": null,
            "price_fair": 20.2,
            "eps_avg_yearly": 0.58,
            "eps_latest_yearly": 0.64,
            "eps_growth_yearly": 539.53
        },
        "20042": {
            "year_quarter": 20042,
            "year": 2004,
            "quarter": 2,
            "eps": 0.17,
            "eps_growth_year": 112.5,
            "eps_4q": 0.57,
            "eps_4q_growth_year": 12.83,
            "roe": 1.09,
            "roe_4q": 3.65,
            "gross_profit": 41228,
            "gross_margin": 13.14,
            "gross_margin_4q_avg": 6.63,
            "net_income": 32046,
            "net_income_4q": null,
            "revenue": 313823,
            "revenue_4q": null,
            "common_shares": 1936443,
            "book_valuer_per_share": 15.21,
            "book_valuer_per_share_4q_avg": 15.25,
            "equity": 2945137,
            "current_ratio": 179.37,
            "debt_ratio": 22.25,
            "inventory_turnover_ratio": 2.53,
            "account_receivable_turnover_ratio": null,
            "reinvestment_rate": -115.59,
            "research_to_sale_ratio": null,
            "price_fair": 20.65,
            "eps_avg_yearly": 0.59,
            "eps_latest_yearly": 0.68,
            "eps_growth_yearly": 475.22
        },
        "20043": {
            "year_quarter": 20043,
            "year": 2004,
            "quarter": 3,
            "eps": 0.07,
            "eps_growth_year": -46.15,
            "eps_4q": 0.47,
            "eps_4q_growth_year": 16.56,
            "roe": 0.49,
            "roe_4q": 3.2800000000000002,
            "gross_profit": 35426,
            "gross_margin": 13.81,
            "gross_margin_4q_avg": 8.77,
            "net_income": 14429,
            "net_income_4q": null,
            "revenue": 256537,
            "revenue_4q": null,
            "common_shares": 1990132,
            "book_valuer_per_share": 14.92,
            "book_valuer_per_share_4q_avg": 15.18,
            "equity": 2970099,
            "current_ratio": 188.84,
            "debt_ratio": 21.66,
            "inventory_turnover_ratio": 2.02,
            "account_receivable_turnover_ratio": null,
            "reinvestment_rate": -135.12,
            "research_to_sale_ratio": null,
            "price_fair": 19.44,
            "eps_avg_yearly": 0.56,
            "eps_latest_yearly": 0.28,
            "eps_growth_yearly": 396.27
        },
        "20044": {
            "year_quarter": 20044,
            "year": 2004,
            "quarter": 4,
            "eps": -0.11,
            "eps_growth_year": -210,
            "eps_4q": 0.28,
            "eps_4q_growth_year": -44.81,
            "roe": -0.77,
            "roe_4q": 1.84,
            "gross_profit": 24433,
            "gross_margin": 15.68,
            "gross_margin_4q_avg": 12.13,
            "net_income": -22111,
            "net_income_4q": null,
            "revenue": 155808,
            "revenue_4q": null,
            "common_shares": 1990132,
            "book_valuer_per_share": 13.88,
            "book_valuer_per_share_4q_avg": 14.82,
            "equity": 2762893,
            "current_ratio": 168.37,
            "debt_ratio": 40.38,
            "inventory_turnover_ratio": 0.36,
            "account_receivable_turnover_ratio": null,
            "reinvestment_rate": 86.52,
            "research_to_sale_ratio": null,
            "price_fair": 19.44,
            "eps_avg_yearly": 0.56,
            "eps_latest_yearly": 0.28,
            "eps_growth_yearly": 396.27
        },
        "20051": {
            "year_quarter": 20051,
            "year": 2005,
            "quarter": 1,
            "eps": 0.04,
            "eps_growth_year": -75,
            "eps_4q": 0.18,
            "eps_4q_growth_year": -61.87,
            "roe": 0.25,
            "roe_4q": 1.06,
            "gross_profit": 7778,
            "gross_margin": 7.37,
            "gross_margin_4q_avg": 12.5,
            "net_income": 6878,
            "net_income_4q": null,
            "revenue": 105571,
            "revenue_4q": null,
            "common_shares": 1940132,
            "book_valuer_per_share": 14.04,
            "book_valuer_per_share_4q_avg": 14.51,
            "equity": 2723400,
            "current_ratio": 189.59,
            "debt_ratio": 20.06,
            "inventory_turnover_ratio": 0.28,
            "account_receivable_turnover_ratio": null,
            "reinvestment_rate": -101.92,
            "research_to_sale_ratio": null,
            "price_fair": 19.44,
            "eps_avg_yearly": 0.56,
            "eps_latest_yearly": 0.28,
            "eps_growth_yearly": 396.27
        },
        "20052": {
            "year_quarter": 20052,
            "year": 2005,
            "quarter": 2,
            "eps": 0.06,
            "eps_growth_year": -64.71,
            "eps_4q": 0.06,
            "eps_4q_growth_year": -90.3,
            "roe": 0.39,
            "roe_4q": 0.36,
            "gross_profit": 17720,
            "gross_margin": 15.8,
            "gross_margin_4q_avg": 13.17,
            "net_income": 10591,
            "net_income_4q": null,
            "revenue": 112127,
            "revenue_4q": null,
            "common_shares": 1940132,
            "book_valuer_per_share": 14.12,
            "book_valuer_per_share_4q_avg": 14.24,
            "equity": 2738738,
            "current_ratio": 168.73,
            "debt_ratio": 18.99,
            "inventory_turnover_ratio": 1.18,
            "account_receivable_turnover_ratio": null,
            "reinvestment_rate": -98.81,
            "research_to_sale_ratio": null,
            "price_fair": 18.34,
            "eps_avg_yearly": 0.52,
            "eps_latest_yearly": 0.24,
            "eps_growth_yearly": 376.64
        },
        "20053": {
            "year_quarter": 20053,
            "year": 2005,
            "quarter": 3,
            "eps": 0.02,
            "eps_growth_year": -71.43,
            "eps_4q": -0,
            "eps_4q_growth_year": -100.63,
            "roe": 0.14,
            "roe_4q": 0.010000000000000009,
            "gross_profit": 19246,
            "gross_margin": 17.3,
            "gross_margin_4q_avg": 14.04,
            "net_income": 4044,
            "net_income_4q": null,
            "revenue": 111247,
            "revenue_4q": null,
            "common_shares": 1940132,
            "book_valuer_per_share": 16.28,
            "book_valuer_per_share_4q_avg": 14.58,
            "equity": 3159257,
            "current_ratio": 175.96,
            "debt_ratio": 18.32,
            "inventory_turnover_ratio": 1.34,
            "account_receivable_turnover_ratio": null,
            "reinvestment_rate": -24.14,
            "research_to_sale_ratio": null,
            "price_fair": 16.93,
            "eps_avg_yearly": 0.48,
            "eps_latest_yearly": 0.08,
            "eps_growth_yearly": 318.16
        },
        "20054": {
            "year_quarter": 20054,
            "year": 2005,
            "quarter": 4,
            "eps": -0.47,
            "eps_growth_year": null,
            "eps_4q": -0.32,
            "eps_4q_growth_year": -215.73,
            "roe": -2.55,
            "roe_4q": -1.7699999999999996,
            "gross_profit": 49757,
            "gross_margin": 11.35,
            "gross_margin_4q_avg": 12.96,
            "net_income": -101074,
            "net_income_4q": null,
            "revenue": 438249,
            "revenue_4q": null,
            "common_shares": 3695945,
            "book_valuer_per_share": 12.4,
            "book_valuer_per_share_4q_avg": 14.21,
            "equity": 4757475,
            "current_ratio": 96.61,
            "debt_ratio": 47.2,
            "inventory_turnover_ratio": 0.75,
            "account_receivable_turnover_ratio": null,
            "reinvestment_rate": 1641.83,
            "research_to_sale_ratio": null,
            "price_fair": 16.93,
            "eps_avg_yearly": 0.48,
            "eps_latest_yearly": 0.08,
            "eps_growth_yearly": 318.16
        },
        "20061": {
            "year_quarter": 20061,
            "year": 2006,
            "quarter": 1,
            "eps": 0,
            "eps_growth_year": -100,
            "eps_4q": -0.22,
            "eps_4q_growth_year": -223.72,
            "roe": 0.03,
            "roe_4q": -1.9899999999999998,
            "gross_profit": 14593,
            "gross_margin": 10.37,
            "gross_margin_4q_avg": 13.71,
            "net_income": 1234,
            "net_income_4q": null,
            "revenue": 140783,
            "revenue_4q": null,
            "common_shares": 3790452,
            "book_valuer_per_share": 12.08,
            "book_valuer_per_share_4q_avg": 13.72,
            "equity": 4579892,
            "current_ratio": 97.27,
            "debt_ratio": 22.73,
            "inventory_turnover_ratio": 0.24,
            "account_receivable_turnover_ratio": null,
            "reinvestment_rate": -29.59,
            "research_to_sale_ratio": null,
            "price_fair": 14.42,
            "eps_avg_yearly": 0.41,
            "eps_latest_yearly": 0.08,
            "eps_growth_yearly": 349.98
        },
        "20062": {
            "year_quarter": 20062,
            "year": 2006,
            "quarter": 2,
            "eps": -0.08,
            "eps_growth_year": -233.33,
            "eps_4q": -0.33,
            "eps_4q_growth_year": -686.36,
            "roe": -0.6,
            "roe_4q": -2.9799999999999995,
            "gross_profit": 29213,
            "gross_margin": 18.08,
            "gross_margin_4q_avg": 14.28,
            "net_income": -27435,
            "net_income_4q": null,
            "revenue": 161593,
            "revenue_4q": null,
            "common_shares": 3790452,
            "book_valuer_per_share": 11.99,
            "book_valuer_per_share_4q_avg": 13.19,
            "equity": 4542935,
            "current_ratio": 125.26,
            "debt_ratio": 26.9,
            "inventory_turnover_ratio": 1.82,
            "account_receivable_turnover_ratio": null,
            "reinvestment_rate": -16.71,
            "research_to_sale_ratio": null,
            "price_fair": 15.71,
            "eps_avg_yearly": 0.45,
            "eps_latest_yearly": 0.08,
            "eps_growth_yearly": 430.35
        },
        "20063": {
            "year_quarter": 20063,
            "year": 2006,
            "quarter": 3,
            "eps": -0.1,
            "eps_growth_year": -600,
            "eps_4q": -0.43,
            "eps_4q_growth_year": null,
            "roe": -0.79,
            "roe_4q": -3.91,
            "gross_profit": 8442,
            "gross_margin": 6.36,
            "gross_margin_4q_avg": 11.54,
            "net_income": -36141,
            "net_income_4q": null,
            "revenue": 132651,
            "revenue_4q": null,
            "common_shares": 3790452,
            "book_valuer_per_share": 12.03,
            "book_valuer_per_share_4q_avg": 12.13,
            "equity": 4561553,
            "current_ratio": 157.79,
            "debt_ratio": 27.76,
            "inventory_turnover_ratio": 1.87,
            "account_receivable_turnover_ratio": null,
            "reinvestment_rate": 170.56,
            "research_to_sale_ratio": null,
            "price_fair": 1.19,
            "eps_avg_yearly": 0.4,
            "eps_latest_yearly": 0.08,
            "eps_growth_yearly": -15.86
        },
        "20064": {
            "year_quarter": 20064,
            "year": 2006,
            "quarter": 4,
            "eps": -1.18,
            "eps_growth_year": null,
            "eps_4q": -1.22,
            "eps_4q_growth_year": null,
            "roe": -9.75,
            "roe_4q": -11.11,
            "gross_profit": -4531,
            "gross_margin": -4.54,
            "gross_margin_4q_avg": 7.57,
            "net_income": -430124,
            "net_income_4q": null,
            "revenue": 99773,
            "revenue_4q": null,
            "common_shares": 3753888,
            "book_valuer_per_share": 11.04,
            "book_valuer_per_share_4q_avg": 11.79,
            "equity": 4261759,
            "current_ratio": 142.45,
            "debt_ratio": 47.3,
            "inventory_turnover_ratio": 0.22,
            "account_receivable_turnover_ratio": null,
            "reinvestment_rate": null,
            "research_to_sale_ratio": null,
            "price_fair": 1.19,
            "eps_avg_yearly": 0.4,
            "eps_latest_yearly": 0.08,
            "eps_growth_yearly": -15.86
        },
        "20071": {
            "year_quarter": 20071,
            "year": 2007,
            "quarter": 1,
            "eps": -0.02,
            "eps_growth_year": null,
            "eps_4q": -1.16,
            "eps_4q_growth_year": null,
            "roe": -0.21,
            "roe_4q": -11.35,
            "gross_profit": 16447,
            "gross_margin": 13.89,
            "gross_margin_4q_avg": 8.45,
            "net_income": -8678,
            "net_income_4q": null,
            "revenue": 118443,
            "revenue_4q": null,
            "common_shares": 3753888,
            "book_valuer_per_share": 11.1,
            "book_valuer_per_share_4q_avg": 11.54,
            "equity": 4168423,
            "current_ratio": 109.24,
            "debt_ratio": 30.71,
            "inventory_turnover_ratio": 0.22,
            "account_receivable_turnover_ratio": null,
            "reinvestment_rate": null,
            "research_to_sale_ratio": null,
            "price_fair": 1.19,
            "eps_avg_yearly": 0.4,
            "eps_latest_yearly": 0.08,
            "eps_growth_yearly": -15.86
        },
        "20072": {
            "year_quarter": 20072,
            "year": 2007,
            "quarter": 2,
            "eps": 0,
            "eps_growth_year": null,
            "eps_4q": -1.27,
            "eps_4q_growth_year": null,
            "roe": -0,
            "roe_4q": -10.75,
            "gross_profit": -15322,
            "gross_margin": -11.97,
            "gross_margin_4q_avg": 0.94,
            "net_income": -102,
            "net_income_4q": null,
            "revenue": 127978,
            "revenue_4q": null,
            "common_shares": 3753888,
            "book_valuer_per_share": 11.21,
            "book_valuer_per_share_4q_avg": 11.35,
            "equity": 4206541,
            "current_ratio": 98.47,
            "debt_ratio": 28.06,
            "inventory_turnover_ratio": 3.1,
            "account_receivable_turnover_ratio": null,
            "reinvestment_rate": null,
            "research_to_sale_ratio": null,
            "price_fair": 11.05,
            "eps_avg_yearly": 0.41,
            "eps_latest_yearly": 0.08,
            "eps_growth_yearly": 17.25
        },
        "20073": {
            "year_quarter": 20073,
            "year": 2007,
            "quarter": 3,
            "eps": -0.01,
            "eps_growth_year": null,
            "eps_4q": -1.18,
            "eps_4q_growth_year": null,
            "roe": -0.08,
            "roe_4q": -10.04,
            "gross_profit": -20391,
            "gross_margin": -59.21,
            "gross_margin_4q_avg": -15.46,
            "net_income": -3274,
            "net_income_4q": null,
            "revenue": 34437,
            "revenue_4q": null,
            "common_shares": 3753888,
            "book_valuer_per_share": 11.24,
            "book_valuer_per_share_4q_avg": 11.15,
            "equity": 4218471,
            "current_ratio": 74.78,
            "debt_ratio": 31.4,
            "inventory_turnover_ratio": 1.43,
            "account_receivable_turnover_ratio": null,
            "reinvestment_rate": null,
            "research_to_sale_ratio": null,
            "price_fair": 1.16,
            "eps_avg_yearly": 0.39,
            "eps_latest_yearly": 0.08,
            "eps_growth_yearly": -21.54
        },
        "20074": {
            "year_quarter": 20074,
            "year": 2007,
            "quarter": 4,
            "eps": -0.31,
            "eps_growth_year": null,
            "eps_4q": -0.33,
            "eps_4q_growth_year": null,
            "roe": -2.69,
            "roe_4q": -2.98,
            "gross_profit": 6107,
            "gross_margin": 21.43,
            "gross_margin_4q_avg": -8.97,
            "net_income": -114478,
            "net_income_4q": null,
            "revenue": 28495,
            "revenue_4q": null,
            "common_shares": 3694541,
            "book_valuer_per_share": 11.26,
            "book_valuer_per_share_4q_avg": 11.2,
            "equity": 4278629,
            "current_ratio": 168.25,
            "debt_ratio": 45.19,
            "inventory_turnover_ratio": 0.05,
            "account_receivable_turnover_ratio": null,
            "reinvestment_rate": null,
            "research_to_sale_ratio": null,
            "price_fair": 1.15,
            "eps_avg_yearly": 0.38,
            "eps_latest_yearly": 0.08,
            "eps_growth_yearly": -7.39
        },
        "20081": {
            "year_quarter": 20081,
            "year": 2008,
            "quarter": 1,
            "eps": -0.35,
            "eps_growth_year": null,
            "eps_4q": -0.64,
            "eps_4q_growth_year": null,
            "roe": -3.2,
            "roe_4q": -5.970000000000001,
            "gross_profit": -17358,
            "gross_margin": -2.43,
            "gross_margin_4q_avg": -13.05,
            "net_income": -133056,
            "net_income_4q": null,
            "revenue": 713267,
            "revenue_4q": null,
            "common_shares": 3694541,
            "book_valuer_per_share": 10.64,
            "book_valuer_per_share_4q_avg": 11.09,
            "equity": 4044938,
            "current_ratio": 148.69,
            "debt_ratio": 44.26,
            "inventory_turnover_ratio": 0.87,
            "account_receivable_turnover_ratio": null,
            "reinvestment_rate": null,
            "research_to_sale_ratio": null,
            "price_fair": 0.96,
            "eps_avg_yearly": 0.32,
            "eps_latest_yearly": 0.08,
            "eps_growth_yearly": -69.24
        },
        "20082": {
            "year_quarter": 20082,
            "year": 2008,
            "quarter": 2,
            "eps": 1.52,
            "eps_growth_year": null,
            "eps_4q": 0.86,
            "eps_4q_growth_year": null,
            "roe": 12.98,
            "roe_4q": 7.010000000000002,
            "gross_profit": -27331,
            "gross_margin": -3.5,
            "gross_margin_4q_avg": -10.93,
            "net_income": 546005,
            "net_income_4q": null,
            "revenue": 779934,
            "revenue_4q": null,
            "common_shares": 3694541,
            "book_valuer_per_share": 11.54,
            "book_valuer_per_share_4q_avg": 11.17,
            "equity": 4367564,
            "current_ratio": 137.14,
            "debt_ratio": 34.32,
            "inventory_turnover_ratio": 0.92,
            "account_receivable_turnover_ratio": null,
            "reinvestment_rate": null,
            "research_to_sale_ratio": null,
            "price_fair": 0.6,
            "eps_avg_yearly": 0.2,
            "eps_latest_yearly": 0.08,
            "eps_growth_yearly": -100.65
        },
        "20083": {
            "year_quarter": 20083,
            "year": 2008,
            "quarter": 3,
            "eps": -0.56,
            "eps_growth_year": null,
            "eps_4q": 0.3,
            "eps_4q_growth_year": null,
            "roe": -5.07,
            "roe_4q": 2.02,
            "gross_profit": -41320,
            "gross_margin": -5.38,
            "gross_margin_4q_avg": 2.53,
            "net_income": -220846,
            "net_income_4q": null,
            "revenue": 768579,
            "revenue_4q": null,
            "common_shares": 3644541,
            "book_valuer_per_share": 11.67,
            "book_valuer_per_share_4q_avg": 11.28,
            "equity": 4342124,
            "current_ratio": 136.3,
            "debt_ratio": 35.32,
            "inventory_turnover_ratio": 0.88,
            "account_receivable_turnover_ratio": null,
            "reinvestment_rate": null,
            "research_to_sale_ratio": null,
            "price_fair": 0.48,
            "eps_avg_yearly": 0.16,
            "eps_latest_yearly": 0.08,
            "eps_growth_yearly": -33.33
        },
        "20084": {
            "year_quarter": 20084,
            "year": 2008,
            "quarter": 4,
            "eps": -1.43,
            "eps_growth_year": null,
            "eps_4q": -0.66,
            "eps_4q_growth_year": null,
            "roe": -13.51,
            "roe_4q": -8.799999999999997,
            "gross_profit": -189324,
            "gross_margin": -32.24,
            "gross_margin_4q_avg": -10.89,
            "net_income": -552760,
            "net_income_4q": null,
            "revenue": 587166,
            "revenue_4q": null,
            "common_shares": 3644541,
            "book_valuer_per_share": 10.4,
            "book_valuer_per_share_4q_avg": 11.06,
            "equity": 3843286,
            "current_ratio": 135.78,
            "debt_ratio": 32.45,
            "inventory_turnover_ratio": 0.96,
            "account_receivable_turnover_ratio": null,
            "reinvestment_rate": null,
            "research_to_sale_ratio": null,
            "price_fair": 0.48,
            "eps_avg_yearly": 0.16,
            "eps_latest_yearly": 0.08,
            "eps_growth_yearly": -33.33
        },
        "20091": {
            "year_quarter": 20091,
            "year": 2009,
            "quarter": 1,
            "eps": -0.42,
            "eps_growth_year": null,
            "eps_4q": -0.88,
            "eps_4q_growth_year": null,
            "roe": -4.16,
            "roe_4q": -9.760000000000002,
            "gross_profit": -66553,
            "gross_margin": -14.13,
            "gross_margin_4q_avg": -13.81,
            "net_income": -158509,
            "net_income_4q": null,
            "revenue": 470842,
            "revenue_4q": null,
            "common_shares": 3644541,
            "book_valuer_per_share": 10.22,
            "book_valuer_per_share_4q_avg": 10.96,
            "equity": 3774429,
            "current_ratio": 139.65,
            "debt_ratio": 27.96,
            "inventory_turnover_ratio": 0.91,
            "account_receivable_turnover_ratio": null,
            "reinvestment_rate": null,
            "research_to_sale_ratio": null,
            "price_fair": 0.48,
            "eps_avg_yearly": 0.16,
            "eps_latest_yearly": 0.08,
            "eps_growth_yearly": -33.33
        },
        "20092": {
            "year_quarter": 20092,
            "year": 2009,
            "quarter": 2,
            "eps": -1.31,
            "eps_growth_year": -186.18,
            "eps_4q": -3.71,
            "eps_4q_growth_year": -531.74,
            "roe": -14.99,
            "roe_4q": -37.73,
            "gross_profit": -44347,
            "gross_margin": -8.11,
            "gross_margin_4q_avg": -14.97,
            "net_income": -520381,
            "net_income_4q": null,
            "revenue": 546547,
            "revenue_4q": null,
            "common_shares": 3644541,
            "book_valuer_per_share": 8.67,
            "book_valuer_per_share_4q_avg": 10.24,
            "equity": 3167092,
            "current_ratio": 130.72,
            "debt_ratio": 31.07,
            "inventory_turnover_ratio": 1.22,
            "account_receivable_turnover_ratio": 1.43,
            "reinvestment_rate": null,
            "research_to_sale_ratio": null,
            "price_fair": 0.24,
            "eps_avg_yearly": 0.08,
            "eps_latest_yearly": 0.08,
            "eps_growth_yearly": -266.67
        },
        "20093": {
            "year_quarter": 20093,
            "year": 2009,
            "quarter": 3,
            "eps": -0.42,
            "eps_growth_year": null,
            "eps_4q": -3.57,
            "eps_4q_growth_year": -1293.21,
            "roe": -5.19,
            "roe_4q": -37.85,
            "gross_profit": -63088,
            "gross_margin": -9.34,
            "gross_margin_4q_avg": -15.96,
            "net_income": -159001,
            "net_income_4q": null,
            "revenue": 675418,
            "revenue_4q": null,
            "common_shares": 3644541,
            "book_valuer_per_share": 8.13,
            "book_valuer_per_share_4q_avg": 9.36,
            "equity": 2965091,
            "current_ratio": 129.34,
            "debt_ratio": 31.78,
            "inventory_turnover_ratio": 1.83,
            "account_receivable_turnover_ratio": 0.81,
            "reinvestment_rate": null,
            "research_to_sale_ratio": null,
            "price_fair": 0,
            "eps_avg_yearly": 0,
            "eps_latest_yearly": 0,
            "eps_growth_yearly": 0
        },
        "20094": {
            "year_quarter": 20094,
            "year": 2009,
            "quarter": 4,
            "eps": -1.94,
            "eps_growth_year": null,
            "eps_4q": -3.95,
            "eps_4q_growth_year": null,
            "roe": -27.15,
            "roe_4q": -51.489999999999995,
            "gross_profit": -2792,
            "gross_margin": -0.43,
            "gross_margin_4q_avg": -8,
            "net_income": -707815,
            "net_income_4q": null,
            "revenue": 652601,
            "revenue_4q": null,
            "common_shares": 3644541,
            "book_valuer_per_share": 6.17,
            "book_valuer_per_share_4q_avg": 8.3,
            "equity": 2248401,
            "current_ratio": 131.46,
            "debt_ratio": 39.22,
            "inventory_turnover_ratio": 1.9,
            "account_receivable_turnover_ratio": 0.72,
            "reinvestment_rate": null,
            "research_to_sale_ratio": null,
            "price_fair": 0,
            "eps_avg_yearly": 0,
            "eps_latest_yearly": 0,
            "eps_growth_yearly": 0
        },
        "20101": {
            "year_quarter": 20101,
            "year": 2010,
            "quarter": 1,
            "eps": null,
            "eps_growth_year": null,
            "eps_4q": null,
            "eps_4q_growth_year": null,
            "roe": null,
            "roe_4q": -47.33,
            "gross_profit": 41412,
            "gross_margin": null,
            "gross_margin_4q_avg": -4.47,
            "net_income": -36071,
            "net_income_4q": null,
            "revenue": 605549,
            "revenue_4q": null,
            "common_shares": 3644541,
            "book_valuer_per_share": 6.03,
            "book_valuer_per_share_4q_avg": 7.25,
            "equity": 2197413,
            "current_ratio": 139.32,
            "debt_ratio": 39.72,
            "inventory_turnover_ratio": null,
            "account_receivable_turnover_ratio": null,
            "reinvestment_rate": null,
            "research_to_sale_ratio": null,
            "price_fair": 0,
            "eps_avg_yearly": 0,
            "eps_latest_yearly": 0,
            "eps_growth_yearly": 0
        },
        "20102": {
            "year_quarter": 20102,
            "year": 2010,
            "quarter": 2,
            "eps": 0.17,
            "eps_growth_year": null,
            "eps_4q": -2.19,
            "eps_4q_growth_year": null,
            "roe": 2.77,
            "roe_4q": -29.57,
            "gross_profit": 42303,
            "gross_margin": 5.9,
            "gross_margin_4q_avg": -0.97,
            "net_income": 62123,
            "net_income_4q": null,
            "revenue": 717465,
            "revenue_4q": null,
            "common_shares": 3644541,
            "book_valuer_per_share": 6.26,
            "book_valuer_per_share_4q_avg": 6.65,
            "equity": 2281300,
            "current_ratio": 141.14,
            "debt_ratio": 40.4,
            "inventory_turnover_ratio": 1.81,
            "account_receivable_turnover_ratio": 1.52,
            "reinvestment_rate": null,
            "research_to_sale_ratio": null,
            "price_fair": 0,
            "eps_avg_yearly": 0,
            "eps_latest_yearly": 0,
            "eps_growth_yearly": 0
        },
        "20103": {
            "year_quarter": 20103,
            "year": 2010,
            "quarter": 3,
            "eps": 0.04,
            "eps_growth_year": null,
            "eps_4q": -3.31,
            "eps_4q_growth_year": null,
            "roe": 0.35,
            "roe_4q": -24.029999999999998,
            "gross_profit": 28596,
            "gross_margin": 4.53,
            "gross_margin_4q_avg": 2.5,
            "net_income": 7947,
            "net_income_4q": null,
            "revenue": 631563,
            "revenue_4q": null,
            "common_shares": 1922960,
            "book_valuer_per_share": 11.73,
            "book_valuer_per_share_4q_avg": 7.55,
            "equity": 2256474,
            "current_ratio": 150.07,
            "debt_ratio": 32.79,
            "inventory_turnover_ratio": 1.51,
            "account_receivable_turnover_ratio": 0.69,
            "reinvestment_rate": null,
            "research_to_sale_ratio": 0.36,
            "price_fair": 0.48,
            "eps_avg_yearly": 0.16,
            "eps_latest_yearly": 0.16,
            "eps_growth_yearly": -305.88
        },
        "20104": {
            "year_quarter": 20104,
            "year": 2010,
            "quarter": 4,
            "eps": -0.4,
            "eps_growth_year": null,
            "eps_4q": -0.04,
            "eps_4q_growth_year": null,
            "roe": -3.57,
            "roe_4q": -0.44999999999999973,
            "gross_profit": 8134,
            "gross_margin": 1.56,
            "gross_margin_4q_avg": 3,
            "net_income": -76804,
            "net_income_4q": null,
            "revenue": 520491,
            "revenue_4q": null,
            "common_shares": 1922960,
            "book_valuer_per_share": 10.64,
            "book_valuer_per_share_4q_avg": 8.67,
            "equity": 2046594,
            "current_ratio": 167.1,
            "debt_ratio": 30.87,
            "inventory_turnover_ratio": 1.41,
            "account_receivable_turnover_ratio": 0.67,
            "reinvestment_rate": null,
            "research_to_sale_ratio": 0.31,
            "price_fair": 0.48,
            "eps_avg_yearly": 0.16,
            "eps_latest_yearly": 0.16,
            "eps_growth_yearly": -305.88
        },
        "20111": {
            "year_quarter": 20111,
            "year": 2011,
            "quarter": 1,
            "eps": -0.27,
            "eps_growth_year": null,
            "eps_4q": -0.3,
            "eps_4q_growth_year": null,
            "roe": -2.54,
            "roe_4q": -2.9899999999999998,
            "gross_profit": 621,
            "gross_margin": 0.13,
            "gross_margin_4q_avg": 3.03,
            "net_income": -51594,
            "net_income_4q": null,
            "revenue": 480642,
            "revenue_4q": null,
            "common_shares": 1922960,
            "book_valuer_per_share": 10.5,
            "book_valuer_per_share_4q_avg": 9.78,
            "equity": 2019450,
            "current_ratio": 152.1,
            "debt_ratio": 30.85,
            "inventory_turnover_ratio": 1.43,
            "account_receivable_turnover_ratio": 0.71,
            "reinvestment_rate": null,
            "research_to_sale_ratio": 0.31,
            "price_fair": 0.48,
            "eps_avg_yearly": 0.16,
            "eps_latest_yearly": 0.16,
            "eps_growth_yearly": -305.88
        },
        "20112": {
            "year_quarter": 20112,
            "year": 2011,
            "quarter": 2,
            "eps": 0.05,
            "eps_growth_year": -73,
            "eps_4q": -0.58,
            "eps_4q_growth_year": null,
            "roe": 0.44,
            "roe_4q": -5.32,
            "gross_profit": 58432,
            "gross_margin": 9.46,
            "gross_margin_4q_avg": 3.92,
            "net_income": 8851,
            "net_income_4q": null,
            "revenue": 617846,
            "revenue_4q": null,
            "common_shares": 1922960,
            "book_valuer_per_share": 10.44,
            "book_valuer_per_share_4q_avg": 10.83,
            "equity": 2007741,
            "current_ratio": 143.44,
            "debt_ratio": 35.76,
            "inventory_turnover_ratio": 1.46,
            "account_receivable_turnover_ratio": 0.85,
            "reinvestment_rate": null,
            "research_to_sale_ratio": 0.2,
            "price_fair": 0.48,
            "eps_avg_yearly": 0.16,
            "eps_latest_yearly": 0.16,
            "eps_growth_yearly": -305.88
        },
        "20113": {
            "year_quarter": 20113,
            "year": 2011,
            "quarter": 3,
            "eps": -1.38,
            "eps_growth_year": -3429.22,
            "eps_4q": -2,
            "eps_4q_growth_year": null,
            "roe": -13.73,
            "roe_4q": -19.400000000000002,
            "gross_profit": 36835,
            "gross_margin": 7.05,
            "gross_margin_4q_avg": 4.55,
            "net_income": -264574,
            "net_income_4q": null,
            "revenue": 522795,
            "revenue_4q": null,
            "common_shares": 1922960,
            "book_valuer_per_share": 9.6,
            "book_valuer_per_share_4q_avg": 10.3,
            "equity": 1846516,
            "current_ratio": 208.49,
            "debt_ratio": 35.74,
            "inventory_turnover_ratio": 1.14,
            "account_receivable_turnover_ratio": 0.67,
            "reinvestment_rate": null,
            "research_to_sale_ratio": 0.22,
            "price_fair": 0.48,
            "eps_avg_yearly": 0.16,
            "eps_latest_yearly": 0.16,
            "eps_growth_yearly": -305.88
        },
        "20114": {
            "year_quarter": 20114,
            "year": 2011,
            "quarter": 4,
            "eps": -0.38,
            "eps_growth_year": null,
            "eps_4q": -1.98,
            "eps_4q_growth_year": null,
            "roe": -4.07,
            "roe_4q": -19.9,
            "gross_profit": 42043,
            "gross_margin": 8.53,
            "gross_margin_4q_avg": 6.29,
            "net_income": -73782,
            "net_income_4q": null,
            "revenue": 492709,
            "revenue_4q": null,
            "common_shares": 1922960,
            "book_valuer_per_share": 9.25,
            "book_valuer_per_share_4q_avg": 9.95,
            "equity": 1777977,
            "current_ratio": 215.5,
            "debt_ratio": 34.73,
            "inventory_turnover_ratio": 1.11,
            "account_receivable_turnover_ratio": 0.68,
            "reinvestment_rate": null,
            "research_to_sale_ratio": 0.23,
            "price_fair": 0.48,
            "eps_avg_yearly": 0.16,
            "eps_latest_yearly": 0.16,
            "eps_growth_yearly": -305.88
        },
        "20121": {
            "year_quarter": 20121,
            "year": 2012,
            "quarter": 1,
            "eps": -0.38,
            "eps_growth_year": null,
            "eps_4q": -2.09,
            "eps_4q_growth_year": null,
            "roe": -4.2,
            "roe_4q": -21.56,
            "gross_profit": 1380,
            "gross_margin": 0.35,
            "gross_margin_4q_avg": 6.35,
            "net_income": -72532,
            "net_income_4q": null,
            "revenue": 398521,
            "revenue_4q": null,
            "common_shares": 1922960,
            "book_valuer_per_share": 8.7,
            "book_valuer_per_share_4q_avg": 9.5,
            "equity": 1673198,
            "current_ratio": 223.7,
            "debt_ratio": 32.85,
            "inventory_turnover_ratio": 1.07,
            "account_receivable_turnover_ratio": 0.62,
            "reinvestment_rate": null,
            "research_to_sale_ratio": 0.21,
            "price_fair": 0.48,
            "eps_avg_yearly": 0.16,
            "eps_latest_yearly": 0.16,
            "eps_growth_yearly": -305.88
        },
        "20122": {
            "year_quarter": 20122,
            "year": 2012,
            "quarter": 2,
            "eps": -0.23,
            "eps_growth_year": -603.82,
            "eps_4q": -2.37,
            "eps_4q_growth_year": null,
            "roe": -2.69,
            "roe_4q": -24.69,
            "gross_profit": 26529,
            "gross_margin": 5.92,
            "gross_margin_4q_avg": 5.46,
            "net_income": -44593,
            "net_income_4q": null,
            "revenue": 448207,
            "revenue_4q": null,
            "common_shares": 1922960,
            "book_valuer_per_share": 8.52,
            "book_valuer_per_share_4q_avg": 9.02,
            "equity": 1639204,
            "current_ratio": 192.79,
            "debt_ratio": 38.76,
            "inventory_turnover_ratio": 1.22,
            "account_receivable_turnover_ratio": 0.75,
            "reinvestment_rate": null,
            "research_to_sale_ratio": 0.29,
            "price_fair": 0.48,
            "eps_avg_yearly": 0.16,
            "eps_latest_yearly": 0.16,
            "eps_growth_yearly": -305.88
        },
        "20123": {
            "year_quarter": 20123,
            "year": 2012,
            "quarter": 3,
            "eps": -0.13,
            "eps_growth_year": null,
            "eps_4q": -1.13,
            "eps_4q_growth_year": null,
            "roe": -1.58,
            "roe_4q": -12.54,
            "gross_profit": 45824,
            "gross_margin": 10.82,
            "gross_margin_4q_avg": 6.41,
            "net_income": -25505,
            "net_income_4q": null,
            "revenue": 423567,
            "revenue_4q": null,
            "common_shares": 1922960,
            "book_valuer_per_share": 8.26,
            "book_valuer_per_share_4q_avg": 8.68,
            "equity": 1587657,
            "current_ratio": 195.6,
            "debt_ratio": 38.48,
            "inventory_turnover_ratio": 1.29,
            "account_receivable_turnover_ratio": 0.75,
            "reinvestment_rate": null,
            "research_to_sale_ratio": 0.27,
            "price_fair": 0.48,
            "eps_avg_yearly": 0.16,
            "eps_latest_yearly": 0.16,
            "eps_growth_yearly": -305.88
        },
        "20124": {
            "year_quarter": 20124,
            "year": 2012,
            "quarter": 4,
            "eps": 0,
            "eps_growth_year": null,
            "eps_4q": -0.74,
            "eps_4q_growth_year": null,
            "roe": 0.06,
            "roe_4q": -8.41,
            "gross_profit": 57163,
            "gross_margin": 13.98,
            "gross_margin_4q_avg": 7.77,
            "net_income": 937,
            "net_income_4q": null,
            "revenue": 408935,
            "revenue_4q": null,
            "common_shares": 1922960,
            "book_valuer_per_share": 8.19,
            "book_valuer_per_share_4q_avg": 8.42,
            "equity": 1574279,
            "current_ratio": 214.84,
            "debt_ratio": 40.44,
            "inventory_turnover_ratio": 1.42,
            "account_receivable_turnover_ratio": 0.76,
            "reinvestment_rate": null,
            "research_to_sale_ratio": 0.2,
            "price_fair": 0.48,
            "eps_avg_yearly": 0.16,
            "eps_latest_yearly": 0.16,
            "eps_growth_yearly": -305.88
        },
        "20131": {
            "year_quarter": 20131,
            "year": 2013,
            "quarter": 1,
            "eps": 0.15,
            "eps_growth_year": null,
            "eps_4q": -0.21,
            "eps_4q_growth_year": null,
            "roe": 1.8,
            "roe_4q": -2.41,
            "gross_profit": 67077,
            "gross_margin": 16.06,
            "gross_margin_4q_avg": 11.7,
            "net_income": 29006,
            "net_income_4q": null,
            "revenue": 417752,
            "revenue_4q": null,
            "common_shares": 1922960,
            "book_valuer_per_share": 8.55,
            "book_valuer_per_share_4q_avg": 8.38,
            "equity": 1644013,
            "current_ratio": 188.42,
            "debt_ratio": 46,
            "inventory_turnover_ratio": 1.27,
            "account_receivable_turnover_ratio": 0.77,
            "reinvestment_rate": null,
            "research_to_sale_ratio": 0.04,
            "price_fair": 0.48,
            "eps_avg_yearly": 0.16,
            "eps_latest_yearly": 0.16,
            "eps_growth_yearly": -305.88
        },
        "20132": {
            "year_quarter": 20132,
            "year": 2013,
            "quarter": 2,
            "eps": 0.4,
            "eps_growth_year": null,
            "eps_4q": 0.42,
            "eps_4q_growth_year": null,
            "roe": 4.55,
            "roe_4q": 4.829999999999999,
            "gross_profit": 80764,
            "gross_margin": 16.34,
            "gross_margin_4q_avg": 14.3,
            "net_income": 77029,
            "net_income_4q": null,
            "revenue": 494387,
            "revenue_4q": null,
            "common_shares": 1922960,
            "book_valuer_per_share": 9.05,
            "book_valuer_per_share_4q_avg": 8.51,
            "equity": 1740871,
            "current_ratio": 185.29,
            "debt_ratio": 48.07,
            "inventory_turnover_ratio": 1.38,
            "account_receivable_turnover_ratio": 0.86,
            "reinvestment_rate": null,
            "research_to_sale_ratio": 0,
            "price_fair": 30.8,
            "eps_avg_yearly": 0.88,
            "eps_latest_yearly": 1.6,
            "eps_growth_yearly": 180.39
        },
        "20133": {
            "year_quarter": 20133,
            "year": 2013,
            "quarter": 3,
            "eps": 0.24,
            "eps_growth_year": null,
            "eps_4q": 1.03,
            "eps_4q_growth_year": null,
            "roe": 1.86,
            "roe_4q": 8.270000000000001,
            "gross_profit": 58458,
            "gross_margin": 14.03,
            "gross_margin_4q_avg": 15.1,
            "net_income": 32521,
            "net_income_4q": null,
            "revenue": 416618,
            "revenue_4q": null,
            "common_shares": 1357363,
            "book_valuer_per_share": 12.94,
            "book_valuer_per_share_4q_avg": 9.68,
            "equity": 1756408,
            "current_ratio": 185.7,
            "debt_ratio": 47.93,
            "inventory_turnover_ratio": 1.39,
            "account_receivable_turnover_ratio": 0.76,
            "reinvestment_rate": null,
            "research_to_sale_ratio": 0.46,
            "price_fair": 31.73,
            "eps_avg_yearly": 0.91,
            "eps_latest_yearly": 0.96,
            "eps_growth_yearly": 66.93
        },
        "20134": {
            "year_quarter": 20134,
            "year": 2013,
            "quarter": 4,
            "eps": 3.35,
            "eps_growth_year": 68632.92,
            "eps_4q": 4.37,
            "eps_4q_growth_year": null,
            "roe": 22.74,
            "roe_4q": 30.95,
            "gross_profit": 72420,
            "gross_margin": 17.16,
            "gross_margin_4q_avg": 15.9,
            "net_income": 454629,
            "net_income_4q": null,
            "revenue": 421985,
            "revenue_4q": null,
            "common_shares": 1357363,
            "book_valuer_per_share": 16.52,
            "book_valuer_per_share_4q_avg": 11.77,
            "equity": 2242582,
            "current_ratio": 466.4,
            "debt_ratio": 19.47,
            "inventory_turnover_ratio": 1.44,
            "account_receivable_turnover_ratio": 0.84,
            "reinvestment_rate": -3793.61,
            "research_to_sale_ratio": 0.19,
            "price_fair": 141.05,
            "eps_avg_yearly": 4.03,
            "eps_latest_yearly": 13.4,
            "eps_growth_yearly": 1346.03
        },
        "20141": {
            "year_quarter": 20141,
            "year": 2014,
            "quarter": 1,
            "eps": 0.25,
            "eps_growth_year": 66.67,
            "eps_4q": 4.41,
            "eps_4q_growth_year": null,
            "roe": 1.52,
            "roe_4q": 30.669999999999998,
            "gross_profit": 79553,
            "gross_margin": 19.3,
            "gross_margin_4q_avg": 16.71,
            "net_income": 34505,
            "net_income_4q": null,
            "revenue": 412286,
            "revenue_4q": null,
            "common_shares": 1357363,
            "book_valuer_per_share": 16.97,
            "book_valuer_per_share_4q_avg": 13.87,
            "equity": 2303287,
            "current_ratio": 427.86,
            "debt_ratio": 21.32,
            "inventory_turnover_ratio": 1.16,
            "account_receivable_turnover_ratio": 0.8,
            "reinvestment_rate": -1036.34,
            "research_to_sale_ratio": 0.09,
            "price_fair": 119.84,
            "eps_avg_yearly": 3.42,
            "eps_latest_yearly": 1,
            "eps_growth_yearly": 1002.79
        },
        "20142": {
            "year_quarter": 20142,
            "year": 2014,
            "quarter": 2,
            "eps": 0.22,
            "eps_growth_year": -45,
            "eps_4q": 4.06,
            "eps_4q_growth_year": 858.31,
            "roe": 1.29,
            "roe_4q": 27.409999999999997,
            "gross_profit": 76613,
            "gross_margin": 18.06,
            "gross_margin_4q_avg": 17.14,
            "net_income": 29423,
            "net_income_4q": null,
            "revenue": 424121,
            "revenue_4q": null,
            "common_shares": 1357363,
            "book_valuer_per_share": 16.68,
            "book_valuer_per_share_4q_avg": 15.78,
            "equity": 2263488,
            "current_ratio": 488.4,
            "debt_ratio": 18.67,
            "inventory_turnover_ratio": 1.18,
            "account_receivable_turnover_ratio": 0.81,
            "reinvestment_rate": -4990.56,
            "research_to_sale_ratio": 0.17,
            "price_fair": 105,
            "eps_avg_yearly": 3,
            "eps_latest_yearly": 0.88,
            "eps_growth_yearly": 827.66
        },
        "20143": {
            "year_quarter": 20143,
            "year": 2014,
            "quarter": 3,
            "eps": 0.35,
            "eps_growth_year": 45.83,
            "eps_4q": 5.94,
            "eps_4q_growth_year": 477.75,
            "roe": 2.07,
            "roe_4q": 27.619999999999997,
            "gross_profit": 58284,
            "gross_margin": 14.26,
            "gross_margin_4q_avg": 17.2,
            "net_income": 43214,
            "net_income_4q": null,
            "revenue": 408786,
            "revenue_4q": null,
            "common_shares": 950154,
            "book_valuer_per_share": 20.25,
            "book_valuer_per_share_4q_avg": 17.61,
            "equity": 1916033,
            "current_ratio": 290.35,
            "debt_ratio": 31.19,
            "inventory_turnover_ratio": 1.41,
            "account_receivable_turnover_ratio": 0.78,
            "reinvestment_rate": -3297.47,
            "research_to_sale_ratio": 0.16,
            "price_fair": 112.23,
            "eps_avg_yearly": 3.21,
            "eps_latest_yearly": 1.4,
            "eps_growth_yearly": 918.04
        },
        "20144": {
            "year_quarter": 20144,
            "year": 2014,
            "quarter": 4,
            "eps": 0.16,
            "eps_growth_year": -95.08,
            "eps_4q": 1.3,
            "eps_4q_growth_year": -70.35,
            "roe": 0.8,
            "roe_4q": 5.68,
            "gross_profit": 61173,
            "gross_margin": 15.8,
            "gross_margin_4q_avg": 16.86,
            "net_income": 15618,
            "net_income_4q": null,
            "revenue": 387118,
            "revenue_4q": null,
            "common_shares": 950154,
            "book_valuer_per_share": 21.08,
            "book_valuer_per_share_4q_avg": 18.75,
            "equity": 1996695,
            "current_ratio": 384.77,
            "debt_ratio": 23.4,
            "inventory_turnover_ratio": 1.49,
            "account_receivable_turnover_ratio": 0.73,
            "reinvestment_rate": -1518.99,
            "research_to_sale_ratio": 0.22,
            "price_fair": 99.4,
            "eps_avg_yearly": 2.84,
            "eps_latest_yearly": 0.64,
            "eps_growth_yearly": 755.87
        },
        "20151": {
            "year_quarter": 20151,
            "year": 2015,
            "quarter": 1,
            "eps": 0.16,
            "eps_growth_year": -36,
            "eps_4q": 1.09,
            "eps_4q_growth_year": -75.19,
            "roe": 0.77,
            "roe_4q": 4.93,
            "gross_profit": 57342,
            "gross_margin": 16.79,
            "gross_margin_4q_avg": 16.23,
            "net_income": 15419,
            "net_income_4q": null,
            "revenue": 341578,
            "revenue_4q": null,
            "common_shares": 947354,
            "book_valuer_per_share": 20.97,
            "book_valuer_per_share_4q_avg": 19.75,
            "equity": 1986716,
            "current_ratio": 413.46,
            "debt_ratio": 21.81,
            "inventory_turnover_ratio": 1.22,
            "account_receivable_turnover_ratio": 0.69,
            "reinvestment_rate": -1065.41,
            "research_to_sale_ratio": 0.37,
            "price_fair": 89.78,
            "eps_avg_yearly": 2.57,
            "eps_latest_yearly": 0.64,
            "eps_growth_yearly": 661.38
        },
        "20152": {
            "year_quarter": 20152,
            "year": 2015,
            "quarter": 2,
            "eps": 0.17,
            "eps_growth_year": -22.73,
            "eps_4q": 0.95,
            "eps_4q_growth_year": -76.51,
            "roe": 0.81,
            "roe_4q": 4.449999999999999,
            "gross_profit": 53735,
            "gross_margin": 15.59,
            "gross_margin_4q_avg": 15.61,
            "net_income": 15632,
            "net_income_4q": null,
            "revenue": 344778,
            "revenue_4q": null,
            "common_shares": 947354,
            "book_valuer_per_share": 19.99,
            "book_valuer_per_share_4q_avg": 20.57,
            "equity": 1884276,
            "current_ratio": 358.32,
            "debt_ratio": 25.09,
            "inventory_turnover_ratio": 1.26,
            "account_receivable_turnover_ratio": 0.73,
            "reinvestment_rate": -1016.99,
            "research_to_sale_ratio": 0.39,
            "price_fair": 82.44,
            "eps_avg_yearly": 2.36,
            "eps_latest_yearly": 0.68,
            "eps_growth_yearly": 590.67
        },
        "20153": {
            "year_quarter": 20153,
            "year": 2015,
            "quarter": 3,
            "eps": 0.06,
            "eps_growth_year": -82.86,
            "eps_4q": 0.83,
            "eps_4q_growth_year": -86.04,
            "roe": 0.24,
            "roe_4q": 2.62,
            "gross_profit": 68382,
            "gross_margin": 17.49,
            "gross_margin_4q_avg": 16.42,
            "net_income": 4313,
            "net_income_4q": null,
            "revenue": 390943,
            "revenue_4q": null,
            "common_shares": 647354,
            "book_valuer_per_share": 27.04,
            "book_valuer_per_share_4q_avg": 22.27,
            "equity": 1663365,
            "current_ratio": 268.92,
            "debt_ratio": 33.31,
            "inventory_turnover_ratio": 1.42,
            "account_receivable_turnover_ratio": 0.77,
            "reinvestment_rate": -296.43,
            "research_to_sale_ratio": 0.42,
            "price_fair": 75.04,
            "eps_avg_yearly": 2.14,
            "eps_latest_yearly": 0.24,
            "eps_growth_yearly": 505.72
        },
        "20154": {
            "year_quarter": 20154,
            "year": 2015,
            "quarter": 4,
            "eps": 0.1,
            "eps_growth_year": -40.46,
            "eps_4q": 0.68,
            "eps_4q_growth_year": -47.22,
            "roe": 0.35,
            "roe_4q": 2.17,
            "gross_profit": 72263,
            "gross_margin": 17.65,
            "gross_margin_4q_avg": 16.88,
            "net_income": 5925,
            "net_income_4q": null,
            "revenue": 409507,
            "revenue_4q": null,
            "common_shares": 615183,
            "book_valuer_per_share": 27.93,
            "book_valuer_per_share_4q_avg": 23.98,
            "equity": 1686129,
            "current_ratio": 244.37,
            "debt_ratio": 37.13,
            "inventory_turnover_ratio": 1.34,
            "account_receivable_turnover_ratio": 0.75,
            "reinvestment_rate": -252.91,
            "research_to_sale_ratio": 0.34,
            "price_fair": 69.49,
            "eps_avg_yearly": 1.99,
            "eps_latest_yearly": 0.4,
            "eps_growth_yearly": 483.99
        },
        "20161": {
            "year_quarter": 20161,
            "year": 2016,
            "quarter": 1,
            "eps": -0.67,
            "eps_growth_year": -518.75,
            "eps_4q": -0.24,
            "eps_4q_growth_year": -121.88,
            "roe": -2.5,
            "roe_4q": -1.0999999999999999,
            "gross_profit": 54092,
            "gross_margin": 15.16,
            "gross_margin_4q_avg": 16.47,
            "net_income": -40323,
            "net_income_4q": null,
            "revenue": 356698,
            "revenue_4q": null,
            "common_shares": 615183,
            "book_valuer_per_share": 25.61,
            "book_valuer_per_share_4q_avg": 25.14,
            "equity": 1546040,
            "current_ratio": 159.38,
            "debt_ratio": 35.68,
            "inventory_turnover_ratio": 1.07,
            "account_receivable_turnover_ratio": 0.67,
            "reinvestment_rate": -111.77,
            "research_to_sale_ratio": 0.47,
            "price_fair": 69.49,
            "eps_avg_yearly": 1.99,
            "eps_latest_yearly": 0.4,
            "eps_growth_yearly": 483.99
        },
        "20162": {
            "year_quarter": 20162,
            "year": 2016,
            "quarter": 2,
            "eps": -0.35,
            "eps_growth_year": -305.88,
            "eps_4q": -0.85,
            "eps_4q_growth_year": -188.69,
            "roe": -5.99,
            "roe_4q": -7.9,
            "gross_profit": 53979,
            "gross_margin": 8.98,
            "gross_margin_4q_avg": 14.82,
            "net_income": -120271,
            "net_income_4q": null,
            "revenue": 601239,
            "revenue_4q": null,
            "common_shares": 615183,
            "book_valuer_per_share": 23.96,
            "book_valuer_per_share_4q_avg": 26.14,
            "equity": 2467038,
            "current_ratio": 180.5,
            "debt_ratio": 40.47,
            "inventory_turnover_ratio": 1.29,
            "account_receivable_turnover_ratio": 0.86,
            "reinvestment_rate": -109.8,
            "research_to_sale_ratio": 0.53,
            "price_fair": 69.49,
            "eps_avg_yearly": 1.99,
            "eps_latest_yearly": 0.4,
            "eps_growth_yearly": 483.99
        },
        "20163": {
            "year_quarter": 20163,
            "year": 2016,
            "quarter": 3,
            "eps": 0.01,
            "eps_growth_year": -83.33,
            "eps_4q": -0.6,
            "eps_4q_growth_year": -171.93,
            "roe": 0.13,
            "roe_4q": -8.01,
            "gross_profit": 152131,
            "gross_margin": 17.71,
            "gross_margin_4q_avg": 14.88,
            "net_income": 3438,
            "net_income_4q": null,
            "revenue": 859116,
            "revenue_4q": null,
            "common_shares": 915183,
            "book_valuer_per_share": 20.13,
            "book_valuer_per_share_4q_avg": 24.41,
            "equity": 2805692,
            "current_ratio": 226.97,
            "debt_ratio": 33.39,
            "inventory_turnover_ratio": 1.49,
            "account_receivable_turnover_ratio": 0.91,
            "reinvestment_rate": -104.92,
            "research_to_sale_ratio": 0.59,
            "price_fair": 69.49,
            "eps_avg_yearly": 1.99,
            "eps_latest_yearly": 0.4,
            "eps_growth_yearly": 483.99
        },
        "20164": {
            "year_quarter": 20164,
            "year": 2016,
            "quarter": 4,
            "eps": 0.15,
            "eps_growth_year": 55.93,
            "eps_4q": -0.51,
            "eps_4q_growth_year": -174.23,
            "roe": 0.43,
            "roe_4q": -7.93,
            "gross_profit": 135774,
            "gross_margin": 18.26,
            "gross_margin_4q_avg": 15.03,
            "net_income": 12006,
            "net_income_4q": null,
            "revenue": 743606,
            "revenue_4q": null,
            "common_shares": 915183,
            "book_valuer_per_share": 19.77,
            "book_valuer_per_share_4q_avg": 22.37,
            "equity": 2733826,
            "current_ratio": 246.78,
            "debt_ratio": 32.08,
            "inventory_turnover_ratio": 1.52,
            "account_receivable_turnover_ratio": 0.77,
            "reinvestment_rate": -70.43,
            "research_to_sale_ratio": 0.59,
            "price_fair": 65.45,
            "eps_avg_yearly": 1.87,
            "eps_latest_yearly": 0.6,
            "eps_growth_yearly": 910.33
        },
        "20171": {
            "year_quarter": 20171,
            "year": 2017,
            "quarter": 1,
            "eps": 0.24,
            "eps_growth_year": null,
            "eps_4q": 0.17,
            "eps_4q_growth_year": null,
            "roe": 1.17,
            "roe_4q": -4.26,
            "gross_profit": 123518,
            "gross_margin": 19.1,
            "gross_margin_4q_avg": 16.01,
            "net_income": 31643,
            "net_income_4q": null,
            "revenue": 646785,
            "revenue_4q": null,
            "common_shares": 915183,
            "book_valuer_per_share": 19.17,
            "book_valuer_per_share_4q_avg": 20.76,
            "equity": 2665766,
            "current_ratio": 226.96,
            "debt_ratio": 33.7,
            "inventory_turnover_ratio": 1.29,
            "account_receivable_turnover_ratio": 0.75,
            "reinvestment_rate": 100.19,
            "research_to_sale_ratio": 0.57,
            "price_fair": 63,
            "eps_avg_yearly": 1.8,
            "eps_latest_yearly": 0.96,
            "eps_growth_yearly": 858.76
        },
        "20172": {
            "year_quarter": 20172,
            "year": 2017,
            "quarter": 2,
            "eps": 1.05,
            "eps_growth_year": null,
            "eps_4q": 1.45,
            "eps_4q_growth_year": null,
            "roe": 5.49,
            "roe_4q": 7.22,
            "gross_profit": 148308,
            "gross_margin": 19.15,
            "gross_margin_4q_avg": 18.56,
            "net_income": 146635,
            "net_income_4q": null,
            "revenue": 774289,
            "revenue_4q": null,
            "common_shares": 915183,
            "book_valuer_per_share": 19.44,
            "book_valuer_per_share_4q_avg": 19.63,
            "equity": 2677651,
            "current_ratio": 277.41,
            "debt_ratio": 46.27,
            "inventory_turnover_ratio": 1.56,
            "account_receivable_turnover_ratio": 0.94,
            "reinvestment_rate": 92.14,
            "research_to_sale_ratio": 0.5,
            "price_fair": 70,
            "eps_avg_yearly": 2,
            "eps_latest_yearly": 4.2,
            "eps_growth_yearly": 911.33
        },
        "20173": {
            "year_quarter": 20173,
            "year": 2017,
            "quarter": 3,
            "eps": 0.63,
            "eps_growth_year": 6200,
            "eps_4q": 2.07,
            "eps_4q_growth_year": null,
            "roe": 3.35,
            "roe_4q": 10.44,
            "gross_profit": 147048,
            "gross_margin": 17.97,
            "gross_margin_4q_avg": 18.62,
            "net_income": 91433,
            "net_income_4q": null,
            "revenue": 818130,
            "revenue_4q": null,
            "common_shares": 915183,
            "book_valuer_per_share": 20.3,
            "book_valuer_per_share_4q_avg": 19.67,
            "equity": 2780630,
            "current_ratio": 323.95,
            "debt_ratio": 44.79,
            "inventory_turnover_ratio": 1.7,
            "account_receivable_turnover_ratio": 0.9,
            "reinvestment_rate": 77.08,
            "research_to_sale_ratio": 0.53,
            "price_fair": 74.2,
            "eps_avg_yearly": 2.12,
            "eps_latest_yearly": 2.52,
            "eps_growth_yearly": 911.33
        },
        "20174": {
            "year_quarter": 20174,
            "year": 2017,
            "quarter": 4,
            "eps": 0.6,
            "eps_growth_year": 290.74,
            "eps_4q": 2.52,
            "eps_4q_growth_year": null,
            "roe": 3.48,
            "roe_4q": 13.49,
            "gross_profit": 123190,
            "gross_margin": 17.95,
            "gross_margin_4q_avg": 18.54,
            "net_income": 98310,
            "net_income_4q": null,
            "revenue": 686269,
            "revenue_4q": null,
            "common_shares": 915183,
            "book_valuer_per_share": 20.96,
            "book_valuer_per_share_4q_avg": 19.97,
            "equity": 2871428,
            "current_ratio": 551.04,
            "debt_ratio": 61.09,
            "inventory_turnover_ratio": 1.36,
            "account_receivable_turnover_ratio": 0.75,
            "reinvestment_rate": 188.63,
            "research_to_sale_ratio": 0.69,
            "price_fair": 44.58,
            "eps_avg_yearly": 1.27,
            "eps_latest_yearly": 2.4,
            "eps_growth_yearly": 511.14
        },
        "20181": {
            "year_quarter": 20181,
            "year": 2018,
            "quarter": 1,
            "eps": 0.18,
            "eps_growth_year": -25,
            "eps_4q": 2.46,
            "eps_4q_growth_year": 1323.55,
            "roe": 0.75,
            "roe_4q": 13.07,
            "gross_profit": 99278,
            "gross_margin": 15.78,
            "gross_margin_4q_avg": 17.71,
            "net_income": 21589,
            "net_income_4q": null,
            "revenue": 628980,
            "revenue_4q": null,
            "common_shares": 915183,
            "book_valuer_per_share": 21.37,
            "book_valuer_per_share_4q_avg": 20.52,
            "equity": 2915182,
            "current_ratio": 140.05,
            "debt_ratio": 63.84,
            "inventory_turnover_ratio": 1.19,
            "account_receivable_turnover_ratio": 0.74,
            "reinvestment_rate": 208.32,
            "research_to_sale_ratio": 0.76,
            "price_fair": 43.83,
            "eps_avg_yearly": 1.25,
            "eps_latest_yearly": 0.72,
            "eps_growth_yearly": 518.08
        },
        "20182": {
            "year_quarter": 20182,
            "year": 2018,
            "quarter": 2,
            "eps": 18.73,
            "eps_growth_year": 1683.81,
            "eps_4q": 20.14,
            "eps_4q_growth_year": 1288.02,
            "roe": 67.31,
            "roe_4q": 74.89,
            "gross_profit": 122419,
            "gross_margin": 16.34,
            "gross_margin_4q_avg": 17.01,
            "net_income": 2833812,
            "net_income_4q": null,
            "revenue": 749242,
            "revenue_4q": null,
            "common_shares": 915183,
            "book_valuer_per_share": 37.71,
            "book_valuer_per_share_4q_avg": 25.09,
            "equity": 5505093,
            "current_ratio": 299.26,
            "debt_ratio": 32.17,
            "inventory_turnover_ratio": 1.34,
            "account_receivable_turnover_ratio": 0.86,
            "reinvestment_rate": 24.48,
            "research_to_sale_ratio": 2.21,
            "price_fair": 243.17,
            "eps_avg_yearly": 6.95,
            "eps_latest_yearly": 74.92,
            "eps_growth_yearly": 3692.71
        },
        "20183": {
            "year_quarter": 20183,
            "year": 2018,
            "quarter": 3,
            "eps": -0.1,
            "eps_growth_year": -115.87,
            "eps_4q": 19.41,
            "eps_4q_growth_year": 835.61,
            "roe": -0.87,
            "roe_4q": 70.67,
            "gross_profit": 165049,
            "gross_margin": 22.08,
            "gross_margin_4q_avg": 18.04,
            "net_income": -47285,
            "net_income_4q": null,
            "revenue": 747352,
            "revenue_4q": null,
            "common_shares": 915183,
            "book_valuer_per_share": 36.91,
            "book_valuer_per_share_4q_avg": 29.24,
            "equity": 5377086,
            "current_ratio": 300.62,
            "debt_ratio": 32.2,
            "inventory_turnover_ratio": 1.15,
            "account_receivable_turnover_ratio": 0.81,
            "reinvestment_rate": 24.4,
            "research_to_sale_ratio": 0.55,
            "price_fair": 259.35,
            "eps_avg_yearly": 7.41,
            "eps_latest_yearly": 74.92,
            "eps_growth_yearly": 3980.74
        },
        "20184": {
            "year_quarter": 20184,
            "year": 2018,
            "quarter": 4,
            "eps": 0.3,
            "eps_growth_year": -49.81,
            "eps_4q": 19.11,
            "eps_4q_growth_year": 658.55,
            "roe": 0.73,
            "roe_4q": 67.92,
            "gross_profit": 181870,
            "gross_margin": 21.48,
            "gross_margin_4q_avg": 18.92,
            "net_income": 47897,
            "net_income_4q": null,
            "revenue": 846876,
            "revenue_4q": null,
            "common_shares": 915183,
            "book_valuer_per_share": 39.53,
            "book_valuer_per_share_4q_avg": 33.88,
            "equity": 7690905,
            "current_ratio": 181.32,
            "debt_ratio": 42.2,
            "inventory_turnover_ratio": 0.89,
            "account_receivable_turnover_ratio": 0.65,
            "reinvestment_rate": 67.45,
            "research_to_sale_ratio": -0.47,
            "price_fair": 280.89,
            "eps_avg_yearly": 8.03,
            "eps_latest_yearly": 74.92,
            "eps_growth_yearly": 4362.37
        },
        "20191": {
            "year_quarter": 20191,
            "year": 2019,
            "quarter": 1,
            "eps": 0.83,
            "eps_growth_year": 361.11,
            "eps_4q": 19.76,
            "eps_4q_growth_year": 703.99,
            "roe": 2.47,
            "roe_4q": 69.64,
            "gross_profit": 266665,
            "gross_margin": 24.9,
            "gross_margin_4q_avg": 21.2,
            "net_income": 191791,
            "net_income_4q": null,
            "revenue": 1070975,
            "revenue_4q": null,
            "common_shares": 915183,
            "book_valuer_per_share": 40.6,
            "book_valuer_per_share_4q_avg": 38.69,
            "equity": 7842308,
            "current_ratio": 185.52,
            "debt_ratio": 41.06,
            "inventory_turnover_ratio": 0.83,
            "account_receivable_turnover_ratio": 0.67,
            "reinvestment_rate": 57.52,
            "research_to_sale_ratio": 2.03,
            "price_fair": 289.42,
            "eps_avg_yearly": 8.27,
            "eps_latest_yearly": 3.32,
            "eps_growth_yearly": 4426.61
        },
        "20192": {
            "year_quarter": 20192,
            "year": 2019,
            "quarter": 2,
            "eps": -0.74,
            "eps_growth_year": -103.95,
            "eps_4q": 0.3,
            "eps_4q_growth_year": -98.52,
            "roe": -1.36,
            "roe_4q": 0.9700000000000001,
            "gross_profit": 288774,
            "gross_margin": 24.18,
            "gross_margin_4q_avg": 23.16,
            "net_income": -102634,
            "net_income_4q": null,
            "revenue": 1194260,
            "revenue_4q": null,
            "common_shares": 915183,
            "book_valuer_per_share": 37.19,
            "book_valuer_per_share_4q_avg": 38.56,
            "equity": 7196103,
            "current_ratio": 166.82,
            "debt_ratio": 44.82,
            "inventory_turnover_ratio": 0.99,
            "account_receivable_turnover_ratio": 0.78,
            "reinvestment_rate": 154.38,
            "research_to_sale_ratio": 2.23,
            "price_fair": 315.98,
            "eps_avg_yearly": 9.03,
            "eps_latest_yearly": 3.32,
            "eps_growth_yearly": 4866.77
        },
        "20193": {
            "year_quarter": 20193,
            "year": 2019,
            "quarter": 3,
            "eps": 2.06,
            "eps_growth_year": null,
            "eps_4q": 1.18,
            "eps_4q_growth_year": -93.91,
            "roe": 4.73,
            "roe_4q": 6.57,
            "gross_profit": 288419,
            "gross_margin": 24.22,
            "gross_margin_4q_avg": 23.7,
            "net_income": 344625,
            "net_income_4q": null,
            "revenue": 1190602,
            "revenue_4q": null,
            "common_shares": 1940631,
            "book_valuer_per_share": 37.24,
            "book_valuer_per_share_4q_avg": 38.64,
            "equity": 7375752,
            "current_ratio": 179.1,
            "debt_ratio": 42.24,
            "inventory_turnover_ratio": 1.13,
            "account_receivable_turnover_ratio": 0.75,
            "reinvestment_rate": 133.77,
            "research_to_sale_ratio": 2.01,
            "price_fair": 350.16,
            "eps_avg_yearly": 10,
            "eps_latest_yearly": 3.32,
            "eps_growth_yearly": 5436.28
        },
        "20194": {
            "year_quarter": 20194,
            "year": 2019,
            "quarter": 4,
            "eps": 0.68,
            "eps_growth_year": 126.58,
            "eps_4q": 1.72,
            "eps_4q_growth_year": -91,
            "roe": 1.91,
            "roe_4q": 7.75,
            "gross_profit": 297550,
            "gross_margin": 27.26,
            "gross_margin_4q_avg": 25.14,
            "net_income": 140229,
            "net_income_4q": null,
            "revenue": 1091381,
            "revenue_4q": null,
            "common_shares": 1940631,
            "book_valuer_per_share": 37.3,
            "book_valuer_per_share_4q_avg": 38.08,
            "equity": 7340868,
            "current_ratio": 185.09,
            "debt_ratio": 40.49,
            "inventory_turnover_ratio": 1.06,
            "account_receivable_turnover_ratio": 0.69,
            "reinvestment_rate": 128.85,
            "research_to_sale_ratio": 2.19,
            "price_fair": 359.18,
            "eps_avg_yearly": 10.26,
            "eps_latest_yearly": 2.72,
            "eps_growth_yearly": 5376.88
        },
        "20201": {
            "year_quarter": 20201,
            "year": 2020,
            "quarter": 1,
            "eps": 0.57,
            "eps_growth_year": -31.33,
            "eps_4q": 1.9,
            "eps_4q_growth_year": -90.4,
            "roe": 1.54,
            "roe_4q": 6.819999999999999,
            "gross_profit": 220946,
            "gross_margin": 25.02,
            "gross_margin_4q_avg": 25.17,
            "net_income": 113805,
            "net_income_4q": null,
            "revenue": 882938,
            "revenue_4q": null,
            "common_shares": 1940631,
            "book_valuer_per_share": 37.78,
            "book_valuer_per_share_4q_avg": 37.38,
            "equity": 7400920,
            "current_ratio": 184.5,
            "debt_ratio": 40.67,
            "inventory_turnover_ratio": 0.86,
            "account_receivable_turnover_ratio": 0.6,
            "reinvestment_rate": 86.39,
            "research_to_sale_ratio": 2.43,
            "price_fair": 331.24,
            "eps_avg_yearly": 9.46,
            "eps_latest_yearly": 2.28,
            "eps_growth_yearly": 4832.72
        },
        "20202": {
            "year_quarter": 20202,
            "year": 2020,
            "quarter": 2,
            "eps": 0.93,
            "eps_growth_year": null,
            "eps_4q": 3.18,
            "eps_4q_growth_year": 968.95,
            "roe": 2.42,
            "roe_4q": 10.600000000000001,
            "gross_profit": 306423,
            "gross_margin": 26.85,
            "gross_margin_4q_avg": 25.84,
            "net_income": 184352,
            "net_income_4q": null,
            "revenue": 1141264,
            "revenue_4q": null,
            "common_shares": 1940631,
            "book_valuer_per_share": 40.32,
            "book_valuer_per_share_4q_avg": 38.16,
            "equity": 7854494,
            "current_ratio": 171.53,
            "debt_ratio": 39.63,
            "inventory_turnover_ratio": 1.09,
            "account_receivable_turnover_ratio": 0.78,
            "reinvestment_rate": 95.39,
            "research_to_sale_ratio": 1.57,
            "price_fair": 312.96,
            "eps_avg_yearly": 8.94,
            "eps_latest_yearly": 3.72,
            "eps_growth_yearly": 4416.35
        },
        "20203": {
            "year_quarter": 20203,
            "year": 2020,
            "quarter": 3,
            "eps": 0.92,
            "eps_growth_year": -55.34,
            "eps_4q": 4.08,
            "eps_4q_growth_year": 244.56,
            "roe": 1.72,
            "roe_4q": 7.59,
            "gross_profit": 313097,
            "gross_margin": 25.56,
            "gross_margin_4q_avg": 26.17,
            "net_income": 130504,
            "net_income_4q": null,
            "revenue": 1225073,
            "revenue_4q": null,
            "common_shares": 1358442,
            "book_valuer_per_share": 54.11,
            "book_valuer_per_share_4q_avg": 42.38,
            "equity": 7355282,
            "current_ratio": 153.76,
            "debt_ratio": 44.54,
            "inventory_turnover_ratio": 1.25,
            "account_receivable_turnover_ratio": 0.77,
            "reinvestment_rate": 87.73,
            "research_to_sale_ratio": 1.88,
            "price_fair": 297.62,
            "eps_avg_yearly": 8.5,
            "eps_latest_yearly": 3.68,
            "eps_growth_yearly": 4047.96
        },
        "20204": {
            "year_quarter": 20204,
            "year": 2020,
            "quarter": 4,
            "eps": 1.08,
            "eps_growth_year": 59.02,
            "eps_4q": 4.19,
            "eps_4q_growth_year": 143.27,
            "roe": 2.04,
            "roe_4q": 7.72,
            "gross_profit": 315712,
            "gross_margin": 25.94,
            "gross_margin_4q_avg": 25.84,
            "net_income": 152732,
            "net_income_4q": null,
            "revenue": 1217277,
            "revenue_4q": null,
            "common_shares": 1358442,
            "book_valuer_per_share": 56.19,
            "book_valuer_per_share_4q_avg": 47.1,
            "equity": 7641614,
            "current_ratio": 150.92,
            "debt_ratio": 44.21,
            "inventory_turnover_ratio": 1.2,
            "account_receivable_turnover_ratio": 0.72,
            "reinvestment_rate": 86.01,
            "research_to_sale_ratio": 1.62,
            "price_fair": 308.47,
            "eps_avg_yearly": 8.81,
            "eps_latest_yearly": 4.32,
            "eps_growth_yearly": 3587.09
        },
        "20211": {
            "year_quarter": 20211,
            "year": 2021,
            "quarter": 1,
            "eps": 1.8,
            "eps_growth_year": 215.79,
            "eps_4q": 5.13,
            "eps_4q_growth_year": 170.28,
            "roe": 2.7,
            "roe_4q": 8.879999999999999,
            "gross_profit": 370744,
            "gross_margin": 21.6,
            "gross_margin_4q_avg": 24.99,
            "net_income": 211499,
            "net_income_4q": null,
            "revenue": 1716545,
            "revenue_4q": null,
            "common_shares": 1358442,
            "book_valuer_per_share": 59.21,
            "book_valuer_per_share_4q_avg": 52.46,
            "equity": 8042716,
            "current_ratio": 133.23,
            "debt_ratio": 57.31,
            "inventory_turnover_ratio": 1.05,
            "account_receivable_turnover_ratio": 0.79,
            "reinvestment_rate": 126.62,
            "research_to_sale_ratio": 1.03,
            "price_fair": 326.67,
            "eps_avg_yearly": 9.33,
            "eps_latest_yearly": 7.2,
            "eps_growth_yearly": 3589.31
        },
        "20212": {
            "year_quarter": 20212,
            "year": 2021,
            "quarter": 2,
            "eps": 2.66,
            "eps_growth_year": 186.02,
            "eps_4q": 6.47,
            "eps_4q_growth_year": 103.33,
            "roe": 4.43,
            "roe_4q": 10.89,
            "gross_profit": 562566,
            "gross_margin": 26.49,
            "gross_margin_4q_avg": 24.9,
            "net_income": 360779,
            "net_income_4q": null,
            "revenue": 2123688,
            "revenue_4q": null,
            "common_shares": 1358442,
            "book_valuer_per_share": 60.8,
            "book_valuer_per_share_4q_avg": 57.58,
            "equity": 8262164,
            "current_ratio": 134.8,
            "debt_ratio": 56.52,
            "inventory_turnover_ratio": 0.85,
            "account_receivable_turnover_ratio": 0.77,
            "reinvestment_rate": 116.79,
            "research_to_sale_ratio": 1.02,
            "price_fair": 345.45,
            "eps_avg_yearly": 9.87,
            "eps_latest_yearly": 10.64,
            "eps_growth_yearly": 3492.74
        },
        "20213": {
            "year_quarter": 20213,
            "year": 2021,
            "quarter": 3,
            "eps": 2.85,
            "eps_growth_year": 209.78,
            "eps_4q": 8.37,
            "eps_4q_growth_year": 105.37,
            "roe": 4.67,
            "roe_4q": 13.84,
            "gross_profit": 481048,
            "gross_margin": 22.49,
            "gross_margin_4q_avg": 24.13,
            "net_income": 387285,
            "net_income_4q": null,
            "revenue": 2139274,
            "revenue_4q": null,
            "common_shares": 1358442,
            "book_valuer_per_share": 61.2,
            "book_valuer_per_share_4q_avg": 59.35,
            "equity": 8317305,
            "current_ratio": 133.69,
            "debt_ratio": 56.77,
            "inventory_turnover_ratio": 0.85,
            "account_receivable_turnover_ratio": 0.72,
            "reinvestment_rate": 106.39,
            "research_to_sale_ratio": 1.06,
            "price_fair": 371.35,
            "eps_avg_yearly": 10.61,
            "eps_latest_yearly": 11.4,
            "eps_growth_yearly": 3508.45
        },
        "20214": {
            "year_quarter": 20214,
            "year": 2021,
            "quarter": 4,
            "eps": 1.32,
            "eps_growth_year": 21.98,
            "eps_4q": 8.62,
            "eps_4q_growth_year": 105.93,
            "roe": 2.13,
            "roe_4q": 13.93,
            "gross_profit": 340200,
            "gross_margin": 19.6,
            "gross_margin_4q_avg": 22.55,
            "net_income": 179235,
            "net_income_4q": null,
            "revenue": 1736029,
            "revenue_4q": null,
            "common_shares": 1358442,
            "book_valuer_per_share": 62.75,
            "book_valuer_per_share_4q_avg": 60.99,
            "equity": 8527502,
            "current_ratio": 133.92,
            "debt_ratio": 54.76,
            "inventory_turnover_ratio": 0.7,
            "account_receivable_turnover_ratio": 0.64,
            "reinvestment_rate": 103.17,
            "research_to_sale_ratio": 1.08,
            "price_fair": 379.75,
            "eps_avg_yearly": 10.85,
            "eps_latest_yearly": 5.28,
            "eps_growth_yearly": 3492.14
        },
        "20221": {
            "year_quarter": 20221,
            "year": 2022,
            "quarter": 1,
            "eps": 1.88,
            "eps_growth_year": 4.44,
            "eps_4q": 8.71,
            "eps_4q_growth_year": 69.79,
            "roe": 2.91,
            "roe_4q": 14.14,
            "gross_profit": 263882,
            "gross_margin": 17.52,
            "gross_margin_4q_avg": 21.53,
            "net_income": 255992,
            "net_income_4q": null,
            "revenue": 1505837,
            "revenue_4q": null,
            "common_shares": 1358442,
            "book_valuer_per_share": 66.58,
            "book_valuer_per_share_4q_avg": 62.83,
            "equity": 9048684,
            "current_ratio": 137.79,
            "debt_ratio": 52.89,
            "inventory_turnover_ratio": 0.6,
            "account_receivable_turnover_ratio": 0.64,
            "reinvestment_rate": 99.12,
            "research_to_sale_ratio": 1.2,
            "price_fair": 399.58,
            "eps_avg_yearly": 11.42,
            "eps_latest_yearly": 7.52,
            "eps_growth_yearly": 3529.62
        },
        "20222": {
            "year_quarter": 20222,
            "year": 2022,
            "quarter": 2,
            "eps": 1.27,
            "eps_growth_year": -52.26,
            "eps_4q": 7.32,
            "eps_4q_growth_year": 13.22,
            "roe": 1.93,
            "roe_4q": 11.64,
            "gross_profit": 276006,
            "gross_margin": 17.46,
            "gross_margin_4q_avg": 19.27,
            "net_income": 173476,
            "net_income_4q": null,
            "revenue": 1580792,
            "revenue_4q": null,
            "common_shares": 1358442,
            "book_valuer_per_share": 65.39,
            "book_valuer_per_share_4q_avg": 63.98,
            "equity": 8887729,
            "current_ratio": 140.02,
            "debt_ratio": 53.63,
            "inventory_turnover_ratio": 0.63,
            "account_receivable_turnover_ratio": 0.75,
            "reinvestment_rate": 162.87,
            "research_to_sale_ratio": 1.15,
            "price_fair": 195.88,
            "eps_avg_yearly": 5.6,
            "eps_latest_yearly": 5.08,
            "eps_growth_yearly": 83.62
        },
        "20223": {
            "year_quarter": 20223,
            "year": 2022,
            "quarter": 3,
            "eps": 1.58,
            "eps_growth_year": -44.56,
            "eps_4q": 7.23,
            "eps_4q_growth_year": -13.65,
            "roe": 1.98,
            "roe_4q": 8.95,
            "gross_profit": 261145,
            "gross_margin": 17.35,
            "gross_margin_4q_avg": 17.98,
            "net_income": 178311,
            "net_income_4q": null,
            "revenue": 1505081,
            "revenue_4q": null,
            "common_shares": 1086753,
            "book_valuer_per_share": 84.26,
            "book_valuer_per_share_4q_avg": 69.75,
            "equity": 9162114,
            "current_ratio": 142.15,
            "debt_ratio": 52.66,
            "inventory_turnover_ratio": 0.67,
            "account_receivable_turnover_ratio": 0.74,
            "reinvestment_rate": 155.16,
            "research_to_sale_ratio": 0.87,
            "price_fair": 197.83,
            "eps_avg_yearly": 5.65,
            "eps_latest_yearly": 6.32,
            "eps_growth_yearly": 84.7
        },
        "20224": {
            "year_quarter": 20224,
            "year": 2022,
            "quarter": 4,
            "eps": 0.05,
            "eps_growth_year": -95.92,
            "eps_4q": 5.63,
            "eps_4q_growth_year": -34.65,
            "roe": 0.07,
            "roe_4q": 6.89,
            "gross_profit": 222085,
            "gross_margin": 17.4,
            "gross_margin_4q_avg": 17.43,
            "net_income": 5882,
            "net_income_4q": null,
            "revenue": 1276602,
            "revenue_4q": null,
            "common_shares": 1086753,
            "book_valuer_per_share": 81.26,
            "book_valuer_per_share_4q_avg": 74.37,
            "equity": 8830522,
            "current_ratio": 139.04,
            "debt_ratio": 53.35,
            "inventory_turnover_ratio": 0.65,
            "account_receivable_turnover_ratio": 0.65,
            "reinvestment_rate": 122.05,
            "research_to_sale_ratio": 1.26,
            "price_fair": 184.2,
            "eps_avg_yearly": 5.26,
            "eps_latest_yearly": 0.2,
            "eps_growth_yearly": 50.98
        },
        "20231": {
            "year_quarter": 20231,
            "year": 2023,
            "quarter": 1,
            "eps": 0.11,
            "eps_growth_year": -94.15,
            "eps_4q": 3.39,
            "eps_4q_growth_year": -61.12,
            "roe": 0.13,
            "roe_4q": 4.11,
            "gross_profit": 144420,
            "gross_margin": 12.89,
            "gross_margin_4q_avg": 16.28,
            "net_income": 11857,
            "net_income_4q": null,
            "revenue": 1120133,
            "revenue_4q": null,
            "common_shares": 1086753,
            "book_valuer_per_share": 81.06,
            "book_valuer_per_share_4q_avg": 77.99,
            "equity": 8809588,
            "current_ratio": 138.72,
            "debt_ratio": 51.4,
            "inventory_turnover_ratio": 0.64,
            "account_receivable_turnover_ratio": 0.64,
            "reinvestment_rate": 131.44,
            "research_to_sale_ratio": 1.46,
            "price_fair": 177,
            "eps_avg_yearly": 5.06,
            "eps_latest_yearly": 0.44,
            "eps_growth_yearly": 34.79
        },
        "20232": {
            "year_quarter": 20232,
            "year": 2023,
            "quarter": 2,
            "eps": 1.66,
            "eps_growth_year": 30.71,
            "eps_4q": 3.47,
            "eps_4q_growth_year": -52.66,
            "roe": 2.05,
            "roe_4q": 4.2299999999999995,
            "gross_profit": 210883,
            "gross_margin": 16.73,
            "gross_margin_4q_avg": 16.09,
            "net_income": 180688,
            "net_income_4q": null,
            "revenue": 1260489,
            "revenue_4q": null,
            "common_shares": 1086753,
            "book_valuer_per_share": 81.07,
            "book_valuer_per_share_4q_avg": 81.91,
            "equity": 8810261,
            "current_ratio": 137.1,
            "debt_ratio": 48.97,
            "inventory_turnover_ratio": 0.71,
            "account_receivable_turnover_ratio": 0.75,
            "reinvestment_rate": 53.15,
            "research_to_sale_ratio": 1.14,
            "price_fair": 180.69,
            "eps_avg_yearly": 5.16,
            "eps_latest_yearly": 6.64,
            "eps_growth_yearly": 408.23
        },
        "20233": {
            "year_quarter": 20233,
            "year": 2023,
            "quarter": 3,
            "eps": 1.28,
            "eps_growth_year": -18.99,
            "eps_4q": 3.11,
            "eps_4q_growth_year": -57.01,
            "roe": 1.55,
            "roe_4q": 3.7999999999999994,
            "gross_profit": 222070,
            "gross_margin": 17.71,
            "gross_margin_4q_avg": 16.18,
            "net_income": 139273,
            "net_income_4q": null,
            "revenue": 1254257,
            "revenue_4q": null,
            "common_shares": 1086753,
            "book_valuer_per_share": 83.88,
            "book_valuer_per_share_4q_avg": 81.82,
            "equity": 9116194,
            "current_ratio": 154.2,
            "debt_ratio": 39.3,
            "inventory_turnover_ratio": 0.7,
            "account_receivable_turnover_ratio": 0.73,
            "reinvestment_rate": 57.89,
            "research_to_sale_ratio": 1.12,
            "price_fair": 180.6,
            "eps_avg_yearly": 5.16,
            "eps_latest_yearly": 5.12,
            "eps_growth_yearly": 376.99
        }
    },
    "months": {
        "2001-06": {
            "month": "2001-06",
            "price": "13.79",
            "revenue": 112082
        },
        "2001-07": {
            "month": "2001-07",
            "price": "11.07",
            "revenue": 105863
        },
        "2001-08": {
            "month": "2001-08",
            "price": "11.36",
            "revenue": 160919
        },
        "2001-09": {
            "month": "2001-09",
            "price": "9.43",
            "revenue": 150816
        },
        "2001-10": {
            "month": "2001-10",
            "price": "8.90",
            "revenue": 120923
        },
        "2001-11": {
            "month": "2001-11",
            "price": "11.47",
            "revenue": 101740
        },
        "2001-12": {
            "month": "2001-12",
            "price": "14.62",
            "revenue": 71608
        },
        "2002-01": {
            "month": "2002-01",
            "price": "15.81",
            "revenue": 99194
        },
        "2002-02": {
            "month": "2002-02",
            "price": "15.00",
            "revenue": 46504
        },
        "2002-03": {
            "month": "2002-03",
            "price": "17.46",
            "revenue": 94315
        },
        "2002-04": {
            "month": "2002-04",
            "price": "18.22",
            "revenue": 126275
        },
        "2002-05": {
            "month": "2002-05",
            "price": "13.62",
            "revenue": 126796
        },
        "2002-06": {
            "month": "2002-06",
            "price": "12.77",
            "revenue": 109568
        },
        "2002-07": {
            "month": "2002-07",
            "price": "11.62",
            "revenue": 124223
        },
        "2002-08": {
            "month": "2002-08",
            "price": "10.77",
            "revenue": 119352
        },
        "2002-09": {
            "month": "2002-09",
            "price": "9.72",
            "revenue": 124576
        },
        "2002-10": {
            "month": "2002-10",
            "price": "9.84",
            "revenue": 104360
        },
        "2002-11": {
            "month": "2002-11",
            "price": "10.75",
            "revenue": 99737
        },
        "2002-12": {
            "month": "2002-12",
            "price": "10.22",
            "revenue": 91618
        },
        "2003-01": {
            "month": "2003-01",
            "price": "10.21",
            "revenue": 105821
        },
        "2003-02": {
            "month": "2003-02",
            "price": "10.33",
            "revenue": 90966
        },
        "2003-03": {
            "month": "2003-03",
            "price": "10.02",
            "revenue": 137455
        },
        "2003-04": {
            "month": "2003-04",
            "price": "9.83",
            "revenue": 95080
        },
        "2003-05": {
            "month": "2003-05",
            "price": "9.69",
            "revenue": 92268
        },
        "2003-06": {
            "month": "2003-06",
            "price": "13.78",
            "revenue": 80723
        },
        "2003-07": {
            "month": "2003-07",
            "price": "13.57",
            "revenue": 104072
        },
        "2003-08": {
            "month": "2003-08",
            "price": "11.34",
            "revenue": 92168
        },
        "2003-09": {
            "month": "2003-09",
            "price": "12.03",
            "revenue": 135716
        },
        "2003-10": {
            "month": "2003-10",
            "price": "12.68",
            "revenue": 117541
        },
        "2003-11": {
            "month": "2003-11",
            "price": "12.90",
            "revenue": 107816
        },
        "2003-12": {
            "month": "2003-12",
            "price": "12.42",
            "revenue": 103653
        },
        "2004-01": {
            "month": "2004-01",
            "price": "12.80",
            "revenue": 97595
        },
        "2004-02": {
            "month": "2004-02",
            "price": "13.86",
            "revenue": 116116
        },
        "2004-03": {
            "month": "2004-03",
            "price": "12.91",
            "revenue": 83045
        },
        "2004-04": {
            "month": "2004-04",
            "price": "14.26",
            "revenue": 129710
        },
        "2004-05": {
            "month": "2004-05",
            "price": "11.72",
            "revenue": 97298
        },
        "2004-06": {
            "month": "2004-06",
            "price": "11.23",
            "revenue": 97630
        },
        "2004-07": {
            "month": "2004-07",
            "price": "10.77",
            "revenue": 109561
        },
        "2004-08": {
            "month": "2004-08",
            "price": "10.51",
            "revenue": 95265
        },
        "2004-09": {
            "month": "2004-09",
            "price": "9.96",
            "revenue": 76671
        },
        "2004-10": {
            "month": "2004-10",
            "price": "8.84",
            "revenue": 52972
        },
        "2004-11": {
            "month": "2004-11",
            "price": "8.09",
            "revenue": 57470
        },
        "2004-12": {
            "month": "2004-12",
            "price": "8.26",
            "revenue": 47292
        },
        "2005-01": {
            "month": "2005-01",
            "price": "8.56",
            "revenue": 48482
        },
        "2005-02": {
            "month": "2005-02",
            "price": "8.56",
            "revenue": 25221
        },
        "2005-03": {
            "month": "2005-03",
            "price": "8.94",
            "revenue": 37603
        },
        "2005-04": {
            "month": "2005-04",
            "price": "8.54",
            "revenue": 35664
        },
        "2005-05": {
            "month": "2005-05",
            "price": "7.29",
            "revenue": 46768
        },
        "2005-06": {
            "month": "2005-06",
            "price": "8.30",
            "revenue": 37965
        },
        "2005-07": {
            "month": "2005-07",
            "price": "8.50",
            "revenue": 41556
        },
        "2005-08": {
            "month": "2005-08",
            "price": "7.46",
            "revenue": 34380
        },
        "2005-09": {
            "month": "2005-09",
            "price": "6.42",
            "revenue": 38717
        },
        "2005-10": {
            "month": "2005-10",
            "price": "5.29",
            "revenue": 36254
        },
        "2005-11": {
            "month": "2005-11",
            "price": "5.25",
            "revenue": 209410
        },
        "2005-12": {
            "month": "2005-12",
            "price": "7.69",
            "revenue": 197917
        },
        "2006-01": {
            "month": "2006-01",
            "price": "8.66",
            "revenue": 295519
        },
        "2006-02": {
            "month": "2006-02",
            "price": "7.42",
            "revenue": 287346
        },
        "2006-03": {
            "month": "2006-03",
            "price": "7.12",
            "revenue": 350520
        },
        "2006-04": {
            "month": "2006-04",
            "price": "7.97",
            "revenue": 323708
        },
        "2006-05": {
            "month": "2006-05",
            "price": "7.31",
            "revenue": 333353
        },
        "2006-06": {
            "month": "2006-06",
            "price": "6.19",
            "revenue": 333398
        },
        "2006-07": {
            "month": "2006-07",
            "price": "6.12",
            "revenue": 303872
        },
        "2006-08": {
            "month": "2006-08",
            "price": "6.47",
            "revenue": 356467
        },
        "2006-09": {
            "month": "2006-09",
            "price": "6.21",
            "revenue": 326271
        },
        "2006-10": {
            "month": "2006-10",
            "price": "6.73",
            "revenue": 342175
        },
        "2006-11": {
            "month": "2006-11",
            "price": "7.34",
            "revenue": 350724
        },
        "2006-12": {
            "month": "2006-12",
            "price": "8.25",
            "revenue": 281005
        },
        "2007-01": {
            "month": "2007-01",
            "price": "8.63",
            "revenue": 348275
        },
        "2007-02": {
            "month": "2007-02",
            "price": "8.30",
            "revenue": 216884
        },
        "2007-03": {
            "month": "2007-03",
            "price": "8.09",
            "revenue": 343492
        },
        "2007-04": {
            "month": "2007-04",
            "price": "9.10",
            "revenue": 273290
        },
        "2007-05": {
            "month": "2007-05",
            "price": "8.28",
            "revenue": 319111
        },
        "2007-06": {
            "month": "2007-06",
            "price": "8.92",
            "revenue": 359329
        },
        "2007-07": {
            "month": "2007-07",
            "price": "10.61",
            "revenue": 348233
        },
        "2007-08": {
            "month": "2007-08",
            "price": "9.85",
            "revenue": 360990
        },
        "2007-09": {
            "month": "2007-09",
            "price": "9.24",
            "revenue": 377252
        },
        "2007-10": {
            "month": "2007-10",
            "price": "9.09",
            "revenue": 352159
        },
        "2007-11": {
            "month": "2007-11",
            "price": "7.22",
            "revenue": 315096
        },
        "2007-12": {
            "month": "2007-12",
            "price": "6.29",
            "revenue": 260654
        },
        "2008-01": {
            "month": "2008-01",
            "price": "5.64",
            "revenue": 229635
        },
        "2008-02": {
            "month": "2008-02",
            "price": "5.18",
            "revenue": 224233
        },
        "2008-03": {
            "month": "2008-03",
            "price": "6.90",
            "revenue": 258686
        },
        "2008-04": {
            "month": "2008-04",
            "price": "7.05",
            "revenue": 266545
        },
        "2008-05": {
            "month": "2008-05",
            "price": "6.88",
            "revenue": 255605
        },
        "2008-06": {
            "month": "2008-06",
            "price": "6.12",
            "revenue": 257526
        },
        "2008-07": {
            "month": "2008-07",
            "price": "4.71",
            "revenue": 274935
        },
        "2008-08": {
            "month": "2008-08",
            "price": "4.74",
            "revenue": 280584
        },
        "2008-09": {
            "month": "2008-09",
            "price": "3.96",
            "revenue": 286659
        },
        "2008-10": {
            "month": "2008-10",
            "price": "3.11",
            "revenue": 221477
        },
        "2008-11": {
            "month": "2008-11",
            "price": "2.58",
            "revenue": 155647
        },
        "2008-12": {
            "month": "2008-12",
            "price": "2.40",
            "revenue": 132063
        },
        "2009-01": {
            "month": "2009-01",
            "price": "2.41",
            "revenue": 115353
        },
        "2009-02": {
            "month": "2009-02",
            "price": "2.52",
            "revenue": 165312
        },
        "2009-03": {
            "month": "2009-03",
            "price": "3.45",
            "revenue": 191349
        },
        "2009-04": {
            "month": "2009-04",
            "price": "4.07",
            "revenue": 183503
        },
        "2009-05": {
            "month": "2009-05",
            "price": "4.24",
            "revenue": 178040
        },
        "2009-06": {
            "month": "2009-06",
            "price": "4.45",
            "revenue": 182465
        },
        "2009-07": {
            "month": "2009-07",
            "price": "4.65",
            "revenue": 223011
        },
        "2009-08": {
            "month": "2009-08",
            "price": "4.80",
            "revenue": 219051
        },
        "2009-09": {
            "month": "2009-09",
            "price": "4.54",
            "revenue": 234689
        },
        "2009-10": {
            "month": "2009-10",
            "price": "4.40",
            "revenue": 208141
        },
        "2009-11": {
            "month": "2009-11",
            "price": "4.13",
            "revenue": 224520
        },
        "2009-12": {
            "month": "2009-12",
            "price": "4.53",
            "revenue": 217651
        },
        "2010-01": {
            "month": "2010-01",
            "price": "5.21",
            "revenue": 231249
        },
        "2010-02": {
            "month": "2010-02",
            "price": "4.88",
            "revenue": 157265
        },
        "2010-03": {
            "month": "2010-03",
            "price": "5.23",
            "revenue": 216622
        },
        "2010-04": {
            "month": "2010-04",
            "price": "7.01",
            "revenue": 237814
        },
        "2010-05": {
            "month": "2010-05",
            "price": "8.12",
            "revenue": 237830
        },
        "2010-06": {
            "month": "2010-06",
            "price": "7.79",
            "revenue": 238887
        },
        "2010-07": {
            "month": "2010-07",
            "price": "7.60",
            "revenue": 224090
        },
        "2010-08": {
            "month": "2010-08",
            "price": "7.88",
            "revenue": 201503
        },
        "2010-09": {
            "month": "2010-09",
            "price": "7.22",
            "revenue": 205166
        },
        "2010-10": {
            "month": "2010-10",
            "price": "5.92",
            "revenue": 153676
        },
        "2010-11": {
            "month": "2010-11",
            "price": "8.75",
            "revenue": 207028
        },
        "2010-12": {
            "month": "2010-12",
            "price": "8.76",
            "revenue": 160663
        },
        "2011-01": {
            "month": "2011-01",
            "price": "8.62",
            "revenue": 168658
        },
        "2011-02": {
            "month": "2011-02",
            "price": "8.86",
            "revenue": 124937
        },
        "2011-03": {
            "month": "2011-03",
            "price": "8.56",
            "revenue": 185569
        },
        "2011-04": {
            "month": "2011-04",
            "price": "8.43",
            "revenue": 210464
        },
        "2011-05": {
            "month": "2011-05",
            "price": "7.96",
            "revenue": 213613
        },
        "2011-06": {
            "month": "2011-06",
            "price": "7.32",
            "revenue": 195549
        },
        "2011-07": {
            "month": "2011-07",
            "price": "6.44",
            "revenue": 187848
        },
        "2011-08": {
            "month": "2011-08",
            "price": "5.23",
            "revenue": 175979
        },
        "2011-09": {
            "month": "2011-09",
            "price": "5.22",
            "revenue": 158666
        },
        "2011-10": {
            "month": "2011-10",
            "price": "4.97",
            "revenue": 159300
        },
        "2011-11": {
            "month": "2011-11",
            "price": "4.41",
            "revenue": 168707
        },
        "2011-12": {
            "month": "2011-12",
            "price": "4.05",
            "revenue": 164702
        },
        "2012-01": {
            "month": "2012-01",
            "price": "4.14",
            "revenue": 113469
        },
        "2012-02": {
            "month": "2012-02",
            "price": "5.32",
            "revenue": 125939
        },
        "2012-03": {
            "month": "2012-03",
            "price": "5.54",
            "revenue": 159113
        },
        "2012-04": {
            "month": "2012-04",
            "price": "4.85",
            "revenue": 157528
        },
        "2012-05": {
            "month": "2012-05",
            "price": "4.25",
            "revenue": 150689
        },
        "2012-06": {
            "month": "2012-06",
            "price": "4.02",
            "revenue": 139990
        },
        "2012-07": {
            "month": "2012-07",
            "price": "3.91",
            "revenue": 138921
        },
        "2012-08": {
            "month": "2012-08",
            "price": "3.75",
            "revenue": 140406
        },
        "2012-09": {
            "month": "2012-09",
            "price": "3.95",
            "revenue": 144240
        },
        "2012-10": {
            "month": "2012-10",
            "price": "3.90",
            "revenue": 130383
        },
        "2012-11": {
            "month": "2012-11",
            "price": "3.75",
            "revenue": 139983
        },
        "2012-12": {
            "month": "2012-12",
            "price": "3.88",
            "revenue": 138569
        },
        "2013-01": {
            "month": "2013-01",
            "price": "4.10",
            "revenue": 155288
        },
        "2013-02": {
            "month": "2013-02",
            "price": "4.59",
            "revenue": 106052
        },
        "2013-03": {
            "month": "2013-03",
            "price": "5.57",
            "revenue": 156412
        },
        "2013-04": {
            "month": "2013-04",
            "price": "6.55",
            "revenue": 162606
        },
        "2013-05": {
            "month": "2013-05",
            "price": "7.30",
            "revenue": 182393
        },
        "2013-06": {
            "month": "2013-06",
            "price": "6.95",
            "revenue": 149388
        },
        "2013-07": {
            "month": "2013-07",
            "price": "6.53",
            "revenue": 146733
        },
        "2013-08": {
            "month": "2013-08",
            "price": "6.88",
            "revenue": 142984
        },
        "2013-09": {
            "month": "2013-09",
            "price": "7.11",
            "revenue": 126901
        },
        "2013-10": {
            "month": "2013-10",
            "price": "10.01",
            "revenue": 130887
        },
        "2013-11": {
            "month": "2013-11",
            "price": "11.88",
            "revenue": 145598
        },
        "2013-12": {
            "month": "2013-12",
            "price": "12.70",
            "revenue": 145500
        },
        "2014-01": {
            "month": "2014-01",
            "price": "13.27",
            "revenue": 144083
        },
        "2014-02": {
            "month": "2014-02",
            "price": "14.34",
            "revenue": 118511
        },
        "2014-03": {
            "month": "2014-03",
            "price": "14.13",
            "revenue": 149692
        },
        "2014-04": {
            "month": "2014-04",
            "price": "14.87",
            "revenue": 145617
        },
        "2014-05": {
            "month": "2014-05",
            "price": "14.04",
            "revenue": 151185
        },
        "2014-06": {
            "month": "2014-06",
            "price": "14.19",
            "revenue": 127319
        },
        "2014-07": {
            "month": "2014-07",
            "price": "13.73",
            "revenue": 137454
        },
        "2014-08": {
            "month": "2014-08",
            "price": "13.25",
            "revenue": 132973
        },
        "2014-09": {
            "month": "2014-09",
            "price": "13.06",
            "revenue": 138359
        },
        "2014-10": {
            "month": "2014-10",
            "price": "12.00",
            "revenue": 119094
        },
        "2014-11": {
            "month": "2014-11",
            "price": "12.40",
            "revenue": 131160
        },
        "2014-12": {
            "month": "2014-12",
            "price": "12.26",
            "revenue": 136864
        },
        "2015-01": {
            "month": "2015-01",
            "price": "13.23",
            "revenue": 139675
        },
        "2015-02": {
            "month": "2015-02",
            "price": "14.02",
            "revenue": 78458
        },
        "2015-03": {
            "month": "2015-03",
            "price": "14.76",
            "revenue": 123445
        },
        "2015-04": {
            "month": "2015-04",
            "price": "16.81",
            "revenue": 125530
        },
        "2015-05": {
            "month": "2015-05",
            "price": "18.14",
            "revenue": 109247
        },
        "2015-06": {
            "month": "2015-06",
            "price": "15.19",
            "revenue": 110001
        },
        "2015-07": {
            "month": "2015-07",
            "price": "13.08",
            "revenue": 124752
        },
        "2015-08": {
            "month": "2015-08",
            "price": "13.08",
            "revenue": 129778
        },
        "2015-09": {
            "month": "2015-09",
            "price": "15.10",
            "revenue": 136413
        },
        "2015-10": {
            "month": "2015-10",
            "price": "15.22",
            "revenue": 134159
        },
        "2015-11": {
            "month": "2015-11",
            "price": "14.79",
            "revenue": 134333
        },
        "2015-12": {
            "month": "2015-12",
            "price": "13.79",
            "revenue": 141015
        },
        "2016-01": {
            "month": "2016-01",
            "price": "13.22",
            "revenue": 131668
        },
        "2016-02": {
            "month": "2016-02",
            "price": "13.67",
            "revenue": 72010
        },
        "2016-03": {
            "month": "2016-03",
            "price": "13.89",
            "revenue": 153020
        },
        "2016-04": {
            "month": "2016-04",
            "price": "12.74",
            "revenue": 133073
        },
        "2016-05": {
            "month": "2016-05",
            "price": "12.47",
            "revenue": 198561
        },
        "2016-06": {
            "month": "2016-06",
            "price": "13.58",
            "revenue": 269604
        },
        "2016-07": {
            "month": "2016-07",
            "price": "15.11",
            "revenue": 277507
        },
        "2016-08": {
            "month": "2016-08",
            "price": "15.63",
            "revenue": 294878
        },
        "2016-09": {
            "month": "2016-09",
            "price": "15.20",
            "revenue": 286731
        },
        "2016-10": {
            "month": "2016-10",
            "price": "16.90",
            "revenue": 228971
        },
        "2016-11": {
            "month": "2016-11",
            "price": "16.53",
            "revenue": 253125
        },
        "2016-12": {
            "month": "2016-12",
            "price": "16.60",
            "revenue": 261510
        },
        "2017-01": {
            "month": "2017-01",
            "price": "16.47",
            "revenue": 213649
        },
        "2017-02": {
            "month": "2017-02",
            "price": "16.72",
            "revenue": 172988
        },
        "2017-03": {
            "month": "2017-03",
            "price": "17.36",
            "revenue": 260148
        },
        "2017-04": {
            "month": "2017-04",
            "price": "21.91",
            "revenue": 252827
        },
        "2017-05": {
            "month": "2017-05",
            "price": "24.02",
            "revenue": 252822
        },
        "2017-06": {
            "month": "2017-06",
            "price": "26.49",
            "revenue": 268640
        },
        "2017-07": {
            "month": "2017-07",
            "price": "27.13",
            "revenue": 265673
        },
        "2017-08": {
            "month": "2017-08",
            "price": "27.18",
            "revenue": 282914
        },
        "2017-09": {
            "month": "2017-09",
            "price": "29.37",
            "revenue": 269543
        },
        "2017-10": {
            "month": "2017-10",
            "price": "29.23",
            "revenue": 212568
        },
        "2017-11": {
            "month": "2017-11",
            "price": "29.52",
            "revenue": 231261
        },
        "2017-12": {
            "month": "2017-12",
            "price": "37.37",
            "revenue": 242440
        },
        "2018-01": {
            "month": "2018-01",
            "price": "47.10",
            "revenue": 259474
        },
        "2018-02": {
            "month": "2018-02",
            "price": "42.47",
            "revenue": 131926
        },
        "2018-03": {
            "month": "2018-03",
            "price": "44.82",
            "revenue": 237580
        },
        "2018-04": {
            "month": "2018-04",
            "price": "46.29",
            "revenue": 234662
        },
        "2018-05": {
            "month": "2018-05",
            "price": "47.68",
            "revenue": 273930
        },
        "2018-06": {
            "month": "2018-06",
            "price": "71.66",
            "revenue": 240650
        },
        "2018-07": {
            "month": "2018-07",
            "price": "80.71",
            "revenue": 261357
        },
        "2018-08": {
            "month": "2018-08",
            "price": "68.67",
            "revenue": 255050
        },
        "2018-09": {
            "month": "2018-09",
            "price": "53.09",
            "revenue": 230945
        },
        "2018-10": {
            "month": "2018-10",
            "price": "36.03",
            "revenue": 199026
        },
        "2018-11": {
            "month": "2018-11",
            "price": "29.75",
            "revenue": 222649
        },
        "2018-12": {
            "month": "2018-12",
            "price": "36.56",
            "revenue": 425201
        },
        "2019-01": {
            "month": "2019-01",
            "price": "40.55",
            "revenue": 429290
        },
        "2019-02": {
            "month": "2019-02",
            "price": "48.12",
            "revenue": 267966
        },
        "2019-03": {
            "month": "2019-03",
            "price": "48.32",
            "revenue": 373719
        },
        "2019-04": {
            "month": "2019-04",
            "price": "47.16",
            "revenue": 429790
        },
        "2019-05": {
            "month": "2019-05",
            "price": "42.26",
            "revenue": 390306
        },
        "2019-06": {
            "month": "2019-06",
            "price": "42.07",
            "revenue": 374164
        },
        "2019-07": {
            "month": "2019-07",
            "price": "43.44",
            "revenue": 420730
        },
        "2019-08": {
            "month": "2019-08",
            "price": "35.43",
            "revenue": 409904
        },
        "2019-09": {
            "month": "2019-09",
            "price": "41.20",
            "revenue": 360026
        },
        "2019-10": {
            "month": "2019-10",
            "price": "42.16",
            "revenue": 346141
        },
        "2019-11": {
            "month": "2019-11",
            "price": "40.29",
            "revenue": 371304
        },
        "2019-12": {
            "month": "2019-12",
            "price": "41.38",
            "revenue": 373913
        },
        "2020-01": {
            "month": "2020-01",
            "price": "42.97",
            "revenue": 302568
        },
        "2020-02": {
            "month": "2020-02",
            "price": "39.95",
            "revenue": 214192
        },
        "2020-03": {
            "month": "2020-03",
            "price": "31.58",
            "revenue": 366178
        },
        "2020-04": {
            "month": "2020-04",
            "price": "33.42",
            "revenue": 417592
        },
        "2020-05": {
            "month": "2020-05",
            "price": "36.94",
            "revenue": 359305
        },
        "2020-06": {
            "month": "2020-06",
            "price": "36.56",
            "revenue": 364367
        },
        "2020-07": {
            "month": "2020-07",
            "price": "34.25",
            "revenue": 405427
        },
        "2020-08": {
            "month": "2020-08",
            "price": "41.67",
            "revenue": 389787
        },
        "2020-09": {
            "month": "2020-09",
            "price": "41.27",
            "revenue": 429859
        },
        "2020-10": {
            "month": "2020-10",
            "price": "44.93",
            "revenue": 382095
        },
        "2020-11": {
            "month": "2020-11",
            "price": "57.31",
            "revenue": 405838
        },
        "2020-12": {
            "month": "2020-12",
            "price": "76.11",
            "revenue": 429344
        },
        "2021-01": {
            "month": "2021-01",
            "price": "98.56",
            "revenue": 472568
        },
        "2021-02": {
            "month": "2021-02",
            "price": "119.12",
            "revenue": 441897
        },
        "2021-03": {
            "month": "2021-03",
            "price": "125.07",
            "revenue": 631854
        },
        "2021-04": {
            "month": "2021-04",
            "price": "125.11",
            "revenue": 695096
        },
        "2021-05": {
            "month": "2021-05",
            "price": "100.91",
            "revenue": 705923
        },
        "2021-06": {
            "month": "2021-06",
            "price": "109.40",
            "revenue": 722670
        },
        "2021-07": {
            "month": "2021-07",
            "price": "113.16",
            "revenue": 740111
        },
        "2021-08": {
            "month": "2021-08",
            "price": "103.51",
            "revenue": 732197
        },
        "2021-09": {
            "month": "2021-09",
            "price": "90.68",
            "revenue": 666965
        },
        "2021-10": {
            "month": "2021-10",
            "price": "81.82",
            "revenue": 541830
        },
        "2021-11": {
            "month": "2021-11",
            "price": "94.41",
            "revenue": 580193
        },
        "2021-12": {
            "month": "2021-12",
            "price": "103.35",
            "revenue": 614006
        },
        "2022-01": {
            "month": "2022-01",
            "price": "95.09",
            "revenue": 529383
        },
        "2022-02": {
            "month": "2022-02",
            "price": "91.33",
            "revenue": 414665
        },
        "2022-03": {
            "month": "2022-03",
            "price": "82.71",
            "revenue": 561789
        },
        "2022-04": {
            "month": "2022-04",
            "price": "70.36",
            "revenue": 470080
        },
        "2022-05": {
            "month": "2022-05",
            "price": "64.57",
            "revenue": 545415
        },
        "2022-06": {
            "month": "2022-06",
            "price": "61.09",
            "revenue": 565297
        },
        "2022-07": {
            "month": "2022-07",
            "price": "53.27",
            "revenue": 528019
        },
        "2022-08": {
            "month": "2022-08",
            "price": "55.82",
            "revenue": 497713
        },
        "2022-09": {
            "month": "2022-09",
            "price": "56.44",
            "revenue": 479349
        },
        "2022-10": {
            "month": "2022-10",
            "price": "50.70",
            "revenue": 411513
        },
        "2022-11": {
            "month": "2022-11",
            "price": "55.87",
            "revenue": 423814
        },
        "2022-12": {
            "month": "2022-12",
            "price": "58.21",
            "revenue": 441275
        },
        "2023-01": {
            "month": "2023-01",
            "price": "57.50",
            "revenue": 275234
        },
        "2023-02": {
            "month": "2023-02",
            "price": "64.84",
            "revenue": 411428
        },
        "2023-03": {
            "month": "2023-03",
            "price": "74.96",
            "revenue": 433471
        },
        "2023-04": {
            "month": "2023-04",
            "price": "72.99",
            "revenue": 426189
        },
        "2023-05": {
            "month": "2023-05",
            "price": "69.13",
            "revenue": 424341
        },
        "2023-06": {
            "month": "2023-06",
            "price": "69.25",
            "revenue": 409959
        },
        "2023-07": {
            "month": "2023-07",
            "price": "65.53",
            "revenue": 412283
        },
        "2023-08": {
            "month": "2023-08",
            "price": "61.18",
            "revenue": 411700
        },
        "2023-09": {
            "month": "2023-09",
            "price": "67.28",
            "revenue": 430274
        },
        "2023-10": {
            "month": "2023-10",
            "price": "64.92",
            "revenue": 374251
        },
        "2023-11": {
            "month": "2023-11",
            "price": "67.75",
            "revenue": 409985
        },
        "2023-12": {
            "month": "2023-12",
            "price": "72.84",
            "revenue": 391708
        }
    }
}
