{
    "summary": {
        "stock_name": "技嘉",
        "stock_id": "2376",
        "category": "電腦及週邊設備",
        "main_business": "電腦硬體及其零件之製造加工及買賣<br>電腦系統週邊設備(包括軟體)之製造加工及買賣<br>前項有關商品進口及代理國內外廠商之投標報價及經營業務",
        "website_url": "http://www.gigabyte.com",
        "ceo": "李宜泰/林英宇",
        "pe_ratio": 36,
        "report_year_from": 2001,
        "report_year_to": 2023,
        "age": 23,
        "eps_negative_percentage": 0,
        "eps_growth_avg": {
            "last_all": 4.85,
            "last_2y": 0.3,
            "last_4y": 15.28,
            "last_8y": 9.8,
            "last_12y": 9.01,
            "last_16y": 17.27,
            "last_20y": 6.46,
            "at_2006_last_3y": -39.49,
            "at_2007_last_3y": -16.16,
            "at_2008_last_3y": -5.42,
            "at_2009_last_3y": 22.17,
            "at_2010_last_3y": 44.13,
            "at_2011_last_3y": 12.76,
            "at_2012_last_3y": 16.12,
            "at_2013_last_3y": 7.31,
            "at_2014_last_3y": 7.24,
            "at_2015_last_3y": 8.51,
            "at_2016_last_3y": 13.15,
            "at_2017_last_3y": 5.5,
            "at_2018_last_3y": 2.95,
            "at_2019_last_3y": 1.92,
            "at_2020_last_3y": 22.08,
            "at_2021_last_3y": 41.72,
            "at_2022_last_3y": 31.14,
            "at_2023_last_3y": 25.22,
            "at_2024_last_3y": 25.22,
            "at_2006_last_all": -37.39,
            "at_2007_last_all": -14.49,
            "at_2008_last_all": -14.23,
            "at_2009_last_all": -1.54,
            "at_2010_last_all": -1.16,
            "at_2011_last_all": -3.59,
            "at_2012_last_all": -3.19,
            "at_2013_last_all": 1.41,
            "at_2014_last_all": 1.42,
            "at_2015_last_all": -0.13,
            "at_2016_last_all": 1.17,
            "at_2017_last_all": 2.43,
            "at_2018_last_all": 1.78,
            "at_2019_last_all": 0.32,
            "at_2020_last_all": 5.57,
            "at_2021_last_all": 10.29,
            "at_2022_last_all": 7.37,
            "at_2023_last_all": 4.85,
            "at_2024_last_all": 4.85
        },
        "latest_eps": 7.42,
        "latest_price": 266,
        "latest_roe": 13.32,
        "latest_gross_margin": 13.27,
        "latest_equity": 36106179,
        "latest_revenue": 37013385,
        "latest_gross_profit": 4912395,
        "latest_net_income": 1478383,
        "latest_debt_ratio": 58.85,
        "latest_current_ratio": 187.88,
        "latest_account_receivable_turnover_ratio": 2.6,
        "latest_inventory_turnover_ratio": 1.26,
        "latest_reinvestment_rate": 5.21,
        "latest_research_to_sale_ratio": 2.17
    },
    "eps_dividends": {
        "1997": {
            "cash": 0,
            "stock": 7,
            "eps": 0
        },
        "1998": {
            "cash": 0,
            "stock": 9,
            "eps": 0
        },
        "1999": {
            "cash": 0,
            "stock": 7,
            "eps": 0
        },
        "2000": {
            "cash": 1,
            "stock": 4.5,
            "eps": 0
        },
        "2001": {
            "cash": 0,
            "stock": 0,
            "eps": 8
        },
        "2002": {
            "cash": 2.5,
            "stock": 1.5,
            "eps": 5.68
        },
        "2003": {
            "cash": 2.5,
            "stock": 0.5,
            "eps": 6.06
        },
        "2004": {
            "cash": 2.5,
            "stock": 0.5,
            "eps": 2.69
        },
        "2005": {
            "cash": 2,
            "stock": 0.5,
            "eps": 2.07
        },
        "2006": {
            "cash": 1.3,
            "stock": 0,
            "eps": 0.29
        },
        "2007": {
            "cash": 0.6,
            "stock": 0,
            "eps": 1.98
        },
        "2008": {
            "cash": 0.99,
            "stock": 0,
            "eps": 1.73
        },
        "2009": {
            "cash": 1,
            "stock": 0,
            "eps": 3.24
        },
        "2010": {
            "cash": 2.5,
            "stock": 0,
            "eps": 3.3
        },
        "2011": {
            "cash": 4.5,
            "stock": 0,
            "eps": 2.46
        },
        "2012": {
            "cash": 0,
            "stock": 0,
            "eps": 2.48
        },
        "2013": {
            "cash": 2,
            "stock": 0,
            "eps": 3.77
        },
        "2014": {
            "cash": 3,
            "stock": 0,
            "eps": 3.83
        },
        "2015": {
            "cash": 2.7,
            "stock": 0,
            "eps": 3.05
        },
        "2016": {
            "cash": 2.5,
            "stock": 0,
            "eps": 3.64
        },
        "2017": {
            "cash": 2.6,
            "stock": 0,
            "eps": 4.42
        },
        "2018": {
            "cash": 4,
            "stock": 0,
            "eps": 4.04
        },
        "2019": {
            "cash": 3,
            "stock": 0,
            "eps": 3.05
        },
        "2020": {
            "cash": 2.2,
            "stock": 0,
            "eps": 6.88
        },
        "2021": {
            "cash": 5,
            "stock": 0,
            "eps": 21
        },
        "2022": {
            "cash": 12,
            "stock": 0,
            "eps": 10.3
        },
        "2023": {
            "cash": 12.4,
            "stock": 0,
            "eps": 5.34
        }
    },
    "dividends": {
        "1997-04-19": {
            "cash": 0,
            "stock": 7
        },
        "1998-03-25": {
            "cash": 0,
            "stock": 9
        },
        "1999-04-23": {
            "cash": 0,
            "stock": 7
        },
        "2000-05-04": {
            "cash": 1,
            "stock": 4.5
        },
        "2002-05-23": {
            "cash": 2.5,
            "stock": 1.5
        },
        "2003-04-30": {
            "cash": 2.5,
            "stock": 0.5
        },
        "2004-05-20": {
            "cash": 2.5,
            "stock": 0.5
        },
        "2005-04-29": {
            "cash": 2,
            "stock": 0.5
        },
        "2006-03-02": {
            "cash": 1.3,
            "stock": 0
        },
        "2007-04-24": {
            "cash": 0.6,
            "stock": 0
        },
        "2008-04-16": {
            "cash": 0.99,
            "stock": 0
        },
        "2009-04-15": {
            "cash": 1,
            "stock": 0
        },
        "2010-04-12": {
            "cash": 2.5,
            "stock": 0
        },
        "2011-01-01": {
            "cash": 2,
            "stock": 0
        },
        "2011-04-25": {
            "cash": 2.5,
            "stock": 0
        },
        "2013-04-15": {
            "cash": 2,
            "stock": 0
        },
        "2014-06-11": {
            "cash": 3,
            "stock": 0
        },
        "2015-08-12": {
            "cash": 2.7,
            "stock": 0
        },
        "2016-08-05": {
            "cash": 2.5,
            "stock": 0
        },
        "2017-04-17": {
            "cash": 2.6,
            "stock": 0
        },
        "2018-08-08": {
            "cash": 4,
            "stock": 0
        },
        "2019-08-12": {
            "cash": 3,
            "stock": 0
        },
        "2020-08-12": {
            "cash": 2.2,
            "stock": 0
        },
        "2021-08-06": {
            "cash": 5,
            "stock": 0
        },
        "2022-08-31": {
            "cash": 12,
            "stock": 0
        },
        "2023-04-18": {
            "cash": 6.2,
            "stock": 0
        },
        "2023-08-31": {
            "cash": 6.2,
            "stock": 0
        }
    },
    "prices": {
        "200101": "72.38",
        "200102": "95.68",
        "200103": "97.82",
        "200104": "98.42",
        "200105": "86.43",
        "200106": "95.12",
        "200107": "87.14",
        "200108": "81.85",
        "200109": "66.35",
        "200110": "61.12",
        "200111": "71.95",
        "200112": "102.31",
        "200201": "106.07",
        "200202": "110.25",
        "200203": "105.26",
        "200204": "98.02",
        "200205": "84.93",
        "200206": "82.18",
        "200207": "77.83",
        "200208": "76.84",
        "200209": "64.95",
        "200210": "59.39",
        "200211": "61.38",
        "200212": "54.21",
        "200301": "51.31",
        "200302": "47.94",
        "200303": "48.77",
        "200304": "51.66",
        "200305": "52.55",
        "200306": "68.42",
        "200307": "83.00",
        "200308": "76.88",
        "200309": "67.36",
        "200310": "66.27",
        "200311": "62.62",
        "200312": "60.07",
        "200401": "60.90",
        "200402": "60.42",
        "200403": "60.54",
        "200404": "61.48",
        "200405": "52.62",
        "200406": "50.18",
        "200407": "44.65",
        "200408": "45.89",
        "200409": "42.71",
        "200410": "39.96",
        "200411": "38.59",
        "200412": "37.83",
        "200501": "34.84",
        "200502": "33.79",
        "200503": "32.97",
        "200504": "30.99",
        "200505": "32.45",
        "200506": "36.44",
        "200507": "37.68",
        "200508": "33.51",
        "200509": "31.87",
        "200510": "29.04",
        "200511": "28.88",
        "200512": "30.66",
        "200601": "29.43",
        "200602": "28.24",
        "200603": "25.68",
        "200604": "25.38",
        "200605": "24.23",
        "200606": "20.52",
        "200607": "19.84",
        "200608": "20.92",
        "200609": "24.57",
        "200610": "25.70",
        "200611": "23.85",
        "200612": "24.29",
        "200701": "25.60",
        "200702": "24.69",
        "200703": "22.90",
        "200704": "22.40",
        "200705": "21.78",
        "200706": "24.54",
        "200707": "26.92",
        "200708": "30.65",
        "200709": "28.14",
        "200710": "26.07",
        "200711": "22.99",
        "200712": "20.17",
        "200801": "18.19",
        "200802": "18.88",
        "200803": "20.76",
        "200804": "25.98",
        "200805": "27.85",
        "200806": "26.88",
        "200807": "22.69",
        "200808": "23.35",
        "200809": "17.52",
        "200810": "13.32",
        "200811": "11.51",
        "200812": "11.59",
        "200901": "12.25",
        "200902": "13.12",
        "200903": "17.06",
        "200904": "21.40",
        "200905": "22.30",
        "200906": "20.07",
        "200907": "21.15",
        "200908": "24.61",
        "200909": "26.54",
        "200910": "27.02",
        "200911": "29.24",
        "200912": "29.96",
        "201001": "31.14",
        "201002": "29.87",
        "201003": "31.07",
        "201004": "32.65",
        "201005": "33.39",
        "201006": "32.99",
        "201007": "32.83",
        "201008": "30.05",
        "201009": "28.75",
        "201010": "29.74",
        "201011": "29.35",
        "201012": "31.59",
        "201101": "32.44",
        "201102": "30.05",
        "201103": "29.52",
        "201104": "29.63",
        "201105": "30.40",
        "201106": "31.63",
        "201107": "31.21",
        "201108": "28.48",
        "201109": "27.12",
        "201110": "24.98",
        "201111": "22.54",
        "201112": "20.99",
        "201201": "22.67",
        "201202": "24.77",
        "201203": "25.82",
        "201204": "25.50",
        "201205": "25.79",
        "201206": "27.66",
        "201207": "27.05",
        "201208": "26.02",
        "201209": "26.42",
        "201210": "24.43",
        "201211": "23.71",
        "201212": "25.13",
        "201301": "26.07",
        "201302": "26.02",
        "201303": "26.72",
        "201304": "27.61",
        "201305": "28.48",
        "201306": "28.19",
        "201307": "27.33",
        "201308": "27.06",
        "201309": "28.16",
        "201310": "30.63",
        "201311": "33.40",
        "201312": "37.45",
        "201401": "38.36",
        "201402": "42.08",
        "201403": "43.25",
        "201404": "47.80",
        "201405": "49.36",
        "201406": "48.02",
        "201407": "45.27",
        "201408": "39.49",
        "201409": "36.35",
        "201410": "33.60",
        "201411": "35.24",
        "201412": "36.18",
        "201501": "38.12",
        "201502": "39.22",
        "201503": "38.89",
        "201504": "38.02",
        "201505": "35.72",
        "201506": "32.20",
        "201507": "28.41",
        "201508": "26.25",
        "201509": "29.71",
        "201510": "32.88",
        "201511": "33.90",
        "201512": "36.80",
        "201601": "33.47",
        "201602": "35.84",
        "201603": "35.99",
        "201604": "34.40",
        "201605": "34.95",
        "201606": "38.10",
        "201607": "39.58",
        "201608": "42.50",
        "201609": "42.18",
        "201610": "41.81",
        "201611": "41.34",
        "201612": "41.98",
        "201701": "42.32",
        "201702": "41.69",
        "201703": "42.42",
        "201704": "41.39",
        "201705": "39.13",
        "201706": "39.68",
        "201707": "39.23",
        "201708": "39.30",
        "201709": "39.18",
        "201710": "41.49",
        "201711": "46.33",
        "201712": "50.87",
        "201801": "65.18",
        "201802": "69.85",
        "201803": "68.02",
        "201804": "67.09",
        "201805": "78.02",
        "201806": "73.32",
        "201807": "62.11",
        "201808": "54.55",
        "201809": "49.94",
        "201810": "42.68",
        "201811": "39.69",
        "201812": "39.94",
        "201901": "39.93",
        "201902": "44.66",
        "201903": "47.93",
        "201904": "50.98",
        "201905": "46.31",
        "201906": "46.79",
        "201907": "50.76",
        "201908": "49.77",
        "201909": "51.82",
        "201910": "50.01",
        "201911": "51.08",
        "201912": "50.97",
        "202001": "50.64",
        "202002": "54.99",
        "202003": "46.32",
        "202004": "52.28",
        "202005": "58.20",
        "202006": "64.12",
        "202007": "75.44",
        "202008": "85.32",
        "202009": "80.21",
        "202010": "76.94",
        "202011": "75.13",
        "202012": "78.47",
        "202101": "79.00",
        "202102": "83.59",
        "202103": "93.30",
        "202104": "108.16",
        "202105": "110.66",
        "202106": "112.36",
        "202107": "101.47",
        "202108": "90.71",
        "202109": "90.08",
        "202110": "101.55",
        "202111": "133.18",
        "202112": "150.02",
        "202201": "144.69",
        "202202": "147.67",
        "202203": "134.17",
        "202204": "115.13",
        "202205": "108.95",
        "202206": "101.44",
        "202207": "89.40",
        "202208": "84.70",
        "202209": "89.14",
        "202210": "88.40",
        "202211": "103.00",
        "202212": "105.45",
        "202301": "113.73",
        "202302": "117.94",
        "202303": "122.50",
        "202304": "133.74",
        "202305": "154.34",
        "202306": "233.88",
        "202307": "301.02",
        "202308": "326.25",
        "202309": "284.30",
        "202310": "259.05",
        "202311": "230.73",
        "202312": "255.07"
    },
    "quarters": {
        "20011": {
            "year_quarter": 20011,
            "year": 2001,
            "quarter": 1,
            "eps": 2.89,
            "eps_growth_year": 15.14,
            "eps_4q": 8.93,
            "eps_4q_growth_year": 6.19,
            "roe": 7.76,
            "roe_4q": 7.76,
            "gross_profit": 1458652,
            "gross_margin": 19.58,
            "gross_margin_4q_avg": 19.58,
            "net_income": 1034926,
            "net_income_4q": null,
            "revenue": 7449692,
            "revenue_4q": null,
            "common_shares": 3581353,
            "book_valuer_per_share": 38.65,
            "book_valuer_per_share_4q_avg": 38.65,
            "equity": 13842577,
            "current_ratio": 323.7,
            "debt_ratio": 36.65,
            "inventory_turnover_ratio": 1.79,
            "account_receivable_turnover_ratio": null,
            "reinvestment_rate": null,
            "research_to_sale_ratio": null,
            "price_fair": 0,
            "eps_avg_yearly": 0,
            "eps_latest_yearly": 0,
            "eps_growth_yearly": 0
        },
        "20012": {
            "year_quarter": 20012,
            "year": 2001,
            "quarter": 2,
            "eps": 1.21,
            "eps_growth_year": -29.65,
            "eps_4q": 6.97,
            "eps_4q_growth_year": 4.66,
            "roe": 4.01,
            "roe_4q": 11.77,
            "gross_profit": 785851,
            "gross_margin": 14.8,
            "gross_margin_4q_avg": 17.19,
            "net_income": 553126,
            "net_income_4q": null,
            "revenue": 5309236,
            "revenue_4q": null,
            "common_shares": 3581353,
            "book_valuer_per_share": 38.45,
            "book_valuer_per_share_4q_avg": 38.55,
            "equity": 13769453,
            "current_ratio": 391.45,
            "debt_ratio": 36.13,
            "inventory_turnover_ratio": 1.74,
            "account_receivable_turnover_ratio": null,
            "reinvestment_rate": null,
            "research_to_sale_ratio": null,
            "price_fair": 0,
            "eps_avg_yearly": 0,
            "eps_latest_yearly": 0,
            "eps_growth_yearly": 0
        },
        "20013": {
            "year_quarter": 20013,
            "year": 2001,
            "quarter": 3,
            "eps": 1.98,
            "eps_growth_year": -3.88,
            "eps_4q": 7.42,
            "eps_4q_growth_year": -4.9,
            "roe": 6.39,
            "roe_4q": 18.159999999999997,
            "gross_profit": 1336352,
            "gross_margin": 19.07,
            "gross_margin_4q_avg": 17.82,
            "net_income": 908509,
            "net_income_4q": null,
            "revenue": 7006865,
            "revenue_4q": null,
            "common_shares": 4589363,
            "book_valuer_per_share": 32,
            "book_valuer_per_share_4q_avg": 36.37,
            "equity": 14687685,
            "current_ratio": 361.84,
            "debt_ratio": 36.63,
            "inventory_turnover_ratio": 2.52,
            "account_receivable_turnover_ratio": null,
            "reinvestment_rate": null,
            "research_to_sale_ratio": null,
            "price_fair": 0,
            "eps_avg_yearly": 0,
            "eps_latest_yearly": 0,
            "eps_growth_yearly": 0
        },
        "20014": {
            "year_quarter": 20014,
            "year": 2001,
            "quarter": 4,
            "eps": 1.92,
            "eps_growth_year": -28.09,
            "eps_4q": 7.01,
            "eps_4q_growth_year": -12.13,
            "roe": 6.21,
            "roe_4q": 24.369999999999997,
            "gross_profit": 1523886,
            "gross_margin": 18.57,
            "gross_margin_4q_avg": 18.01,
            "net_income": 942547,
            "net_income_4q": null,
            "revenue": 8208261,
            "revenue_4q": null,
            "common_shares": 4589363,
            "book_valuer_per_share": 34.18,
            "book_valuer_per_share_4q_avg": 35.82,
            "equity": 15685388,
            "current_ratio": 426.16,
            "debt_ratio": 35.66,
            "inventory_turnover_ratio": 2.26,
            "account_receivable_turnover_ratio": null,
            "reinvestment_rate": null,
            "research_to_sale_ratio": null,
            "price_fair": 0,
            "eps_avg_yearly": 0,
            "eps_latest_yearly": 0,
            "eps_growth_yearly": 0
        },
        "20021": {
            "year_quarter": 20021,
            "year": 2002,
            "quarter": 1,
            "eps": 2.12,
            "eps_growth_year": -26.64,
            "eps_4q": 7.36,
            "eps_4q_growth_year": -17.58,
            "roe": 6.01,
            "roe_4q": 22.619999999999997,
            "gross_profit": 1472120,
            "gross_margin": 20.37,
            "gross_margin_4q_avg": 18.2,
            "net_income": 973356,
            "net_income_4q": null,
            "revenue": 7225617,
            "revenue_4q": null,
            "common_shares": 4591215,
            "book_valuer_per_share": 36.35,
            "book_valuer_per_share_4q_avg": 35.25,
            "equity": 16689127,
            "current_ratio": 419.53,
            "debt_ratio": 33.45,
            "inventory_turnover_ratio": 1.4,
            "account_receivable_turnover_ratio": null,
            "reinvestment_rate": null,
            "research_to_sale_ratio": null,
            "price_fair": 296.8,
            "eps_avg_yearly": 8.48,
            "eps_latest_yearly": 8.48,
            "eps_growth_yearly": 41.67
        },
        "20022": {
            "year_quarter": 20022,
            "year": 2002,
            "quarter": 2,
            "eps": 0.51,
            "eps_growth_year": -57.85,
            "eps_4q": 6.71,
            "eps_4q_growth_year": -3.77,
            "roe": 1.44,
            "roe_4q": 20.05,
            "gross_profit": 729260,
            "gross_margin": 11.64,
            "gross_margin_4q_avg": 17.41,
            "net_income": 232473,
            "net_income_4q": null,
            "revenue": 6267014,
            "revenue_4q": null,
            "common_shares": 4594133,
            "book_valuer_per_share": 33.95,
            "book_valuer_per_share_4q_avg": 34.12,
            "equity": 15595010,
            "current_ratio": 390.25,
            "debt_ratio": 34.09,
            "inventory_turnover_ratio": 1.45,
            "account_receivable_turnover_ratio": null,
            "reinvestment_rate": null,
            "research_to_sale_ratio": null,
            "price_fair": 15.78,
            "eps_avg_yearly": 5.26,
            "eps_latest_yearly": 2.04,
            "eps_growth_yearly": -131.05
        },
        "20023": {
            "year_quarter": 20023,
            "year": 2002,
            "quarter": 3,
            "eps": 1.29,
            "eps_growth_year": -34.85,
            "eps_4q": 5.2,
            "eps_4q_growth_year": -29.89,
            "roe": 4.43,
            "roe_4q": 18.09,
            "gross_profit": 1103415,
            "gross_margin": 15.27,
            "gross_margin_4q_avg": 16.46,
            "net_income": 708224,
            "net_income_4q": null,
            "revenue": 7228126,
            "revenue_4q": null,
            "common_shares": 5494478,
            "book_valuer_per_share": 29.86,
            "book_valuer_per_share_4q_avg": 33.59,
            "equity": 16407004,
            "current_ratio": 309.49,
            "debt_ratio": 38.5,
            "inventory_turnover_ratio": 2.12,
            "account_receivable_turnover_ratio": null,
            "reinvestment_rate": null,
            "research_to_sale_ratio": null,
            "price_fair": 182.93,
            "eps_avg_yearly": 5.23,
            "eps_latest_yearly": 5.16,
            "eps_growth_yearly": 116.55
        },
        "20024": {
            "year_quarter": 20024,
            "year": 2002,
            "quarter": 4,
            "eps": 1.76,
            "eps_growth_year": -8.33,
            "eps_4q": 5.24,
            "eps_4q_growth_year": -25.26,
            "roe": 5.74,
            "roe_4q": 17.619999999999997,
            "gross_profit": 1827862,
            "gross_margin": 19.54,
            "gross_margin_4q_avg": 16.71,
            "net_income": 969152,
            "net_income_4q": null,
            "revenue": 9355772,
            "revenue_4q": null,
            "common_shares": 5494478,
            "book_valuer_per_share": 31.61,
            "book_valuer_per_share_4q_avg": 32.94,
            "equity": 17367461,
            "current_ratio": 223.8,
            "debt_ratio": 36.29,
            "inventory_turnover_ratio": 2.75,
            "account_receivable_turnover_ratio": null,
            "reinvestment_rate": 24.52,
            "research_to_sale_ratio": null,
            "price_fair": 198.8,
            "eps_avg_yearly": 5.68,
            "eps_latest_yearly": 7.04,
            "eps_growth_yearly": 123.85
        },
        "20031": {
            "year_quarter": 20031,
            "year": 2003,
            "quarter": 1,
            "eps": 2.21,
            "eps_growth_year": 4.25,
            "eps_4q": 5.68,
            "eps_4q_growth_year": -22.78,
            "roe": 6.77,
            "roe_4q": 18.38,
            "gross_profit": 1742827,
            "gross_margin": 20.76,
            "gross_margin_4q_avg": 16.8,
            "net_income": 1216132,
            "net_income_4q": null,
            "revenue": 8395940,
            "revenue_4q": null,
            "common_shares": 5494478,
            "book_valuer_per_share": 33.82,
            "book_valuer_per_share_4q_avg": 32.31,
            "equity": 18582474,
            "current_ratio": 298.97,
            "debt_ratio": 26.25,
            "inventory_turnover_ratio": 2.65,
            "account_receivable_turnover_ratio": null,
            "reinvestment_rate": 15.26,
            "research_to_sale_ratio": null,
            "price_fair": 220.92,
            "eps_avg_yearly": 6.31,
            "eps_latest_yearly": 8.84,
            "eps_growth_yearly": 119.53
        },
        "20032": {
            "year_quarter": 20032,
            "year": 2003,
            "quarter": 2,
            "eps": 1.31,
            "eps_growth_year": 156.86,
            "eps_4q": 6.59,
            "eps_4q_growth_year": -1.67,
            "roe": 3.94,
            "roe_4q": 20.88,
            "gross_profit": 1346969,
            "gross_margin": 18.62,
            "gross_margin_4q_avg": 18.55,
            "net_income": 717369,
            "net_income_4q": null,
            "revenue": 7235941,
            "revenue_4q": null,
            "common_shares": 5494478,
            "book_valuer_per_share": 32.45,
            "book_valuer_per_share_4q_avg": 31.94,
            "equity": 17829910,
            "current_ratio": 247.82,
            "debt_ratio": 31.42,
            "inventory_turnover_ratio": 2.19,
            "account_receivable_turnover_ratio": null,
            "reinvestment_rate": 10.36,
            "research_to_sale_ratio": null,
            "price_fair": 214.67,
            "eps_avg_yearly": 6.13,
            "eps_latest_yearly": 5.24,
            "eps_growth_yearly": 72.46
        },
        "20033": {
            "year_quarter": 20033,
            "year": 2003,
            "quarter": 3,
            "eps": 1.2,
            "eps_growth_year": -6.98,
            "eps_4q": 6.09,
            "eps_4q_growth_year": 16.99,
            "roe": 3.92,
            "roe_4q": 20.369999999999997,
            "gross_profit": 1383261,
            "gross_margin": 15.86,
            "gross_margin_4q_avg": 18.7,
            "net_income": 712705,
            "net_income_4q": null,
            "revenue": 8720201,
            "revenue_4q": null,
            "common_shares": 5926557,
            "book_valuer_per_share": 31.21,
            "book_valuer_per_share_4q_avg": 32.27,
            "equity": 18498076,
            "current_ratio": 216.23,
            "debt_ratio": 34.17,
            "inventory_turnover_ratio": 2.01,
            "account_receivable_turnover_ratio": null,
            "reinvestment_rate": 8.74,
            "research_to_sale_ratio": null,
            "price_fair": 208,
            "eps_avg_yearly": 5.94,
            "eps_latest_yearly": 4.8,
            "eps_growth_yearly": 57.31
        },
        "20034": {
            "year_quarter": 20034,
            "year": 2003,
            "quarter": 4,
            "eps": 1.34,
            "eps_growth_year": -23.86,
            "eps_4q": 5.81,
            "eps_4q_growth_year": 10.92,
            "roe": 4.2,
            "roe_4q": 18.83,
            "gross_profit": 1367157,
            "gross_margin": 14.19,
            "gross_margin_4q_avg": 17.36,
            "net_income": 793637,
            "net_income_4q": null,
            "revenue": 9634982,
            "revenue_4q": null,
            "common_shares": 5926557,
            "book_valuer_per_share": 32.58,
            "book_valuer_per_share_4q_avg": 32.52,
            "equity": 19310949,
            "current_ratio": 255.18,
            "debt_ratio": 30.58,
            "inventory_turnover_ratio": 1.82,
            "account_receivable_turnover_ratio": null,
            "reinvestment_rate": 19.84,
            "research_to_sale_ratio": null,
            "price_fair": 205.45,
            "eps_avg_yearly": 5.87,
            "eps_latest_yearly": 5.36,
            "eps_growth_yearly": 55.98
        },
        "20041": {
            "year_quarter": 20041,
            "year": 2004,
            "quarter": 1,
            "eps": 1.1,
            "eps_growth_year": -50.23,
            "eps_4q": 4.84,
            "eps_4q_growth_year": -14.71,
            "roe": 3.34,
            "roe_4q": 15.4,
            "gross_profit": 1295763,
            "gross_margin": 13.91,
            "gross_margin_4q_avg": 15.65,
            "net_income": 653197,
            "net_income_4q": null,
            "revenue": 9312533,
            "revenue_4q": null,
            "common_shares": 5926557,
            "book_valuer_per_share": 33.42,
            "book_valuer_per_share_4q_avg": 32.42,
            "equity": 19807292,
            "current_ratio": 242.94,
            "debt_ratio": 30.62,
            "inventory_turnover_ratio": 1.51,
            "account_receivable_turnover_ratio": null,
            "reinvestment_rate": 4.94,
            "research_to_sale_ratio": null,
            "price_fair": 199.73,
            "eps_avg_yearly": 5.71,
            "eps_latest_yearly": 4.4,
            "eps_growth_yearly": 41.8
        },
        "20042": {
            "year_quarter": 20042,
            "year": 2004,
            "quarter": 2,
            "eps": 0.64,
            "eps_growth_year": -51.14,
            "eps_4q": 4.28,
            "eps_4q_growth_year": -35.03,
            "roe": 2.01,
            "roe_4q": 13.47,
            "gross_profit": 1159046,
            "gross_margin": 13.67,
            "gross_margin_4q_avg": 14.41,
            "net_income": 379297,
            "net_income_4q": null,
            "revenue": 8478185,
            "revenue_4q": null,
            "common_shares": 5926557,
            "book_valuer_per_share": 30.36,
            "book_valuer_per_share_4q_avg": 31.89,
            "equity": 17991592,
            "current_ratio": 215.36,
            "debt_ratio": 32.2,
            "inventory_turnover_ratio": 1.35,
            "account_receivable_turnover_ratio": null,
            "reinvestment_rate": 7.81,
            "research_to_sale_ratio": null,
            "price_fair": 166.58,
            "eps_avg_yearly": 5.39,
            "eps_latest_yearly": 2.56,
            "eps_growth_yearly": 20.89
        },
        "20043": {
            "year_quarter": 20043,
            "year": 2004,
            "quarter": 3,
            "eps": 0.95,
            "eps_growth_year": -20.83,
            "eps_4q": 3.85,
            "eps_4q_growth_year": -36.73,
            "roe": 3.27,
            "roe_4q": 12.82,
            "gross_profit": 1219998,
            "gross_margin": 13.47,
            "gross_margin_4q_avg": 13.81,
            "net_income": 597869,
            "net_income_4q": null,
            "revenue": 9056740,
            "revenue_4q": null,
            "common_shares": 6245093,
            "book_valuer_per_share": 29.8,
            "book_valuer_per_share_4q_avg": 31.54,
            "equity": 18608795,
            "current_ratio": 192.86,
            "debt_ratio": 37.23,
            "inventory_turnover_ratio": 1.28,
            "account_receivable_turnover_ratio": null,
            "reinvestment_rate": 0.57,
            "research_to_sale_ratio": null,
            "price_fair": 183.65,
            "eps_avg_yearly": 5.25,
            "eps_latest_yearly": 3.8,
            "eps_growth_yearly": 36.61
        },
        "20044": {
            "year_quarter": 20044,
            "year": 2004,
            "quarter": 4,
            "eps": 0,
            "eps_growth_year": -100,
            "eps_4q": 2.6,
            "eps_4q_growth_year": -55.23,
            "roe": 0.01,
            "roe_4q": 8.629999999999999,
            "gross_profit": 1417158,
            "gross_margin": 12.14,
            "gross_margin_4q_avg": 13.3,
            "net_income": 1921,
            "net_income_4q": null,
            "revenue": 11677716,
            "revenue_4q": null,
            "common_shares": 6245093,
            "book_valuer_per_share": 29.41,
            "book_valuer_per_share_4q_avg": 30.75,
            "equity": 18368740,
            "current_ratio": 208.71,
            "debt_ratio": 32.86,
            "inventory_turnover_ratio": 1.53,
            "account_receivable_turnover_ratio": null,
            "reinvestment_rate": 6.39,
            "research_to_sale_ratio": null,
            "price_fair": 183.65,
            "eps_avg_yearly": 5.25,
            "eps_latest_yearly": 3.8,
            "eps_growth_yearly": 36.61
        },
        "20051": {
            "year_quarter": 20051,
            "year": 2005,
            "quarter": 1,
            "eps": 0.47,
            "eps_growth_year": -57.27,
            "eps_4q": 2.04,
            "eps_4q_growth_year": -57.97,
            "roe": 1.59,
            "roe_4q": 6.88,
            "gross_profit": 1105023,
            "gross_margin": 10.84,
            "gross_margin_4q_avg": 12.53,
            "net_income": 293836,
            "net_income_4q": null,
            "revenue": 10196753,
            "revenue_4q": null,
            "common_shares": 6245093,
            "book_valuer_per_share": 29.86,
            "book_valuer_per_share_4q_avg": 29.86,
            "equity": 18649378,
            "current_ratio": 192.39,
            "debt_ratio": 34.1,
            "inventory_turnover_ratio": 1.41,
            "account_receivable_turnover_ratio": null,
            "reinvestment_rate": -3.13,
            "research_to_sale_ratio": null,
            "price_fair": 183.65,
            "eps_avg_yearly": 5.25,
            "eps_latest_yearly": 3.8,
            "eps_growth_yearly": 36.61
        },
        "20052": {
            "year_quarter": 20052,
            "year": 2005,
            "quarter": 2,
            "eps": 0.4,
            "eps_growth_year": -37.5,
            "eps_4q": 1.75,
            "eps_4q_growth_year": -59.23,
            "roe": 1.47,
            "roe_4q": 6.34,
            "gross_profit": 1152655,
            "gross_margin": 11.89,
            "gross_margin_4q_avg": 12.09,
            "net_income": 265447,
            "net_income_4q": null,
            "revenue": 9694955,
            "revenue_4q": null,
            "common_shares": 6245093,
            "book_valuer_per_share": 28.15,
            "book_valuer_per_share_4q_avg": 29.31,
            "equity": 17581105,
            "current_ratio": 177.25,
            "debt_ratio": 37.15,
            "inventory_turnover_ratio": 1.25,
            "account_receivable_turnover_ratio": null,
            "reinvestment_rate": -4.56,
            "research_to_sale_ratio": null,
            "price_fair": 173.02,
            "eps_avg_yearly": 4.94,
            "eps_latest_yearly": 1.6,
            "eps_growth_yearly": 28.59
        },
        "20053": {
            "year_quarter": 20053,
            "year": 2005,
            "quarter": 3,
            "eps": 0.53,
            "eps_growth_year": -44.21,
            "eps_4q": 1.37,
            "eps_4q_growth_year": -64.42,
            "roe": 1.98,
            "roe_4q": 5.05,
            "gross_profit": 1628288,
            "gross_margin": 13.8,
            "gross_margin_4q_avg": 12.17,
            "net_income": 353895,
            "net_income_4q": null,
            "revenue": 11802606,
            "revenue_4q": null,
            "common_shares": 6718859,
            "book_valuer_per_share": 26.97,
            "book_valuer_per_share_4q_avg": 28.6,
            "equity": 18124101,
            "current_ratio": 162.01,
            "debt_ratio": 42.53,
            "inventory_turnover_ratio": 1.17,
            "account_receivable_turnover_ratio": null,
            "reinvestment_rate": -4.67,
            "research_to_sale_ratio": null,
            "price_fair": 165.42,
            "eps_avg_yearly": 4.73,
            "eps_latest_yearly": 2.12,
            "eps_growth_yearly": 36.39
        },
        "20054": {
            "year_quarter": 20054,
            "year": 2005,
            "quarter": 4,
            "eps": 0.67,
            "eps_growth_year": null,
            "eps_4q": 2.03,
            "eps_4q_growth_year": -22.09,
            "roe": 2.46,
            "roe_4q": 7.499999999999999,
            "gross_profit": 1786105,
            "gross_margin": 13.21,
            "gross_margin_4q_avg": 12.44,
            "net_income": 451272,
            "net_income_4q": null,
            "revenue": 13524905,
            "revenue_4q": null,
            "common_shares": 6718859,
            "book_valuer_per_share": 27.6,
            "book_valuer_per_share_4q_avg": 28.15,
            "equity": 18592016,
            "current_ratio": 165.34,
            "debt_ratio": 44.76,
            "inventory_turnover_ratio": 1.05,
            "account_receivable_turnover_ratio": null,
            "reinvestment_rate": 7.46,
            "research_to_sale_ratio": null,
            "price_fair": 160.3,
            "eps_avg_yearly": 4.58,
            "eps_latest_yearly": 2.68,
            "eps_growth_yearly": 41.34
        },
        "20061": {
            "year_quarter": 20061,
            "year": 2006,
            "quarter": 1,
            "eps": 0.22,
            "eps_growth_year": -53.19,
            "eps_4q": 1.79,
            "eps_4q_growth_year": -11.86,
            "roe": 0.8,
            "roe_4q": 6.71,
            "gross_profit": 1008931,
            "gross_margin": 8.82,
            "gross_margin_4q_avg": 11.93,
            "net_income": 149581,
            "net_income_4q": null,
            "revenue": 11439203,
            "revenue_4q": null,
            "common_shares": 6718859,
            "book_valuer_per_share": 27.76,
            "book_valuer_per_share_4q_avg": 27.62,
            "equity": 18651244,
            "current_ratio": 212.83,
            "debt_ratio": 29.98,
            "inventory_turnover_ratio": 0.99,
            "account_receivable_turnover_ratio": null,
            "reinvestment_rate": -6.51,
            "research_to_sale_ratio": null,
            "price_fair": 117.78,
            "eps_avg_yearly": 4.04,
            "eps_latest_yearly": 0.88,
            "eps_growth_yearly": 19.17
        },
        "20062": {
            "year_quarter": 20062,
            "year": 2006,
            "quarter": 2,
            "eps": -0.01,
            "eps_growth_year": -102.5,
            "eps_4q": 1.41,
            "eps_4q_growth_year": -19.21,
            "roe": -0.04,
            "roe_4q": 5.199999999999999,
            "gross_profit": 872552,
            "gross_margin": 8.71,
            "gross_margin_4q_avg": 11.14,
            "net_income": -6722,
            "net_income_4q": null,
            "revenue": 10023380,
            "revenue_4q": null,
            "common_shares": 6718859,
            "book_valuer_per_share": 26.31,
            "book_valuer_per_share_4q_avg": 27.16,
            "equity": 17679265,
            "current_ratio": 190,
            "debt_ratio": 33,
            "inventory_turnover_ratio": 1.1,
            "account_receivable_turnover_ratio": null,
            "reinvestment_rate": -6.98,
            "research_to_sale_ratio": null,
            "price_fair": 146.68,
            "eps_avg_yearly": 4.19,
            "eps_latest_yearly": 0.88,
            "eps_growth_yearly": 44.02
        },
        "20063": {
            "year_quarter": 20063,
            "year": 2006,
            "quarter": 3,
            "eps": 0.63,
            "eps_growth_year": 18.87,
            "eps_4q": 1.52,
            "eps_4q_growth_year": 10.56,
            "roe": 2.36,
            "roe_4q": 5.58,
            "gross_profit": 2175968,
            "gross_margin": 16.32,
            "gross_margin_4q_avg": 11.77,
            "net_income": 422843,
            "net_income_4q": null,
            "revenue": 13334141,
            "revenue_4q": null,
            "common_shares": 6714719,
            "book_valuer_per_share": 27.05,
            "book_valuer_per_share_4q_avg": 27.18,
            "equity": 18162501,
            "current_ratio": 172.43,
            "debt_ratio": 37.53,
            "inventory_turnover_ratio": 1.44,
            "account_receivable_turnover_ratio": null,
            "reinvestment_rate": -7.26,
            "research_to_sale_ratio": null,
            "price_fair": 12.33,
            "eps_avg_yearly": 4.11,
            "eps_latest_yearly": 0.88,
            "eps_growth_yearly": -3.3
        },
        "20064": {
            "year_quarter": 20064,
            "year": 2006,
            "quarter": 4,
            "eps": -0.55,
            "eps_growth_year": -182.09,
            "eps_4q": 0.54,
            "eps_4q_growth_year": -73.45,
            "roe": -2.01,
            "roe_4q": 1.11,
            "gross_profit": 938370,
            "gross_margin": 11.23,
            "gross_margin_4q_avg": 11.27,
            "net_income": -370477,
            "net_income_4q": null,
            "revenue": 8354975,
            "revenue_4q": null,
            "common_shares": 6714719,
            "book_valuer_per_share": 27.75,
            "book_valuer_per_share_4q_avg": 27.22,
            "equity": 18726305,
            "current_ratio": 246.79,
            "debt_ratio": 36.4,
            "inventory_turnover_ratio": 0.98,
            "account_receivable_turnover_ratio": null,
            "reinvestment_rate": 22.81,
            "research_to_sale_ratio": null,
            "price_fair": 11.53,
            "eps_avg_yearly": 3.84,
            "eps_latest_yearly": 0.88,
            "eps_growth_yearly": -16.84
        },
        "20071": {
            "year_quarter": 20071,
            "year": 2007,
            "quarter": 1,
            "eps": 0.38,
            "eps_growth_year": 72.73,
            "eps_4q": 0.45,
            "eps_4q_growth_year": -75.01,
            "roe": 1.34,
            "roe_4q": 1.6500000000000001,
            "gross_profit": 751434,
            "gross_margin": 11.62,
            "gross_margin_4q_avg": 11.97,
            "net_income": 253073,
            "net_income_4q": null,
            "revenue": 6469353,
            "revenue_4q": null,
            "common_shares": 6714719,
            "book_valuer_per_share": 28.23,
            "book_valuer_per_share_4q_avg": 27.34,
            "equity": 18954942,
            "current_ratio": 212.17,
            "debt_ratio": 30.37,
            "inventory_turnover_ratio": 1.13,
            "account_receivable_turnover_ratio": null,
            "reinvestment_rate": -10.56,
            "research_to_sale_ratio": null,
            "price_fair": 10.03,
            "eps_avg_yearly": 3.34,
            "eps_latest_yearly": 0.88,
            "eps_growth_yearly": -28.76
        },
        "20072": {
            "year_quarter": 20072,
            "year": 2007,
            "quarter": 2,
            "eps": 0.72,
            "eps_growth_year": null,
            "eps_4q": 1.17,
            "eps_4q_growth_year": -16.95,
            "roe": 2.57,
            "roe_4q": 4.26,
            "gross_profit": 640161,
            "gross_margin": 9.94,
            "gross_margin_4q_avg": 12.28,
            "net_income": 486763,
            "net_income_4q": null,
            "revenue": 6438922,
            "revenue_4q": null,
            "common_shares": 6714719,
            "book_valuer_per_share": 28.26,
            "book_valuer_per_share_4q_avg": 27.82,
            "equity": 18978958,
            "current_ratio": 210.82,
            "debt_ratio": 33.41,
            "inventory_turnover_ratio": 1.72,
            "account_receivable_turnover_ratio": null,
            "reinvestment_rate": -11.26,
            "research_to_sale_ratio": null,
            "price_fair": 103.57,
            "eps_avg_yearly": 3.11,
            "eps_latest_yearly": 2.88,
            "eps_growth_yearly": 23.32
        },
        "20073": {
            "year_quarter": 20073,
            "year": 2007,
            "quarter": 3,
            "eps": 0.62,
            "eps_growth_year": -1.59,
            "eps_4q": 1.17,
            "eps_4q_growth_year": -22.5,
            "roe": 2.15,
            "roe_4q": 4.05,
            "gross_profit": 740895,
            "gross_margin": 11.03,
            "gross_margin_4q_avg": 10.96,
            "net_income": 413188,
            "net_income_4q": null,
            "revenue": 6719586,
            "revenue_4q": null,
            "common_shares": 6727255,
            "book_valuer_per_share": 28.92,
            "book_valuer_per_share_4q_avg": 28.29,
            "equity": 19453781,
            "current_ratio": 211.22,
            "debt_ratio": 33.32,
            "inventory_turnover_ratio": 1.63,
            "account_receivable_turnover_ratio": null,
            "reinvestment_rate": -14.49,
            "research_to_sale_ratio": null,
            "price_fair": 89.52,
            "eps_avg_yearly": 2.88,
            "eps_latest_yearly": 2.48,
            "eps_growth_yearly": 21.13
        },
        "20074": {
            "year_quarter": 20074,
            "year": 2007,
            "quarter": 4,
            "eps": 0.26,
            "eps_growth_year": null,
            "eps_4q": 2,
            "eps_4q_growth_year": 271.67,
            "roe": 0.88,
            "roe_4q": 6.9399999999999995,
            "gross_profit": 657585,
            "gross_margin": 10.24,
            "gross_margin_4q_avg": 10.71,
            "net_income": 172379,
            "net_income_4q": null,
            "revenue": 6419037,
            "revenue_4q": null,
            "common_shares": 6727255,
            "book_valuer_per_share": 29,
            "book_valuer_per_share_4q_avg": 28.6,
            "equity": 19568847,
            "current_ratio": 182.89,
            "debt_ratio": 42.26,
            "inventory_turnover_ratio": 0.93,
            "account_receivable_turnover_ratio": null,
            "reinvestment_rate": 12.73,
            "research_to_sale_ratio": null,
            "price_fair": 7.33,
            "eps_avg_yearly": 2.44,
            "eps_latest_yearly": 1.04,
            "eps_growth_yearly": -6.77
        },
        "20081": {
            "year_quarter": 20081,
            "year": 2008,
            "quarter": 1,
            "eps": 1,
            "eps_growth_year": 163.16,
            "eps_4q": 2.63,
            "eps_4q_growth_year": 487.36,
            "roe": 3.34,
            "roe_4q": 8.94,
            "gross_profit": 2483854,
            "gross_margin": 17.29,
            "gross_margin_4q_avg": 12.13,
            "net_income": 656634,
            "net_income_4q": null,
            "revenue": 14362574,
            "revenue_4q": null,
            "common_shares": 6727255,
            "book_valuer_per_share": 29.24,
            "book_valuer_per_share_4q_avg": 28.86,
            "equity": 19730818,
            "current_ratio": 187.79,
            "debt_ratio": 41.36,
            "inventory_turnover_ratio": 1.39,
            "account_receivable_turnover_ratio": null,
            "reinvestment_rate": 46.53,
            "research_to_sale_ratio": null,
            "price_fair": 84.14,
            "eps_avg_yearly": 2.4,
            "eps_latest_yearly": 4,
            "eps_growth_yearly": 114.24
        },
        "20082": {
            "year_quarter": 20082,
            "year": 2008,
            "quarter": 2,
            "eps": 0.38,
            "eps_growth_year": -47.22,
            "eps_4q": 2.25,
            "eps_4q_growth_year": 91.9,
            "roe": 1.29,
            "roe_4q": 7.66,
            "gross_profit": 1605595,
            "gross_margin": 13.9,
            "gross_margin_4q_avg": 13.12,
            "net_income": 252314,
            "net_income_4q": null,
            "revenue": 11549843,
            "revenue_4q": null,
            "common_shares": 6529665,
            "book_valuer_per_share": 29.71,
            "book_valuer_per_share_4q_avg": 29.22,
            "equity": 19455110,
            "current_ratio": 187.57,
            "debt_ratio": 41.39,
            "inventory_turnover_ratio": 1.19,
            "account_receivable_turnover_ratio": null,
            "reinvestment_rate": 45.57,
            "research_to_sale_ratio": null,
            "price_fair": 80.5,
            "eps_avg_yearly": 2.3,
            "eps_latest_yearly": 1.52,
            "eps_growth_yearly": 106.17
        },
        "20083": {
            "year_quarter": 20083,
            "year": 2008,
            "quarter": 3,
            "eps": 0.33,
            "eps_growth_year": -46.77,
            "eps_4q": 2.03,
            "eps_4q_growth_year": 73.1,
            "roe": 1.08,
            "roe_4q": 6.59,
            "gross_profit": 1948594,
            "gross_margin": 15.22,
            "gross_margin_4q_avg": 14.16,
            "net_income": 210642,
            "net_income_4q": null,
            "revenue": 12803182,
            "revenue_4q": null,
            "common_shares": 6530919,
            "book_valuer_per_share": 30.04,
            "book_valuer_per_share_4q_avg": 29.5,
            "equity": 19674601,
            "current_ratio": 191.03,
            "debt_ratio": 40.89,
            "inventory_turnover_ratio": 1.29,
            "account_receivable_turnover_ratio": null,
            "reinvestment_rate": 52.64,
            "research_to_sale_ratio": null,
            "price_fair": 71.82,
            "eps_avg_yearly": 2.05,
            "eps_latest_yearly": 1.32,
            "eps_growth_yearly": 81.53
        },
        "20084": {
            "year_quarter": 20084,
            "year": 2008,
            "quarter": 4,
            "eps": 0.02,
            "eps_growth_year": -92.31,
            "eps_4q": 0.79,
            "eps_4q_growth_year": -60.62,
            "roe": 0.15,
            "roe_4q": 5.859999999999999,
            "gross_profit": 1568127,
            "gross_margin": 15.15,
            "gross_margin_4q_avg": 15.39,
            "net_income": 28970,
            "net_income_4q": null,
            "revenue": 10348704,
            "revenue_4q": null,
            "common_shares": 6330919,
            "book_valuer_per_share": 29.98,
            "book_valuer_per_share_4q_avg": 29.74,
            "equity": 19031364,
            "current_ratio": 247.97,
            "debt_ratio": 30.13,
            "inventory_turnover_ratio": 1.15,
            "account_receivable_turnover_ratio": 4.93,
            "reinvestment_rate": 11.81,
            "research_to_sale_ratio": null,
            "price_fair": 65.55,
            "eps_avg_yearly": 1.87,
            "eps_latest_yearly": 0.08,
            "eps_growth_yearly": 39.96
        },
        "20091": {
            "year_quarter": 20091,
            "year": 2009,
            "quarter": 1,
            "eps": 0.69,
            "eps_growth_year": -31,
            "eps_4q": 1.44,
            "eps_4q_growth_year": -45.15,
            "roe": 2.27,
            "roe_4q": 4.79,
            "gross_profit": 2252512,
            "gross_margin": 18.73,
            "gross_margin_4q_avg": 15.75,
            "net_income": 438066,
            "net_income_4q": null,
            "revenue": 12025965,
            "revenue_4q": null,
            "common_shares": 6330919,
            "book_valuer_per_share": 30.83,
            "book_valuer_per_share_4q_avg": 30.14,
            "equity": 19574060,
            "current_ratio": 216.94,
            "debt_ratio": 35.45,
            "inventory_turnover_ratio": 1.51,
            "account_receivable_turnover_ratio": 2.67,
            "reinvestment_rate": 52.77,
            "research_to_sale_ratio": null,
            "price_fair": 68.13,
            "eps_avg_yearly": 1.95,
            "eps_latest_yearly": 2.76,
            "eps_growth_yearly": 1153.3
        },
        "20092": {
            "year_quarter": 20092,
            "year": 2009,
            "quarter": 2,
            "eps": 0.47,
            "eps_growth_year": 23.68,
            "eps_4q": 1.53,
            "eps_4q_growth_year": -31.98,
            "roe": 1.53,
            "roe_4q": 5.029999999999999,
            "gross_profit": 1799379,
            "gross_margin": 17.84,
            "gross_margin_4q_avg": 16.74,
            "net_income": 295359,
            "net_income_4q": null,
            "revenue": 10084529,
            "revenue_4q": null,
            "common_shares": 6291339,
            "book_valuer_per_share": 30.25,
            "book_valuer_per_share_4q_avg": 30.28,
            "equity": 19083425,
            "current_ratio": 211.94,
            "debt_ratio": 37.1,
            "inventory_turnover_ratio": 1.41,
            "account_receivable_turnover_ratio": 2.08,
            "reinvestment_rate": 48.28,
            "research_to_sale_ratio": null,
            "price_fair": 68.95,
            "eps_avg_yearly": 1.97,
            "eps_latest_yearly": 1.88,
            "eps_growth_yearly": 1147.64
        },
        "20093": {
            "year_quarter": 20093,
            "year": 2009,
            "quarter": 3,
            "eps": 1.24,
            "eps_growth_year": 275.76,
            "eps_4q": 2.41,
            "eps_4q_growth_year": 18.45,
            "roe": 4.02,
            "roe_4q": 7.970000000000001,
            "gross_profit": 2894783,
            "gross_margin": 19.66,
            "gross_margin_4q_avg": 17.85,
            "net_income": 785836,
            "net_income_4q": null,
            "revenue": 14727038,
            "revenue_4q": null,
            "common_shares": 6291339,
            "book_valuer_per_share": 31.73,
            "book_valuer_per_share_4q_avg": 30.7,
            "equity": 20016086,
            "current_ratio": 226.25,
            "debt_ratio": 36.05,
            "inventory_turnover_ratio": 1.97,
            "account_receivable_turnover_ratio": 2.81,
            "reinvestment_rate": 40.96,
            "research_to_sale_ratio": null,
            "price_fair": 77.23,
            "eps_avg_yearly": 2.21,
            "eps_latest_yearly": 4.96,
            "eps_growth_yearly": 1191.41
        },
        "20094": {
            "year_quarter": 20094,
            "year": 2009,
            "quarter": 4,
            "eps": 0.84,
            "eps_growth_year": 4100,
            "eps_4q": 3.22,
            "eps_4q_growth_year": 309.1,
            "roe": 2.62,
            "roe_4q": 10.44,
            "gross_profit": 1743484,
            "gross_margin": 16.38,
            "gross_margin_4q_avg": 18.15,
            "net_income": 531155,
            "net_income_4q": null,
            "revenue": 10645517,
            "revenue_4q": null,
            "common_shares": 6331504,
            "book_valuer_per_share": 32.33,
            "book_valuer_per_share_4q_avg": 31.29,
            "equity": 20530774,
            "current_ratio": 228.56,
            "debt_ratio": 36.01,
            "inventory_turnover_ratio": 1.17,
            "account_receivable_turnover_ratio": 3.54,
            "reinvestment_rate": 16.21,
            "research_to_sale_ratio": null,
            "price_fair": 79.22,
            "eps_avg_yearly": 2.26,
            "eps_latest_yearly": 3.36,
            "eps_growth_yearly": 1171.85
        },
        "20101": {
            "year_quarter": 20101,
            "year": 2010,
            "quarter": 1,
            "eps": 1.37,
            "eps_growth_year": 98.55,
            "eps_4q": 3.86,
            "eps_4q_growth_year": 166.9,
            "roe": 4.18,
            "roe_4q": 12.35,
            "gross_profit": 2801175,
            "gross_margin": 19.07,
            "gross_margin_4q_avg": 18.24,
            "net_income": 875688,
            "net_income_4q": null,
            "revenue": 14686610,
            "revenue_4q": null,
            "common_shares": 6425659,
            "book_valuer_per_share": 33.18,
            "book_valuer_per_share_4q_avg": 31.87,
            "equity": 21382109,
            "current_ratio": 233.27,
            "debt_ratio": 35.03,
            "inventory_turnover_ratio": 1.43,
            "account_receivable_turnover_ratio": 1.91,
            "reinvestment_rate": 58.94,
            "research_to_sale_ratio": 3.21,
            "price_fair": 92.63,
            "eps_avg_yearly": 2.65,
            "eps_latest_yearly": 5.48,
            "eps_growth_yearly": 1215.27
        },
        "20102": {
            "year_quarter": 20102,
            "year": 2010,
            "quarter": 2,
            "eps": 0.43,
            "eps_growth_year": -8.05,
            "eps_4q": 3.83,
            "eps_4q_growth_year": 150.34,
            "roe": 1.34,
            "roe_4q": 12.16,
            "gross_profit": 1784490,
            "gross_margin": 15.57,
            "gross_margin_4q_avg": 17.67,
            "net_income": 278505,
            "net_income_4q": null,
            "revenue": 11462988,
            "revenue_4q": null,
            "common_shares": 6431149,
            "book_valuer_per_share": 31.2,
            "book_valuer_per_share_4q_avg": 32.11,
            "equity": 20129687,
            "current_ratio": 210.14,
            "debt_ratio": 37.21,
            "inventory_turnover_ratio": 1.19,
            "account_receivable_turnover_ratio": 1.45,
            "reinvestment_rate": 57.49,
            "research_to_sale_ratio": 2.99,
            "price_fair": 90.14,
            "eps_avg_yearly": 2.58,
            "eps_latest_yearly": 1.72,
            "eps_growth_yearly": 1100.68
        },
        "20103": {
            "year_quarter": 20103,
            "year": 2010,
            "quarter": 3,
            "eps": 1,
            "eps_growth_year": -19.24,
            "eps_4q": 3.65,
            "eps_4q_growth_year": 51.59,
            "roe": 3.1,
            "roe_4q": 11.240000000000002,
            "gross_profit": 2676285,
            "gross_margin": 20.2,
            "gross_margin_4q_avg": 17.81,
            "net_income": 629462,
            "net_income_4q": null,
            "revenue": 13250972,
            "revenue_4q": null,
            "common_shares": 6433199,
            "book_valuer_per_share": 32.11,
            "book_valuer_per_share_4q_avg": 32.21,
            "equity": 20424069,
            "current_ratio": 215.44,
            "debt_ratio": 37.4,
            "inventory_turnover_ratio": 1.21,
            "account_receivable_turnover_ratio": 1.64,
            "reinvestment_rate": 43.63,
            "research_to_sale_ratio": 3.22,
            "price_fair": 93.7,
            "eps_avg_yearly": 2.68,
            "eps_latest_yearly": 4,
            "eps_growth_yearly": 1059.93
        },
        "20104": {
            "year_quarter": 20104,
            "year": 2010,
            "quarter": 4,
            "eps": 0.5,
            "eps_growth_year": -40.66,
            "eps_4q": 3.31,
            "eps_4q_growth_year": 2.93,
            "roe": 1.55,
            "roe_4q": 10.17,
            "gross_profit": 1927867,
            "gross_margin": 11.73,
            "gross_margin_4q_avg": 16.64,
            "net_income": 316124,
            "net_income_4q": null,
            "revenue": 16433746,
            "revenue_4q": null,
            "common_shares": 6346104,
            "book_valuer_per_share": 32.09,
            "book_valuer_per_share_4q_avg": 32.15,
            "equity": 20416792,
            "current_ratio": 242.42,
            "debt_ratio": 33.46,
            "inventory_turnover_ratio": 1.68,
            "account_receivable_turnover_ratio": 1.84,
            "reinvestment_rate": -10.36,
            "research_to_sale_ratio": 2.58,
            "price_fair": 92.12,
            "eps_avg_yearly": 2.63,
            "eps_latest_yearly": 2,
            "eps_growth_yearly": 975.94
        },
        "20111": {
            "year_quarter": 20111,
            "year": 2011,
            "quarter": 1,
            "eps": 1.04,
            "eps_growth_year": -24.09,
            "eps_4q": 2.97,
            "eps_4q_growth_year": -22.94,
            "roe": 3.15,
            "roe_4q": 9.14,
            "gross_profit": 2373786,
            "gross_margin": 17.58,
            "gross_margin_4q_avg": 16.27,
            "net_income": 656797,
            "net_income_4q": null,
            "revenue": 13499384,
            "revenue_4q": null,
            "common_shares": 6370054,
            "book_valuer_per_share": 33.29,
            "book_valuer_per_share_4q_avg": 32.17,
            "equity": 21251225,
            "current_ratio": 250.14,
            "debt_ratio": 32.6,
            "inventory_turnover_ratio": 1.35,
            "account_receivable_turnover_ratio": 1.65,
            "reinvestment_rate": 31.28,
            "research_to_sale_ratio": 3.47,
            "price_fair": 95.46,
            "eps_avg_yearly": 2.73,
            "eps_latest_yearly": 4.16,
            "eps_growth_yearly": 941.94
        },
        "20112": {
            "year_quarter": 20112,
            "year": 2011,
            "quarter": 2,
            "eps": 0.66,
            "eps_growth_year": 52.16,
            "eps_4q": 3.19,
            "eps_4q_growth_year": -16.65,
            "roe": 2.01,
            "roe_4q": 9.81,
            "gross_profit": 2249248,
            "gross_margin": 20.17,
            "gross_margin_4q_avg": 17.42,
            "net_income": 414923,
            "net_income_4q": null,
            "revenue": 11152094,
            "revenue_4q": null,
            "common_shares": 6374134,
            "book_valuer_per_share": 31.25,
            "book_valuer_per_share_4q_avg": 32.19,
            "equity": 19957471,
            "current_ratio": 212.04,
            "debt_ratio": 38.79,
            "inventory_turnover_ratio": 0.98,
            "account_receivable_turnover_ratio": 1.5,
            "reinvestment_rate": 35.49,
            "research_to_sale_ratio": 3.74,
            "price_fair": 94.94,
            "eps_avg_yearly": 2.71,
            "eps_latest_yearly": 2.64,
            "eps_growth_yearly": 910.44
        },
        "20113": {
            "year_quarter": 20113,
            "year": 2011,
            "quarter": 3,
            "eps": 0.58,
            "eps_growth_year": -42.04,
            "eps_4q": 2.77,
            "eps_4q_growth_year": -24.01,
            "roe": 1.8,
            "roe_4q": 8.51,
            "gross_profit": 2557067,
            "gross_margin": 22.03,
            "gross_margin_4q_avg": 17.88,
            "net_income": 364248,
            "net_income_4q": null,
            "revenue": 11605225,
            "revenue_4q": null,
            "common_shares": 6379224,
            "book_valuer_per_share": 32.25,
            "book_valuer_per_share_4q_avg": 32.22,
            "equity": 20581833,
            "current_ratio": 236.52,
            "debt_ratio": 34.14,
            "inventory_turnover_ratio": 0.99,
            "account_receivable_turnover_ratio": 1.44,
            "reinvestment_rate": 40.73,
            "research_to_sale_ratio": 4.46,
            "price_fair": 94.59,
            "eps_avg_yearly": 2.7,
            "eps_latest_yearly": 2.32,
            "eps_growth_yearly": 910.88
        },
        "20114": {
            "year_quarter": 20114,
            "year": 2011,
            "quarter": 4,
            "eps": 0.18,
            "eps_growth_year": -63.28,
            "eps_4q": 2.47,
            "eps_4q_growth_year": -25.51,
            "roe": 0.56,
            "roe_4q": 7.52,
            "gross_profit": 1178028,
            "gross_margin": 12.82,
            "gross_margin_4q_avg": 18.15,
            "net_income": 116092,
            "net_income_4q": null,
            "revenue": 9191281,
            "revenue_4q": null,
            "common_shares": 6383064,
            "book_valuer_per_share": 32.6,
            "book_valuer_per_share_4q_avg": 32.35,
            "equity": 20728297,
            "current_ratio": 269.06,
            "debt_ratio": 29.79,
            "inventory_turnover_ratio": 1.06,
            "account_receivable_turnover_ratio": 1.2,
            "reinvestment_rate": -3.66,
            "research_to_sale_ratio": 2.27,
            "price_fair": 93.89,
            "eps_avg_yearly": 2.68,
            "eps_latest_yearly": 0.72,
            "eps_growth_yearly": 908.16
        },
        "20121": {
            "year_quarter": 20121,
            "year": 2012,
            "quarter": 1,
            "eps": 0.44,
            "eps_growth_year": -57.69,
            "eps_4q": 1.9,
            "eps_4q_growth_year": -36.17,
            "roe": 1.35,
            "roe_4q": 5.72,
            "gross_profit": 1893270,
            "gross_margin": 17.69,
            "gross_margin_4q_avg": 18.18,
            "net_income": 278900,
            "net_income_4q": null,
            "revenue": 10700003,
            "revenue_4q": null,
            "common_shares": 6416204,
            "book_valuer_per_share": 32.89,
            "book_valuer_per_share_4q_avg": 32.25,
            "equity": 20644231,
            "current_ratio": 253.24,
            "debt_ratio": 31.15,
            "inventory_turnover_ratio": 1.32,
            "account_receivable_turnover_ratio": 1.83,
            "reinvestment_rate": -1.44,
            "research_to_sale_ratio": 3.61,
            "price_fair": 88.99,
            "eps_avg_yearly": 2.54,
            "eps_latest_yearly": 1.76,
            "eps_growth_yearly": 873.11
        },
        "20122": {
            "year_quarter": 20122,
            "year": 2012,
            "quarter": 2,
            "eps": 0.61,
            "eps_growth_year": -7.17,
            "eps_4q": 1.83,
            "eps_4q_growth_year": -42.51,
            "roe": 1.89,
            "roe_4q": 5.6000000000000005,
            "gross_profit": 1930092,
            "gross_margin": 18.85,
            "gross_margin_4q_avg": 17.85,
            "net_income": 381999,
            "net_income_4q": null,
            "revenue": 10241629,
            "revenue_4q": null,
            "common_shares": 6245484,
            "book_valuer_per_share": 31.61,
            "book_valuer_per_share_4q_avg": 32.34,
            "equity": 19754765,
            "current_ratio": 214.61,
            "debt_ratio": 36.56,
            "inventory_turnover_ratio": 1.2,
            "account_receivable_turnover_ratio": 1.58,
            "reinvestment_rate": -2.62,
            "research_to_sale_ratio": 3.81,
            "price_fair": 91,
            "eps_avg_yearly": 2.6,
            "eps_latest_yearly": 2.44,
            "eps_growth_yearly": 898.27
        },
        "20123": {
            "year_quarter": 20123,
            "year": 2012,
            "quarter": 3,
            "eps": 1.1,
            "eps_growth_year": 89.81,
            "eps_4q": 2.34,
            "eps_4q_growth_year": -15.55,
            "roe": 3.43,
            "roe_4q": 7.23,
            "gross_profit": 2404690,
            "gross_margin": 17.83,
            "gross_margin_4q_avg": 16.8,
            "net_income": 689605,
            "net_income_4q": null,
            "revenue": 13486884,
            "revenue_4q": null,
            "common_shares": 6254014,
            "book_valuer_per_share": 32.61,
            "book_valuer_per_share_4q_avg": 32.43,
            "equity": 20406156,
            "current_ratio": 212.33,
            "debt_ratio": 37.7,
            "inventory_turnover_ratio": 1.39,
            "account_receivable_turnover_ratio": 1.64,
            "reinvestment_rate": -3.98,
            "research_to_sale_ratio": 3.61,
            "price_fair": 97.74,
            "eps_avg_yearly": 2.79,
            "eps_latest_yearly": 4.4,
            "eps_growth_yearly": 921.64
        },
        "20124": {
            "year_quarter": 20124,
            "year": 2012,
            "quarter": 4,
            "eps": 0.33,
            "eps_growth_year": 78.21,
            "eps_4q": 2.48,
            "eps_4q_growth_year": 0.46,
            "roe": 1,
            "roe_4q": 7.67,
            "gross_profit": 1653538,
            "gross_margin": 14.54,
            "gross_margin_4q_avg": 17.23,
            "net_income": 203981,
            "net_income_4q": null,
            "revenue": 11369142,
            "revenue_4q": null,
            "common_shares": 6258914,
            "book_valuer_per_share": 32.89,
            "book_valuer_per_share_4q_avg": 32.5,
            "equity": 20595258,
            "current_ratio": 247.47,
            "debt_ratio": 32.76,
            "inventory_turnover_ratio": 1.21,
            "account_receivable_turnover_ratio": 1.33,
            "reinvestment_rate": -5.05,
            "research_to_sale_ratio": 3.26,
            "price_fair": 100.45,
            "eps_avg_yearly": 2.87,
            "eps_latest_yearly": 1.32,
            "eps_growth_yearly": 927.63
        },
        "20131": {
            "year_quarter": 20131,
            "year": 2013,
            "quarter": 1,
            "eps": 0.97,
            "eps_growth_year": 120.45,
            "eps_4q": 3,
            "eps_4q_growth_year": 58.4,
            "roe": 2.91,
            "roe_4q": 9.23,
            "gross_profit": 2268806,
            "gross_margin": 18.31,
            "gross_margin_4q_avg": 17.38,
            "net_income": 607606,
            "net_income_4q": null,
            "revenue": 12393598,
            "revenue_4q": null,
            "common_shares": 6261374,
            "book_valuer_per_share": 33.69,
            "book_valuer_per_share_4q_avg": 32.7,
            "equity": 21102148,
            "current_ratio": 236.19,
            "debt_ratio": 34.49,
            "inventory_turnover_ratio": 1.45,
            "account_receivable_turnover_ratio": 1.89,
            "reinvestment_rate": -1.68,
            "research_to_sale_ratio": 3.5,
            "price_fair": 102.9,
            "eps_avg_yearly": 2.94,
            "eps_latest_yearly": 3.88,
            "eps_growth_yearly": 138.61
        },
        "20132": {
            "year_quarter": 20132,
            "year": 2013,
            "quarter": 2,
            "eps": 0.73,
            "eps_growth_year": 19.59,
            "eps_4q": 3.12,
            "eps_4q_growth_year": 70.08,
            "roe": 2.19,
            "roe_4q": 9.53,
            "gross_profit": 2154163,
            "gross_margin": 18.65,
            "gross_margin_4q_avg": 17.33,
            "net_income": 455224,
            "net_income_4q": null,
            "revenue": 11551305,
            "revenue_4q": null,
            "common_shares": 6262534,
            "book_valuer_per_share": 32.54,
            "book_valuer_per_share_4q_avg": 32.93,
            "equity": 20388196,
            "current_ratio": 188.77,
            "debt_ratio": 42.6,
            "inventory_turnover_ratio": 1.34,
            "account_receivable_turnover_ratio": 2.21,
            "reinvestment_rate": 3.18,
            "research_to_sale_ratio": 4.11,
            "price_fair": 105.18,
            "eps_avg_yearly": 3.01,
            "eps_latest_yearly": 2.92,
            "eps_growth_yearly": 140.4
        },
        "20133": {
            "year_quarter": 20133,
            "year": 2013,
            "quarter": 3,
            "eps": 1.43,
            "eps_growth_year": 29.8,
            "eps_4q": 3.45,
            "eps_4q_growth_year": 47.33,
            "roe": 4.31,
            "roe_4q": 10.41,
            "gross_profit": 2868572,
            "gross_margin": 20.35,
            "gross_margin_4q_avg": 17.96,
            "net_income": 896241,
            "net_income_4q": null,
            "revenue": 14095169,
            "revenue_4q": null,
            "common_shares": 6263234,
            "book_valuer_per_share": 33.86,
            "book_valuer_per_share_4q_avg": 33.25,
            "equity": 21218570,
            "current_ratio": 200.86,
            "debt_ratio": 40.16,
            "inventory_turnover_ratio": 1.42,
            "account_receivable_turnover_ratio": 2.54,
            "reinvestment_rate": 4.53,
            "research_to_sale_ratio": 4.24,
            "price_fair": 106.84,
            "eps_avg_yearly": 3.05,
            "eps_latest_yearly": 5.72,
            "eps_growth_yearly": 123.41
        },
        "20134": {
            "year_quarter": 20134,
            "year": 2013,
            "quarter": 4,
            "eps": 0.64,
            "eps_growth_year": 94.99,
            "eps_4q": 3.76,
            "eps_4q_growth_year": 51.55,
            "roe": 1.86,
            "roe_4q": 11.27,
            "gross_profit": 1857665,
            "gross_margin": 14.2,
            "gross_margin_4q_avg": 17.88,
            "net_income": 400409,
            "net_income_4q": null,
            "revenue": 13078922,
            "revenue_4q": null,
            "common_shares": 6265714,
            "book_valuer_per_share": 34.85,
            "book_valuer_per_share_4q_avg": 33.74,
            "equity": 21849702,
            "current_ratio": 214.48,
            "debt_ratio": 37.57,
            "inventory_turnover_ratio": 1.35,
            "account_receivable_turnover_ratio": 2.3,
            "reinvestment_rate": -10.64,
            "research_to_sale_ratio": 3.5,
            "price_fair": 105.09,
            "eps_avg_yearly": 3,
            "eps_latest_yearly": 2.56,
            "eps_growth_yearly": 117.67
        },
        "20141": {
            "year_quarter": 20141,
            "year": 2014,
            "quarter": 1,
            "eps": 1.16,
            "eps_growth_year": 19.59,
            "eps_4q": 3.95,
            "eps_4q_growth_year": 31.31,
            "roe": 3.27,
            "roe_4q": 11.629999999999999,
            "gross_profit": 3034649,
            "gross_margin": 19.84,
            "gross_margin_4q_avg": 18.26,
            "net_income": 725268,
            "net_income_4q": null,
            "revenue": 15293131,
            "revenue_4q": null,
            "common_shares": 6268229,
            "book_valuer_per_share": 35.93,
            "book_valuer_per_share_4q_avg": 34.3,
            "equity": 22531364,
            "current_ratio": 211.89,
            "debt_ratio": 38.86,
            "inventory_turnover_ratio": 1.44,
            "account_receivable_turnover_ratio": 2.57,
            "reinvestment_rate": -8.93,
            "research_to_sale_ratio": 3.6,
            "price_fair": 103.25,
            "eps_avg_yearly": 2.95,
            "eps_latest_yearly": 4.64,
            "eps_growth_yearly": 122.21
        },
        "20142": {
            "year_quarter": 20142,
            "year": 2014,
            "quarter": 2,
            "eps": 0.79,
            "eps_growth_year": 8.22,
            "eps_4q": 4.01,
            "eps_4q_growth_year": 28.43,
            "roe": 2.26,
            "roe_4q": 11.7,
            "gross_profit": 2189338,
            "gross_margin": 17.56,
            "gross_margin_4q_avg": 17.99,
            "net_income": 493566,
            "net_income_4q": null,
            "revenue": 12468181,
            "revenue_4q": null,
            "common_shares": 6268229,
            "book_valuer_per_share": 33.59,
            "book_valuer_per_share_4q_avg": 34.56,
            "equity": 21063730,
            "current_ratio": 214.12,
            "debt_ratio": 38.51,
            "inventory_turnover_ratio": 1.2,
            "account_receivable_turnover_ratio": 2.04,
            "reinvestment_rate": -12.56,
            "research_to_sale_ratio": 3.94,
            "price_fair": 106.4,
            "eps_avg_yearly": 3.04,
            "eps_latest_yearly": 3.16,
            "eps_growth_yearly": 131.38
        },
        "20143": {
            "year_quarter": 20143,
            "year": 2014,
            "quarter": 3,
            "eps": 1.09,
            "eps_growth_year": -23.78,
            "eps_4q": 3.67,
            "eps_4q_growth_year": 6.36,
            "roe": 3.19,
            "roe_4q": 10.579999999999998,
            "gross_profit": 2273258,
            "gross_margin": 16.56,
            "gross_margin_4q_avg": 17.04,
            "net_income": 684211,
            "net_income_4q": null,
            "revenue": 13725410,
            "revenue_4q": null,
            "common_shares": 6268329,
            "book_valuer_per_share": 34.83,
            "book_valuer_per_share_4q_avg": 34.8,
            "equity": 21851198,
            "current_ratio": 237.74,
            "debt_ratio": 34.63,
            "inventory_turnover_ratio": 1.29,
            "account_receivable_turnover_ratio": 2.18,
            "reinvestment_rate": -3.66,
            "research_to_sale_ratio": 3.43,
            "price_fair": 107.19,
            "eps_avg_yearly": 3.06,
            "eps_latest_yearly": 4.36,
            "eps_growth_yearly": 107.74
        },
        "20144": {
            "year_quarter": 20144,
            "year": 2014,
            "quarter": 4,
            "eps": 0.79,
            "eps_growth_year": 23.79,
            "eps_4q": 3.81,
            "eps_4q_growth_year": 1.39,
            "roe": 2.24,
            "roe_4q": 10.959999999999999,
            "gross_profit": 1971138,
            "gross_margin": 15.1,
            "gross_margin_4q_avg": 17.27,
            "net_income": 496760,
            "net_income_4q": null,
            "revenue": 13054965,
            "revenue_4q": null,
            "common_shares": 6288829,
            "book_valuer_per_share": 35.87,
            "book_valuer_per_share_4q_avg": 35.06,
            "equity": 22578114,
            "current_ratio": 251.95,
            "debt_ratio": 32.99,
            "inventory_turnover_ratio": 1.23,
            "account_receivable_turnover_ratio": 2.01,
            "reinvestment_rate": 2.76,
            "research_to_sale_ratio": 2.32,
            "price_fair": 109.73,
            "eps_avg_yearly": 3.14,
            "eps_latest_yearly": 3.16,
            "eps_growth_yearly": 113.36
        },
        "20151": {
            "year_quarter": 20151,
            "year": 2015,
            "quarter": 1,
            "eps": 0.67,
            "eps_growth_year": -42.24,
            "eps_4q": 3.33,
            "eps_4q_growth_year": -15.55,
            "roe": 1.86,
            "roe_4q": 9.55,
            "gross_profit": 2490282,
            "gross_margin": 19.29,
            "gross_margin_4q_avg": 17.13,
            "net_income": 424271,
            "net_income_4q": null,
            "revenue": 12906752,
            "revenue_4q": null,
            "common_shares": 6290129,
            "book_valuer_per_share": 36.42,
            "book_valuer_per_share_4q_avg": 35.18,
            "equity": 22924698,
            "current_ratio": 264.77,
            "debt_ratio": 31.84,
            "inventory_turnover_ratio": 1.15,
            "account_receivable_turnover_ratio": 2.11,
            "reinvestment_rate": 1.67,
            "research_to_sale_ratio": 3,
            "price_fair": 106.49,
            "eps_avg_yearly": 3.04,
            "eps_latest_yearly": 2.68,
            "eps_growth_yearly": 82.56
        },
        "20152": {
            "year_quarter": 20152,
            "year": 2015,
            "quarter": 2,
            "eps": 0.57,
            "eps_growth_year": -27.85,
            "eps_4q": 3.11,
            "eps_4q_growth_year": -22.32,
            "roe": 1.6,
            "roe_4q": 8.89,
            "gross_profit": 1876681,
            "gross_margin": 16.04,
            "gross_margin_4q_avg": 16.75,
            "net_income": 355589,
            "net_income_4q": null,
            "revenue": 11696777,
            "revenue_4q": null,
            "common_shares": 6290629,
            "book_valuer_per_share": 34.11,
            "book_valuer_per_share_4q_avg": 35.31,
            "equity": 21471952,
            "current_ratio": 232.85,
            "debt_ratio": 37.31,
            "inventory_turnover_ratio": 1.14,
            "account_receivable_turnover_ratio": 2.02,
            "reinvestment_rate": -4.28,
            "research_to_sale_ratio": 3.27,
            "price_fair": 105.7,
            "eps_avg_yearly": 3.02,
            "eps_latest_yearly": 2.28,
            "eps_growth_yearly": 87.96
        },
        "20153": {
            "year_quarter": 20153,
            "year": 2015,
            "quarter": 3,
            "eps": 1.3,
            "eps_growth_year": 19.27,
            "eps_4q": 3.33,
            "eps_4q_growth_year": -9.37,
            "roe": 3.72,
            "roe_4q": 9.420000000000002,
            "gross_profit": 2679680,
            "gross_margin": 19.14,
            "gross_margin_4q_avg": 17.39,
            "net_income": 817615,
            "net_income_4q": null,
            "revenue": 14003491,
            "revenue_4q": null,
            "common_shares": 6290629,
            "book_valuer_per_share": 35.75,
            "book_valuer_per_share_4q_avg": 35.54,
            "equity": 22502263,
            "current_ratio": 244.69,
            "debt_ratio": 35.75,
            "inventory_turnover_ratio": 1.36,
            "account_receivable_turnover_ratio": 2.32,
            "reinvestment_rate": -7.61,
            "research_to_sale_ratio": 3.11,
            "price_fair": 112,
            "eps_avg_yearly": 3.2,
            "eps_latest_yearly": 5.2,
            "eps_growth_yearly": 123.01
        },
        "20154": {
            "year_quarter": 20154,
            "year": 2015,
            "quarter": 4,
            "eps": 0.51,
            "eps_growth_year": -34.8,
            "eps_4q": 3.05,
            "eps_4q_growth_year": -19.92,
            "roe": 1.44,
            "roe_4q": 8.62,
            "gross_profit": 1714769,
            "gross_margin": 14.03,
            "gross_margin_4q_avg": 17.13,
            "net_income": 325225,
            "net_income_4q": null,
            "revenue": 12221772,
            "revenue_4q": null,
            "common_shares": 6290629,
            "book_valuer_per_share": 35.83,
            "book_valuer_per_share_4q_avg": 35.53,
            "equity": 22553419,
            "current_ratio": 274.81,
            "debt_ratio": 32.15,
            "inventory_turnover_ratio": 1.22,
            "account_receivable_turnover_ratio": 2.06,
            "reinvestment_rate": -6.14,
            "research_to_sale_ratio": 3.61,
            "price_fair": 114.89,
            "eps_avg_yearly": 3.28,
            "eps_latest_yearly": 2.04,
            "eps_growth_yearly": 125.06
        },
        "20161": {
            "year_quarter": 20161,
            "year": 2016,
            "quarter": 1,
            "eps": 0.86,
            "eps_growth_year": 28.36,
            "eps_4q": 3.24,
            "eps_4q_growth_year": -2.77,
            "roe": 2.38,
            "roe_4q": 9.14,
            "gross_profit": 2449743,
            "gross_margin": 18.71,
            "gross_margin_4q_avg": 16.98,
            "net_income": 542265,
            "net_income_4q": null,
            "revenue": 13091169,
            "revenue_4q": null,
            "common_shares": 6290629,
            "book_valuer_per_share": 36.63,
            "book_valuer_per_share_4q_avg": 35.58,
            "equity": 23059372,
            "current_ratio": 286.98,
            "debt_ratio": 30.93,
            "inventory_turnover_ratio": 1.27,
            "account_receivable_turnover_ratio": 2.4,
            "reinvestment_rate": -8.59,
            "research_to_sale_ratio": 3.26,
            "price_fair": 118.56,
            "eps_avg_yearly": 3.39,
            "eps_latest_yearly": 3.44,
            "eps_growth_yearly": 106.11
        },
        "20162": {
            "year_quarter": 20162,
            "year": 2016,
            "quarter": 2,
            "eps": 0.68,
            "eps_growth_year": 19.3,
            "eps_4q": 3.35,
            "eps_4q_growth_year": 7.66,
            "roe": 1.9,
            "roe_4q": 9.44,
            "gross_profit": 2103052,
            "gross_margin": 17.49,
            "gross_margin_4q_avg": 17.34,
            "net_income": 427076,
            "net_income_4q": null,
            "revenue": 12021125,
            "revenue_4q": null,
            "common_shares": 6290629,
            "book_valuer_per_share": 34.68,
            "book_valuer_per_share_4q_avg": 35.72,
            "equity": 21827668,
            "current_ratio": 246.88,
            "debt_ratio": 35.79,
            "inventory_turnover_ratio": 1.27,
            "account_receivable_turnover_ratio": 2.05,
            "reinvestment_rate": -9.15,
            "research_to_sale_ratio": 3.18,
            "price_fair": 119.18,
            "eps_avg_yearly": 3.41,
            "eps_latest_yearly": 2.72,
            "eps_growth_yearly": 91.21
        },
        "20163": {
            "year_quarter": 20163,
            "year": 2016,
            "quarter": 3,
            "eps": 1.29,
            "eps_growth_year": -0.77,
            "eps_4q": 3.34,
            "eps_4q_growth_year": 0.56,
            "roe": 3.67,
            "roe_4q": 9.39,
            "gross_profit": 2660211,
            "gross_margin": 17.88,
            "gross_margin_4q_avg": 17.03,
            "net_income": 812598,
            "net_income_4q": null,
            "revenue": 14880194,
            "revenue_4q": null,
            "common_shares": 6290679,
            "book_valuer_per_share": 35.68,
            "book_valuer_per_share_4q_avg": 35.71,
            "equity": 22464353,
            "current_ratio": 246.47,
            "debt_ratio": 36.07,
            "inventory_turnover_ratio": 1.55,
            "account_receivable_turnover_ratio": 2.28,
            "reinvestment_rate": -7.78,
            "research_to_sale_ratio": 2.85,
            "price_fair": 120.84,
            "eps_avg_yearly": 3.45,
            "eps_latest_yearly": 5.16,
            "eps_growth_yearly": 93.56
        },
        "20164": {
            "year_quarter": 20164,
            "year": 2016,
            "quarter": 4,
            "eps": 0.81,
            "eps_growth_year": 58.47,
            "eps_4q": 3.64,
            "eps_4q_growth_year": 19.41,
            "roe": 2.21,
            "roe_4q": 10.16,
            "gross_profit": 1856691,
            "gross_margin": 15.03,
            "gross_margin_4q_avg": 17.28,
            "net_income": 502411,
            "net_income_4q": null,
            "revenue": 12354901,
            "revenue_4q": null,
            "common_shares": 6291179,
            "book_valuer_per_share": 36.26,
            "book_valuer_per_share_4q_avg": 35.81,
            "equity": 22968943,
            "current_ratio": 244.69,
            "debt_ratio": 36.59,
            "inventory_turnover_ratio": 1.16,
            "account_receivable_turnover_ratio": 1.98,
            "reinvestment_rate": -8.11,
            "research_to_sale_ratio": 3.97,
            "price_fair": 125.04,
            "eps_avg_yearly": 3.57,
            "eps_latest_yearly": 3.24,
            "eps_growth_yearly": 101.76
        },
        "20171": {
            "year_quarter": 20171,
            "year": 2017,
            "quarter": 1,
            "eps": 0.43,
            "eps_growth_year": -50,
            "eps_4q": 3.21,
            "eps_4q_growth_year": -0.98,
            "roe": 1.09,
            "roe_4q": 8.87,
            "gross_profit": 2069866,
            "gross_margin": 15.53,
            "gross_margin_4q_avg": 16.48,
            "net_income": 250053,
            "net_income_4q": null,
            "revenue": 13328965,
            "revenue_4q": null,
            "common_shares": 6291179,
            "book_valuer_per_share": 36.42,
            "book_valuer_per_share_4q_avg": 35.76,
            "equity": 23052127,
            "current_ratio": 281.2,
            "debt_ratio": 31.92,
            "inventory_turnover_ratio": 1.26,
            "account_receivable_turnover_ratio": 2.46,
            "reinvestment_rate": -11.46,
            "research_to_sale_ratio": 3.21,
            "price_fair": 120.31,
            "eps_avg_yearly": 3.44,
            "eps_latest_yearly": 1.72,
            "eps_growth_yearly": 41.54
        },
        "20172": {
            "year_quarter": 20172,
            "year": 2017,
            "quarter": 2,
            "eps": 0.91,
            "eps_growth_year": 33.82,
            "eps_4q": 3.43,
            "eps_4q_growth_year": 2.47,
            "roe": 2.45,
            "roe_4q": 9.42,
            "gross_profit": 2029406,
            "gross_margin": 14.53,
            "gross_margin_4q_avg": 15.74,
            "net_income": 550924,
            "net_income_4q": null,
            "revenue": 13963758,
            "revenue_4q": null,
            "common_shares": 6297199,
            "book_valuer_per_share": 34.76,
            "book_valuer_per_share_4q_avg": 35.78,
            "equity": 22009771,
            "current_ratio": 242.11,
            "debt_ratio": 36.94,
            "inventory_turnover_ratio": 1.52,
            "account_receivable_turnover_ratio": 2.34,
            "reinvestment_rate": -11,
            "research_to_sale_ratio": 3.07,
            "price_fair": 121.89,
            "eps_avg_yearly": 3.48,
            "eps_latest_yearly": 3.64,
            "eps_growth_yearly": 75.64
        },
        "20173": {
            "year_quarter": 20173,
            "year": 2017,
            "quarter": 3,
            "eps": 1.75,
            "eps_growth_year": 35.66,
            "eps_4q": 3.88,
            "eps_4q_growth_year": 15.95,
            "roe": 4.9,
            "roe_4q": 10.650000000000002,
            "gross_profit": 3277251,
            "gross_margin": 19.21,
            "gross_margin_4q_avg": 16.08,
            "net_income": 1109290,
            "net_income_4q": null,
            "revenue": 17057666,
            "revenue_4q": null,
            "common_shares": 6331939,
            "book_valuer_per_share": 36.54,
            "book_valuer_per_share_4q_avg": 36,
            "equity": 23256019,
            "current_ratio": 231.44,
            "debt_ratio": 38.76,
            "inventory_turnover_ratio": 1.83,
            "account_receivable_turnover_ratio": 2.38,
            "reinvestment_rate": -9.67,
            "research_to_sale_ratio": 2.7,
            "price_fair": 124.69,
            "eps_avg_yearly": 3.56,
            "eps_latest_yearly": 7,
            "eps_growth_yearly": 74.74
        },
        "20174": {
            "year_quarter": 20174,
            "year": 2017,
            "quarter": 4,
            "eps": 1.33,
            "eps_growth_year": 62.94,
            "eps_4q": 4.38,
            "eps_4q_growth_year": 20.27,
            "roe": 3.38,
            "roe_4q": 11.82,
            "gross_profit": 2822334,
            "gross_margin": 18.17,
            "gross_margin_4q_avg": 16.86,
            "net_income": 803239,
            "net_income_4q": null,
            "revenue": 15534392,
            "revenue_4q": null,
            "common_shares": 6356889,
            "book_valuer_per_share": 37.9,
            "book_valuer_per_share_4q_avg": 36.41,
            "equity": 24232324,
            "current_ratio": 240.46,
            "debt_ratio": 37.54,
            "inventory_turnover_ratio": 1.55,
            "account_receivable_turnover_ratio": 2.14,
            "reinvestment_rate": -9.48,
            "research_to_sale_ratio": 4.04,
            "price_fair": 130.73,
            "eps_avg_yearly": 3.74,
            "eps_latest_yearly": 5.32,
            "eps_growth_yearly": 82.55
        },
        "20181": {
            "year_quarter": 20181,
            "year": 2018,
            "quarter": 1,
            "eps": 2.54,
            "eps_growth_year": 490.7,
            "eps_4q": 6.5,
            "eps_4q_growth_year": 102.62,
            "roe": 6.38,
            "roe_4q": 17.11,
            "gross_profit": 4222621,
            "gross_margin": 20.93,
            "gross_margin_4q_avg": 18.21,
            "net_income": 1600879,
            "net_income_4q": null,
            "revenue": 20176637,
            "revenue_4q": null,
            "common_shares": 6356889,
            "book_valuer_per_share": 40.68,
            "book_valuer_per_share_4q_avg": 37.47,
            "equity": 25984503,
            "current_ratio": 236.51,
            "debt_ratio": 38.78,
            "inventory_turnover_ratio": 1.67,
            "account_receivable_turnover_ratio": 2.56,
            "reinvestment_rate": -12.33,
            "research_to_sale_ratio": 2.95,
            "price_fair": 142.8,
            "eps_avg_yearly": 4.08,
            "eps_latest_yearly": 10.16,
            "eps_growth_yearly": 84.98
        },
        "20182": {
            "year_quarter": 20182,
            "year": 2018,
            "quarter": 2,
            "eps": 1.05,
            "eps_growth_year": 15.38,
            "eps_4q": 6.65,
            "eps_4q_growth_year": 93.6,
            "roe": 2.5,
            "roe_4q": 17.159999999999997,
            "gross_profit": 2711920,
            "gross_margin": 19.14,
            "gross_margin_4q_avg": 19.36,
            "net_income": 650229,
            "net_income_4q": null,
            "revenue": 14172304,
            "revenue_4q": null,
            "common_shares": 6356889,
            "book_valuer_per_share": 40.76,
            "book_valuer_per_share_4q_avg": 38.97,
            "equity": 26015014,
            "current_ratio": 207.39,
            "debt_ratio": 40.94,
            "inventory_turnover_ratio": 0.96,
            "account_receivable_turnover_ratio": 1.85,
            "reinvestment_rate": -9.71,
            "research_to_sale_ratio": 3.34,
            "price_fair": 145.08,
            "eps_avg_yearly": 4.15,
            "eps_latest_yearly": 4.2,
            "eps_growth_yearly": 78.29
        },
        "20183": {
            "year_quarter": 20183,
            "year": 2018,
            "quarter": 3,
            "eps": 0.23,
            "eps_growth_year": -86.86,
            "eps_4q": 5.15,
            "eps_4q_growth_year": 32.67,
            "roe": 0.52,
            "roe_4q": 12.780000000000001,
            "gross_profit": 1735051,
            "gross_margin": 12.73,
            "gross_margin_4q_avg": 17.74,
            "net_income": 132235,
            "net_income_4q": null,
            "revenue": 13627857,
            "revenue_4q": null,
            "common_shares": 6356889,
            "book_valuer_per_share": 38.44,
            "book_valuer_per_share_4q_avg": 39.45,
            "equity": 24525183,
            "current_ratio": 232.81,
            "debt_ratio": 36.55,
            "inventory_turnover_ratio": 0.87,
            "account_receivable_turnover_ratio": 2.12,
            "reinvestment_rate": -9.25,
            "research_to_sale_ratio": 2.73,
            "price_fair": 137.55,
            "eps_avg_yearly": 3.93,
            "eps_latest_yearly": 0.92,
            "eps_growth_yearly": 49.27
        },
        "20184": {
            "year_quarter": 20184,
            "year": 2018,
            "quarter": 4,
            "eps": 0.22,
            "eps_growth_year": -83.57,
            "eps_4q": 4.04,
            "eps_4q_growth_year": -7.89,
            "roe": 0.46,
            "roe_4q": 9.86,
            "gross_profit": 1453622,
            "gross_margin": 11.23,
            "gross_margin_4q_avg": 16.01,
            "net_income": 112782,
            "net_income_4q": null,
            "revenue": 12946792,
            "revenue_4q": null,
            "common_shares": 6356889,
            "book_valuer_per_share": 37.89,
            "book_valuer_per_share_4q_avg": 39.44,
            "equity": 24168666,
            "current_ratio": 264.33,
            "debt_ratio": 32.37,
            "inventory_turnover_ratio": 0.9,
            "account_receivable_turnover_ratio": 2.09,
            "reinvestment_rate": -8.88,
            "research_to_sale_ratio": 3.31,
            "price_fair": 132.56,
            "eps_avg_yearly": 3.79,
            "eps_latest_yearly": 0.88,
            "eps_growth_yearly": 55.07
        },
        "20191": {
            "year_quarter": 20191,
            "year": 2019,
            "quarter": 1,
            "eps": 0.39,
            "eps_growth_year": -84.65,
            "eps_4q": 1.89,
            "eps_4q_growth_year": -70.97,
            "roe": 0.94,
            "roe_4q": 4.42,
            "gross_profit": 2067788,
            "gross_margin": 12.9,
            "gross_margin_4q_avg": 14,
            "net_income": 230599,
            "net_income_4q": null,
            "revenue": 16025140,
            "revenue_4q": null,
            "common_shares": 6356889,
            "book_valuer_per_share": 39.14,
            "book_valuer_per_share_4q_avg": 39.06,
            "equity": 24947479,
            "current_ratio": 235.26,
            "debt_ratio": 36.21,
            "inventory_turnover_ratio": 1.22,
            "account_receivable_turnover_ratio": 2.12,
            "reinvestment_rate": -8.28,
            "research_to_sale_ratio": 2.69,
            "price_fair": 130.11,
            "eps_avg_yearly": 3.72,
            "eps_latest_yearly": 1.56,
            "eps_growth_yearly": 78.18
        },
        "20192": {
            "year_quarter": 20192,
            "year": 2019,
            "quarter": 2,
            "eps": 0.76,
            "eps_growth_year": -27.62,
            "eps_4q": 1.6,
            "eps_4q_growth_year": -75.97,
            "roe": 1.94,
            "roe_4q": 3.86,
            "gross_profit": 2200671,
            "gross_margin": 17.87,
            "gross_margin_4q_avg": 13.68,
            "net_income": 465149,
            "net_income_4q": null,
            "revenue": 12318050,
            "revenue_4q": null,
            "common_shares": 6356889,
            "book_valuer_per_share": 36.21,
            "book_valuer_per_share_4q_avg": 37.92,
            "equity": 23066823,
            "current_ratio": 231.89,
            "debt_ratio": 36.86,
            "inventory_turnover_ratio": 0.95,
            "account_receivable_turnover_ratio": 1.55,
            "reinvestment_rate": -6.48,
            "research_to_sale_ratio": 3.9,
            "price_fair": 131.78,
            "eps_avg_yearly": 3.77,
            "eps_latest_yearly": 3.04,
            "eps_growth_yearly": 105.63
        },
        "20193": {
            "year_quarter": 20193,
            "year": 2019,
            "quarter": 3,
            "eps": 1.29,
            "eps_growth_year": 460.87,
            "eps_4q": 2.66,
            "eps_4q_growth_year": -48.4,
            "roe": 3.47,
            "roe_4q": 6.81,
            "gross_profit": 2927653,
            "gross_margin": 16.57,
            "gross_margin_4q_avg": 14.64,
            "net_income": 810955,
            "net_income_4q": null,
            "revenue": 17665992,
            "revenue_4q": null,
            "common_shares": 6356889,
            "book_valuer_per_share": 37.17,
            "book_valuer_per_share_4q_avg": 37.6,
            "equity": 23669273,
            "current_ratio": 214.97,
            "debt_ratio": 40.11,
            "inventory_turnover_ratio": 1.38,
            "account_receivable_turnover_ratio": 2.3,
            "reinvestment_rate": -7.3,
            "research_to_sale_ratio": 3.33,
            "price_fair": 131.69,
            "eps_avg_yearly": 3.76,
            "eps_latest_yearly": 5.16,
            "eps_growth_yearly": 91.05
        },
        "20194": {
            "year_quarter": 20194,
            "year": 2019,
            "quarter": 4,
            "eps": 0.61,
            "eps_growth_year": 181.64,
            "eps_4q": 3.05,
            "eps_4q_growth_year": -24.44,
            "roe": 1.67,
            "roe_4q": 8.02,
            "gross_profit": 2394757,
            "gross_margin": 15.18,
            "gross_margin_4q_avg": 15.63,
            "net_income": 400840,
            "net_income_4q": null,
            "revenue": 15772072,
            "revenue_4q": null,
            "common_shares": 6356889,
            "book_valuer_per_share": 38.22,
            "book_valuer_per_share_4q_avg": 37.69,
            "equity": 24353111,
            "current_ratio": 237.73,
            "debt_ratio": 35.42,
            "inventory_turnover_ratio": 1.17,
            "account_receivable_turnover_ratio": 2.05,
            "reinvestment_rate": -5.12,
            "research_to_sale_ratio": 3.3,
            "price_fair": 132.56,
            "eps_avg_yearly": 3.79,
            "eps_latest_yearly": 2.44,
            "eps_growth_yearly": 93.06
        },
        "20201": {
            "year_quarter": 20201,
            "year": 2020,
            "quarter": 1,
            "eps": 1.07,
            "eps_growth_year": 174.36,
            "eps_4q": 3.73,
            "eps_4q_growth_year": 97.84,
            "roe": 2.78,
            "roe_4q": 9.86,
            "gross_profit": 2792003,
            "gross_margin": 16.2,
            "gross_margin_4q_avg": 16.46,
            "net_income": 674653,
            "net_income_4q": null,
            "revenue": 17233147,
            "revenue_4q": null,
            "common_shares": 6356889,
            "book_valuer_per_share": 37.89,
            "book_valuer_per_share_4q_avg": 37.37,
            "equity": 24137308,
            "current_ratio": 221.65,
            "debt_ratio": 39.8,
            "inventory_turnover_ratio": 1.14,
            "account_receivable_turnover_ratio": 2.27,
            "reinvestment_rate": -2.63,
            "research_to_sale_ratio": 3.24,
            "price_fair": 134.4,
            "eps_avg_yearly": 3.84,
            "eps_latest_yearly": 4.28,
            "eps_growth_yearly": 94.76
        },
        "20202": {
            "year_quarter": 20202,
            "year": 2020,
            "quarter": 2,
            "eps": 1.84,
            "eps_growth_year": 142.11,
            "eps_4q": 4.81,
            "eps_4q_growth_year": 201.21,
            "roe": 4.8,
            "roe_4q": 12.72,
            "gross_profit": 3518069,
            "gross_margin": 16.83,
            "gross_margin_4q_avg": 16.2,
            "net_income": 1157552,
            "net_income_4q": null,
            "revenue": 20908229,
            "revenue_4q": null,
            "common_shares": 6356889,
            "book_valuer_per_share": 37.89,
            "book_valuer_per_share_4q_avg": 37.79,
            "equity": 24115988,
            "current_ratio": 194.3,
            "debt_ratio": 45.05,
            "inventory_turnover_ratio": 1.29,
            "account_receivable_turnover_ratio": 2.42,
            "reinvestment_rate": -1.18,
            "research_to_sale_ratio": 2.34,
            "price_fair": 144.55,
            "eps_avg_yearly": 4.13,
            "eps_latest_yearly": 7.36,
            "eps_growth_yearly": 117.98
        },
        "20203": {
            "year_quarter": 20203,
            "year": 2020,
            "quarter": 3,
            "eps": 2.24,
            "eps_growth_year": 73.64,
            "eps_4q": 5.76,
            "eps_4q_growth_year": 117.01,
            "roe": 5.69,
            "roe_4q": 14.94,
            "gross_profit": 3981726,
            "gross_margin": 17.31,
            "gross_margin_4q_avg": 16.38,
            "net_income": 1413763,
            "net_income_4q": null,
            "revenue": 23003636,
            "revenue_4q": null,
            "common_shares": 6356889,
            "book_valuer_per_share": 40.22,
            "book_valuer_per_share_4q_avg": 38.56,
            "equity": 25586538,
            "current_ratio": 182.33,
            "debt_ratio": 48.54,
            "inventory_turnover_ratio": 1.36,
            "account_receivable_turnover_ratio": 2.56,
            "reinvestment_rate": -0.24,
            "research_to_sale_ratio": 3.15,
            "price_fair": 152.86,
            "eps_avg_yearly": 4.37,
            "eps_latest_yearly": 8.96,
            "eps_growth_yearly": 100.99
        },
        "20204": {
            "year_quarter": 20204,
            "year": 2020,
            "quarter": 4,
            "eps": 1.73,
            "eps_growth_year": 182.54,
            "eps_4q": 6.88,
            "eps_4q_growth_year": 125.57,
            "roe": 4.1,
            "roe_4q": 17.37,
            "gross_profit": 4172639,
            "gross_margin": 17.79,
            "gross_margin_4q_avg": 17.03,
            "net_income": 1085267,
            "net_income_4q": null,
            "revenue": 23457829,
            "revenue_4q": null,
            "common_shares": 6356889,
            "book_valuer_per_share": 43.1,
            "book_valuer_per_share_4q_avg": 39.78,
            "equity": 27413122,
            "current_ratio": 198.08,
            "debt_ratio": 44.54,
            "inventory_turnover_ratio": 1.28,
            "account_receivable_turnover_ratio": 2.74,
            "reinvestment_rate": -1.06,
            "research_to_sale_ratio": 2.51,
            "price_fair": 160.91,
            "eps_avg_yearly": 4.6,
            "eps_latest_yearly": 6.92,
            "eps_growth_yearly": 104.6
        },
        "20211": {
            "year_quarter": 20211,
            "year": 2021,
            "quarter": 1,
            "eps": 4.34,
            "eps_growth_year": 305.61,
            "eps_4q": 10.15,
            "eps_4q_growth_year": 171.86,
            "roe": 9.48,
            "roe_4q": 24.07,
            "gross_profit": 6834479,
            "gross_margin": 24.09,
            "gross_margin_4q_avg": 19.01,
            "net_income": 2758711,
            "net_income_4q": null,
            "revenue": 28366960,
            "revenue_4q": null,
            "common_shares": 6356889,
            "book_valuer_per_share": 48.39,
            "book_valuer_per_share_4q_avg": 42.4,
            "equity": 30775917,
            "current_ratio": 183.89,
            "debt_ratio": 47.65,
            "inventory_turnover_ratio": 1.22,
            "account_receivable_turnover_ratio": 2.94,
            "reinvestment_rate": 1.07,
            "research_to_sale_ratio": 3.45,
            "price_fair": 195.13,
            "eps_avg_yearly": 5.58,
            "eps_latest_yearly": 17.36,
            "eps_growth_yearly": 154.05
        },
        "20212": {
            "year_quarter": 20212,
            "year": 2021,
            "quarter": 2,
            "eps": 5.17,
            "eps_growth_year": 180.98,
            "eps_4q": 13.49,
            "eps_4q_growth_year": 180.22,
            "roe": 10.71,
            "roe_4q": 29.98,
            "gross_profit": 8496576,
            "gross_margin": 26.73,
            "gross_margin_4q_avg": 21.48,
            "net_income": 3286956,
            "net_income_4q": null,
            "revenue": 31787258,
            "revenue_4q": null,
            "common_shares": 6356889,
            "book_valuer_per_share": 48.14,
            "book_valuer_per_share_4q_avg": 44.96,
            "equity": 30618226,
            "current_ratio": 180.12,
            "debt_ratio": 48.83,
            "inventory_turnover_ratio": 1.1,
            "account_receivable_turnover_ratio": 2.81,
            "reinvestment_rate": 2.95,
            "research_to_sale_ratio": 3.83,
            "price_fair": 232.4,
            "eps_avg_yearly": 6.64,
            "eps_latest_yearly": 20.68,
            "eps_growth_yearly": 130.92
        },
        "20213": {
            "year_quarter": 20213,
            "year": 2021,
            "quarter": 3,
            "eps": 5.66,
            "eps_growth_year": 152.68,
            "eps_4q": 16.97,
            "eps_4q_growth_year": 194.6,
            "roe": 11.26,
            "roe_4q": 35.55,
            "gross_profit": 7262884,
            "gross_margin": 23.21,
            "gross_margin_4q_avg": 22.96,
            "net_income": 3590028,
            "net_income_4q": null,
            "revenue": 31294579,
            "revenue_4q": null,
            "common_shares": 6356889,
            "book_valuer_per_share": 52.4,
            "book_valuer_per_share_4q_avg": 48.01,
            "equity": 33170281,
            "current_ratio": 200.52,
            "debt_ratio": 44.59,
            "inventory_turnover_ratio": 1.08,
            "account_receivable_turnover_ratio": 2.22,
            "reinvestment_rate": 2.45,
            "research_to_sale_ratio": 3.01,
            "price_fair": 266.61,
            "eps_avg_yearly": 7.62,
            "eps_latest_yearly": 22.64,
            "eps_growth_yearly": 110.21
        },
        "20214": {
            "year_quarter": 20214,
            "year": 2021,
            "quarter": 4,
            "eps": 5.83,
            "eps_growth_year": 236.3,
            "eps_4q": 21.01,
            "eps_4q_growth_year": 205.25,
            "roe": 10.47,
            "roe_4q": 41.92,
            "gross_profit": 6996093,
            "gross_margin": 22.97,
            "gross_margin_4q_avg": 24.25,
            "net_income": 3699451,
            "net_income_4q": null,
            "revenue": 30456560,
            "revenue_4q": null,
            "common_shares": 6356889,
            "book_valuer_per_share": 59.04,
            "book_valuer_per_share_4q_avg": 51.99,
            "equity": 37503100,
            "current_ratio": 196.09,
            "debt_ratio": 45.79,
            "inventory_turnover_ratio": 0.96,
            "account_receivable_turnover_ratio": 2.19,
            "reinvestment_rate": 1.89,
            "research_to_sale_ratio": 3.13,
            "price_fair": 305.99,
            "eps_avg_yearly": 8.74,
            "eps_latest_yearly": 23.32,
            "eps_growth_yearly": 116.96
        },
        "20221": {
            "year_quarter": 20221,
            "year": 2022,
            "quarter": 1,
            "eps": 4.83,
            "eps_growth_year": 11.29,
            "eps_4q": 21.49,
            "eps_4q_growth_year": 111.73,
            "roe": 7.85,
            "roe_4q": 40.29,
            "gross_profit": 7875469,
            "gross_margin": 24.15,
            "gross_margin_4q_avg": 24.27,
            "net_income": 3066178,
            "net_income_4q": null,
            "revenue": 32610245,
            "revenue_4q": null,
            "common_shares": 6356889,
            "book_valuer_per_share": 63.92,
            "book_valuer_per_share_4q_avg": 55.88,
            "equity": 40603447,
            "current_ratio": 207.92,
            "debt_ratio": 43.43,
            "inventory_turnover_ratio": 0.83,
            "account_receivable_turnover_ratio": 2.79,
            "reinvestment_rate": 2.78,
            "research_to_sale_ratio": 2.63,
            "price_fair": 326.03,
            "eps_avg_yearly": 9.32,
            "eps_latest_yearly": 19.32,
            "eps_growth_yearly": 89.93
        },
        "20222": {
            "year_quarter": 20222,
            "year": 2022,
            "quarter": 2,
            "eps": 1.55,
            "eps_growth_year": -70.02,
            "eps_4q": 17.86,
            "eps_4q_growth_year": 32.42,
            "roe": 2.65,
            "roe_4q": 32.23,
            "gross_profit": 3142711,
            "gross_margin": 13.87,
            "gross_margin_4q_avg": 21.05,
            "net_income": 981231,
            "net_income_4q": null,
            "revenue": 22661655,
            "revenue_4q": null,
            "common_shares": 6356889,
            "book_valuer_per_share": 52.56,
            "book_valuer_per_share_4q_avg": 56.98,
            "equity": 33389922,
            "current_ratio": 183.75,
            "debt_ratio": 48.26,
            "inventory_turnover_ratio": 0.62,
            "account_receivable_turnover_ratio": 1.88,
            "reinvestment_rate": 5.45,
            "research_to_sale_ratio": 1.85,
            "price_fair": 330.4,
            "eps_avg_yearly": 9.44,
            "eps_latest_yearly": 6.2,
            "eps_growth_yearly": 87.62
        },
        "20223": {
            "year_quarter": 20223,
            "year": 2022,
            "quarter": 3,
            "eps": 1.84,
            "eps_growth_year": -67.49,
            "eps_4q": 14.04,
            "eps_4q_growth_year": -17.26,
            "roe": 3.44,
            "roe_4q": 24.41,
            "gross_profit": 3000830,
            "gross_margin": 12.4,
            "gross_margin_4q_avg": 18.35,
            "net_income": 1168716,
            "net_income_4q": null,
            "revenue": 24192106,
            "revenue_4q": null,
            "common_shares": 6356889,
            "book_valuer_per_share": 54.52,
            "book_valuer_per_share_4q_avg": 57.51,
            "equity": 34634051,
            "current_ratio": 235.32,
            "debt_ratio": 37.91,
            "inventory_turnover_ratio": 0.8,
            "account_receivable_turnover_ratio": 2.04,
            "reinvestment_rate": 5.67,
            "research_to_sale_ratio": 1.77,
            "price_fair": 344.49,
            "eps_avg_yearly": 9.84,
            "eps_latest_yearly": 7.36,
            "eps_growth_yearly": 111.82
        },
        "20224": {
            "year_quarter": 20224,
            "year": 2022,
            "quarter": 4,
            "eps": 2.08,
            "eps_growth_year": -64.35,
            "eps_4q": 10.29,
            "eps_4q_growth_year": -51.03,
            "roe": 3.74,
            "roe_4q": 17.68,
            "gross_profit": 2597068,
            "gross_margin": 9.34,
            "gross_margin_4q_avg": 14.94,
            "net_income": 1318724,
            "net_income_4q": null,
            "revenue": 27799638,
            "revenue_4q": null,
            "common_shares": 6356889,
            "book_valuer_per_share": 56.53,
            "book_valuer_per_share_4q_avg": 56.88,
            "equity": 35944920,
            "current_ratio": 203.23,
            "debt_ratio": 43.46,
            "inventory_turnover_ratio": 1.13,
            "account_receivable_turnover_ratio": 2.12,
            "reinvestment_rate": 4.95,
            "research_to_sale_ratio": 1.87,
            "price_fair": 360.76,
            "eps_avg_yearly": 10.31,
            "eps_latest_yearly": 8.32,
            "eps_growth_yearly": 116.17
        },
        "20231": {
            "year_quarter": 20231,
            "year": 2023,
            "quarter": 1,
            "eps": 1.61,
            "eps_growth_year": -66.67,
            "eps_4q": 7.07,
            "eps_4q_growth_year": -67.09,
            "roe": 2.8,
            "roe_4q": 12.63,
            "gross_profit": 3545609,
            "gross_margin": 12.65,
            "gross_margin_4q_avg": 12.07,
            "net_income": 1024585,
            "net_income_4q": null,
            "revenue": 28030016,
            "revenue_4q": null,
            "common_shares": 6356889,
            "book_valuer_per_share": 58.42,
            "book_valuer_per_share_4q_avg": 55.51,
            "equity": 37151423,
            "current_ratio": 202.38,
            "debt_ratio": 43.72,
            "inventory_turnover_ratio": 1.05,
            "account_receivable_turnover_ratio": 2.11,
            "reinvestment_rate": 4.74,
            "research_to_sale_ratio": 2.03,
            "price_fair": 371.44,
            "eps_avg_yearly": 10.61,
            "eps_latest_yearly": 6.44,
            "eps_growth_yearly": 91.2
        },
        "20232": {
            "year_quarter": 20232,
            "year": 2023,
            "quarter": 2,
            "eps": 1.4,
            "eps_growth_year": -9.68,
            "eps_4q": 6.93,
            "eps_4q_growth_year": -61.21,
            "roe": 2.5,
            "roe_4q": 12.479999999999999,
            "gross_profit": 3089603,
            "gross_margin": 11.82,
            "gross_margin_4q_avg": 11.55,
            "net_income": 889246,
            "net_income_4q": null,
            "revenue": 26133800,
            "revenue_4q": null,
            "common_shares": 6356889,
            "book_valuer_per_share": 53.32,
            "book_valuer_per_share_4q_avg": 55.7,
            "equity": 33907170,
            "current_ratio": 192.99,
            "debt_ratio": 45.68,
            "inventory_turnover_ratio": 0.98,
            "account_receivable_turnover_ratio": 2.11,
            "reinvestment_rate": 4.68,
            "research_to_sale_ratio": 1.51,
            "price_fair": 377.04,
            "eps_avg_yearly": 10.77,
            "eps_latest_yearly": 5.6,
            "eps_growth_yearly": 64.22
        },
        "20233": {
            "year_quarter": 20233,
            "year": 2023,
            "quarter": 3,
            "eps": 2.33,
            "eps_growth_year": 26.63,
            "eps_4q": 7.42,
            "eps_4q_growth_year": -47.2,
            "roe": 4.22,
            "roe_4q": 13.26,
            "gross_profit": 4912395,
            "gross_margin": 13.27,
            "gross_margin_4q_avg": 11.77,
            "net_income": 1478383,
            "net_income_4q": null,
            "revenue": 37013385,
            "revenue_4q": null,
            "common_shares": 6356889,
            "book_valuer_per_share": 56.78,
            "book_valuer_per_share_4q_avg": 56.26,
            "equity": 36106179,
            "current_ratio": 187.88,
            "debt_ratio": 58.85,
            "inventory_turnover_ratio": 1.26,
            "account_receivable_turnover_ratio": 2.6,
            "reinvestment_rate": 5.21,
            "research_to_sale_ratio": 2.17,
            "price_fair": 386.14,
            "eps_avg_yearly": 11.03,
            "eps_latest_yearly": 9.32,
            "eps_growth_yearly": 63.4
        }
    },
    "months": {
        "2001-06": {
            "month": "2001-06",
            "price": "95.12",
            "revenue": 1681028
        },
        "2001-07": {
            "month": "2001-07",
            "price": "87.14",
            "revenue": 1955714
        },
        "2001-08": {
            "month": "2001-08",
            "price": "81.85",
            "revenue": 2338834
        },
        "2001-09": {
            "month": "2001-09",
            "price": "66.35",
            "revenue": 2523115
        },
        "2001-10": {
            "month": "2001-10",
            "price": "61.12",
            "revenue": 2706074
        },
        "2001-11": {
            "month": "2001-11",
            "price": "71.95",
            "revenue": 3144729
        },
        "2001-12": {
            "month": "2001-12",
            "price": "102.31",
            "revenue": 2523493
        },
        "2002-01": {
            "month": "2002-01",
            "price": "106.07",
            "revenue": 2726958
        },
        "2002-02": {
            "month": "2002-02",
            "price": "110.25",
            "revenue": 2502810
        },
        "2002-03": {
            "month": "2002-03",
            "price": "105.26",
            "revenue": 2300276
        },
        "2002-04": {
            "month": "2002-04",
            "price": "98.02",
            "revenue": 2001889
        },
        "2002-05": {
            "month": "2002-05",
            "price": "84.93",
            "revenue": 2038056
        },
        "2002-06": {
            "month": "2002-06",
            "price": "82.18",
            "revenue": 2023967
        },
        "2002-07": {
            "month": "2002-07",
            "price": "77.83",
            "revenue": 2167524
        },
        "2002-08": {
            "month": "2002-08",
            "price": "76.84",
            "revenue": 2386420
        },
        "2002-09": {
            "month": "2002-09",
            "price": "64.95",
            "revenue": 2703695
        },
        "2002-10": {
            "month": "2002-10",
            "price": "59.39",
            "revenue": 3226647
        },
        "2002-11": {
            "month": "2002-11",
            "price": "61.38",
            "revenue": 3194121
        },
        "2002-12": {
            "month": "2002-12",
            "price": "54.21",
            "revenue": 2935406
        },
        "2003-01": {
            "month": "2003-01",
            "price": "51.31",
            "revenue": 2948612
        },
        "2003-02": {
            "month": "2003-02",
            "price": "47.94",
            "revenue": 2369099
        },
        "2003-03": {
            "month": "2003-03",
            "price": "48.77",
            "revenue": 3153216
        },
        "2003-04": {
            "month": "2003-04",
            "price": "51.66",
            "revenue": 2200939
        },
        "2003-05": {
            "month": "2003-05",
            "price": "52.55",
            "revenue": 2338291
        },
        "2003-06": {
            "month": "2003-06",
            "price": "68.42",
            "revenue": 2612754
        },
        "2003-07": {
            "month": "2003-07",
            "price": "83.00",
            "revenue": 2827691
        },
        "2003-08": {
            "month": "2003-08",
            "price": "76.88",
            "revenue": 3108995
        },
        "2003-09": {
            "month": "2003-09",
            "price": "67.36",
            "revenue": 3148932
        },
        "2003-10": {
            "month": "2003-10",
            "price": "66.27",
            "revenue": 3417047
        },
        "2003-11": {
            "month": "2003-11",
            "price": "62.62",
            "revenue": 3252026
        },
        "2003-12": {
            "month": "2003-12",
            "price": "60.07",
            "revenue": 3055679
        },
        "2004-01": {
            "month": "2004-01",
            "price": "60.90",
            "revenue": 2595103
        },
        "2004-02": {
            "month": "2004-02",
            "price": "60.42",
            "revenue": 3142331
        },
        "2004-03": {
            "month": "2004-03",
            "price": "60.54",
            "revenue": 3559438
        },
        "2004-04": {
            "month": "2004-04",
            "price": "61.48",
            "revenue": 3064698
        },
        "2004-05": {
            "month": "2004-05",
            "price": "52.62",
            "revenue": 2646530
        },
        "2004-06": {
            "month": "2004-06",
            "price": "50.18",
            "revenue": 2770245
        },
        "2004-07": {
            "month": "2004-07",
            "price": "44.65",
            "revenue": 2920566
        },
        "2004-08": {
            "month": "2004-08",
            "price": "45.89",
            "revenue": 3204452
        },
        "2004-09": {
            "month": "2004-09",
            "price": "42.71",
            "revenue": 3693881
        },
        "2004-10": {
            "month": "2004-10",
            "price": "39.96",
            "revenue": 4136008
        },
        "2004-11": {
            "month": "2004-11",
            "price": "38.59",
            "revenue": 4003251
        },
        "2004-12": {
            "month": "2004-12",
            "price": "37.83",
            "revenue": 3621300
        },
        "2005-01": {
            "month": "2005-01",
            "price": "34.84",
            "revenue": 3169379
        },
        "2005-02": {
            "month": "2005-02",
            "price": "33.79",
            "revenue": 2896087
        },
        "2005-03": {
            "month": "2005-03",
            "price": "32.97",
            "revenue": 3757395
        },
        "2005-04": {
            "month": "2005-04",
            "price": "30.99",
            "revenue": 3600880
        },
        "2005-05": {
            "month": "2005-05",
            "price": "32.45",
            "revenue": 2907410
        },
        "2005-06": {
            "month": "2005-06",
            "price": "36.44",
            "revenue": 3081315
        },
        "2005-07": {
            "month": "2005-07",
            "price": "37.68",
            "revenue": 3192192
        },
        "2005-08": {
            "month": "2005-08",
            "price": "33.51",
            "revenue": 4115374
        },
        "2005-09": {
            "month": "2005-09",
            "price": "31.87",
            "revenue": 4523940
        },
        "2005-10": {
            "month": "2005-10",
            "price": "29.04",
            "revenue": 4777182
        },
        "2005-11": {
            "month": "2005-11",
            "price": "28.88",
            "revenue": 4802748
        },
        "2005-12": {
            "month": "2005-12",
            "price": "30.66",
            "revenue": 4394315
        },
        "2006-01": {
            "month": "2006-01",
            "price": "29.43",
            "revenue": 3918577
        },
        "2006-02": {
            "month": "2006-02",
            "price": "28.24",
            "revenue": 3103488
        },
        "2006-03": {
            "month": "2006-03",
            "price": "25.68",
            "revenue": 4002932
        },
        "2006-04": {
            "month": "2006-04",
            "price": "25.38",
            "revenue": 3351541
        },
        "2006-05": {
            "month": "2006-05",
            "price": "24.23",
            "revenue": 3350560
        },
        "2006-06": {
            "month": "2006-06",
            "price": "20.52",
            "revenue": 3310337
        },
        "2006-07": {
            "month": "2006-07",
            "price": "19.84",
            "revenue": 3362652
        },
        "2006-08": {
            "month": "2006-08",
            "price": "20.92",
            "revenue": 4971486
        },
        "2006-09": {
            "month": "2006-09",
            "price": "24.57",
            "revenue": 5442441
        },
        "2006-10": {
            "month": "2006-10",
            "price": "25.70",
            "revenue": 3299100
        },
        "2006-11": {
            "month": "2006-11",
            "price": "23.85",
            "revenue": 2817821
        },
        "2006-12": {
            "month": "2006-12",
            "price": "24.29",
            "revenue": 1708946
        },
        "2007-01": {
            "month": "2007-01",
            "price": "25.60",
            "revenue": 2084778
        },
        "2007-02": {
            "month": "2007-02",
            "price": "24.69",
            "revenue": 1466695
        },
        "2007-03": {
            "month": "2007-03",
            "price": "22.90",
            "revenue": 1939657
        },
        "2007-04": {
            "month": "2007-04",
            "price": "22.40",
            "revenue": 1881297
        },
        "2007-05": {
            "month": "2007-05",
            "price": "21.78",
            "revenue": 1949236
        },
        "2007-06": {
            "month": "2007-06",
            "price": "24.54",
            "revenue": 2008315
        },
        "2007-07": {
            "month": "2007-07",
            "price": "26.92",
            "revenue": 1879209
        },
        "2007-08": {
            "month": "2007-08",
            "price": "30.65",
            "revenue": 2401205
        },
        "2007-09": {
            "month": "2007-09",
            "price": "28.14",
            "revenue": 2260329
        },
        "2007-10": {
            "month": "2007-10",
            "price": "26.07",
            "revenue": 2045646
        },
        "2007-11": {
            "month": "2007-11",
            "price": "22.99",
            "revenue": 2057353
        },
        "2007-12": {
            "month": "2007-12",
            "price": "20.17",
            "revenue": 1963354
        },
        "2008-01": {
            "month": "2008-01",
            "price": "18.19",
            "revenue": 2242701
        },
        "2008-02": {
            "month": "2008-02",
            "price": "18.88",
            "revenue": 1731786
        },
        "2008-03": {
            "month": "2008-03",
            "price": "20.76",
            "revenue": 1801035
        },
        "2008-04": {
            "month": "2008-04",
            "price": "25.98",
            "revenue": 1314259
        },
        "2008-05": {
            "month": "2008-05",
            "price": "27.85",
            "revenue": 3114492
        },
        "2008-06": {
            "month": "2008-06",
            "price": "26.88",
            "revenue": 3749941
        },
        "2008-07": {
            "month": "2008-07",
            "price": "22.69",
            "revenue": 4114081
        },
        "2008-08": {
            "month": "2008-08",
            "price": "23.35",
            "revenue": 3989159
        },
        "2008-09": {
            "month": "2008-09",
            "price": "17.52",
            "revenue": 4521861
        },
        "2008-10": {
            "month": "2008-10",
            "price": "13.32",
            "revenue": 3576616
        },
        "2008-11": {
            "month": "2008-11",
            "price": "11.51",
            "revenue": 2914716
        },
        "2008-12": {
            "month": "2008-12",
            "price": "11.59",
            "revenue": 2203295
        },
        "2009-01": {
            "month": "2009-01",
            "price": "12.25",
            "revenue": 3898736
        },
        "2009-02": {
            "month": "2009-02",
            "price": "13.12",
            "revenue": 3626626
        },
        "2009-03": {
            "month": "2009-03",
            "price": "17.06",
            "revenue": 3891147
        },
        "2009-04": {
            "month": "2009-04",
            "price": "21.40",
            "revenue": 3176050
        },
        "2009-05": {
            "month": "2009-05",
            "price": "22.30",
            "revenue": 2876429
        },
        "2009-06": {
            "month": "2009-06",
            "price": "20.07",
            "revenue": 3217381
        },
        "2009-07": {
            "month": "2009-07",
            "price": "21.15",
            "revenue": 4775465
        },
        "2009-08": {
            "month": "2009-08",
            "price": "24.61",
            "revenue": 3988524
        },
        "2009-09": {
            "month": "2009-09",
            "price": "26.54",
            "revenue": 4702573
        },
        "2009-10": {
            "month": "2009-10",
            "price": "27.02",
            "revenue": 3720971
        },
        "2009-11": {
            "month": "2009-11",
            "price": "29.24",
            "revenue": 3457401
        },
        "2009-12": {
            "month": "2009-12",
            "price": "29.96",
            "revenue": 3545501
        },
        "2010-01": {
            "month": "2010-01",
            "price": "31.14",
            "revenue": 5500281
        },
        "2010-02": {
            "month": "2010-02",
            "price": "29.87",
            "revenue": 4188629
        },
        "2010-03": {
            "month": "2010-03",
            "price": "31.07",
            "revenue": 4405114
        },
        "2010-04": {
            "month": "2010-04",
            "price": "32.65",
            "revenue": 3409042
        },
        "2010-05": {
            "month": "2010-05",
            "price": "33.39",
            "revenue": 3044921
        },
        "2010-06": {
            "month": "2010-06",
            "price": "32.99",
            "revenue": 2878259
        },
        "2010-07": {
            "month": "2010-07",
            "price": "32.83",
            "revenue": 4157095
        },
        "2010-08": {
            "month": "2010-08",
            "price": "30.05",
            "revenue": 3756265
        },
        "2010-09": {
            "month": "2010-09",
            "price": "28.75",
            "revenue": 4714318
        },
        "2010-10": {
            "month": "2010-10",
            "price": "29.74",
            "revenue": 4247676
        },
        "2010-11": {
            "month": "2010-11",
            "price": "29.35",
            "revenue": 4758489
        },
        "2010-12": {
            "month": "2010-12",
            "price": "31.59",
            "revenue": 3769757
        },
        "2011-01": {
            "month": "2011-01",
            "price": "32.44",
            "revenue": 5006998
        },
        "2011-02": {
            "month": "2011-02",
            "price": "30.05",
            "revenue": 2735854
        },
        "2011-03": {
            "month": "2011-03",
            "price": "29.52",
            "revenue": 4648520
        },
        "2011-04": {
            "month": "2011-04",
            "price": "29.63",
            "revenue": 3682756
        },
        "2011-05": {
            "month": "2011-05",
            "price": "30.40",
            "revenue": 3117095
        },
        "2011-06": {
            "month": "2011-06",
            "price": "31.63",
            "revenue": 3622356
        },
        "2011-07": {
            "month": "2011-07",
            "price": "31.21",
            "revenue": 3762030
        },
        "2011-08": {
            "month": "2011-08",
            "price": "28.48",
            "revenue": 3841317
        },
        "2011-09": {
            "month": "2011-09",
            "price": "27.12",
            "revenue": 3930558
        },
        "2011-10": {
            "month": "2011-10",
            "price": "24.98",
            "revenue": 2878065
        },
        "2011-11": {
            "month": "2011-11",
            "price": "22.54",
            "revenue": 2684627
        },
        "2011-12": {
            "month": "2011-12",
            "price": "20.99",
            "revenue": 2754430
        },
        "2012-01": {
            "month": "2012-01",
            "price": "22.67",
            "revenue": 2726079
        },
        "2012-02": {
            "month": "2012-02",
            "price": "24.77",
            "revenue": 3319210
        },
        "2012-03": {
            "month": "2012-03",
            "price": "25.82",
            "revenue": 3333354
        },
        "2012-04": {
            "month": "2012-04",
            "price": "25.50",
            "revenue": 2717524
        },
        "2012-05": {
            "month": "2012-05",
            "price": "25.79",
            "revenue": 3416163
        },
        "2012-06": {
            "month": "2012-06",
            "price": "27.66",
            "revenue": 3359760
        },
        "2012-07": {
            "month": "2012-07",
            "price": "27.05",
            "revenue": 4015214
        },
        "2012-08": {
            "month": "2012-08",
            "price": "26.02",
            "revenue": 4386150
        },
        "2012-09": {
            "month": "2012-09",
            "price": "26.42",
            "revenue": 4429536
        },
        "2012-10": {
            "month": "2012-10",
            "price": "24.43",
            "revenue": 3473927
        },
        "2012-11": {
            "month": "2012-11",
            "price": "23.71",
            "revenue": 3848745
        },
        "2012-12": {
            "month": "2012-12",
            "price": "25.13",
            "revenue": 3115451
        },
        "2013-01": {
            "month": "2013-01",
            "price": "26.07",
            "revenue": 4563464
        },
        "2013-02": {
            "month": "2013-02",
            "price": "26.02",
            "revenue": 3403569
        },
        "2013-03": {
            "month": "2013-03",
            "price": "26.72",
            "revenue": 4434408
        },
        "2013-04": {
            "month": "2013-04",
            "price": "27.61",
            "revenue": 3466909
        },
        "2013-05": {
            "month": "2013-05",
            "price": "28.48",
            "revenue": 3989825
        },
        "2013-06": {
            "month": "2013-06",
            "price": "28.19",
            "revenue": 4082514
        },
        "2013-07": {
            "month": "2013-07",
            "price": "27.33",
            "revenue": 4716282
        },
        "2013-08": {
            "month": "2013-08",
            "price": "27.06",
            "revenue": 4247506
        },
        "2013-09": {
            "month": "2013-09",
            "price": "28.16",
            "revenue": 5139524
        },
        "2013-10": {
            "month": "2013-10",
            "price": "30.63",
            "revenue": 4460476
        },
        "2013-11": {
            "month": "2013-11",
            "price": "33.40",
            "revenue": 4558292
        },
        "2013-12": {
            "month": "2013-12",
            "price": "37.45",
            "revenue": 4055602
        },
        "2014-01": {
            "month": "2014-01",
            "price": "38.36",
            "revenue": 6053522
        },
        "2014-02": {
            "month": "2014-02",
            "price": "42.08",
            "revenue": 4391054
        },
        "2014-03": {
            "month": "2014-03",
            "price": "43.25",
            "revenue": 4842881
        },
        "2014-04": {
            "month": "2014-04",
            "price": "47.80",
            "revenue": 4184034
        },
        "2014-05": {
            "month": "2014-05",
            "price": "49.36",
            "revenue": 4296774
        },
        "2014-06": {
            "month": "2014-06",
            "price": "48.02",
            "revenue": 4001215
        },
        "2014-07": {
            "month": "2014-07",
            "price": "45.27",
            "revenue": 4709987
        },
        "2014-08": {
            "month": "2014-08",
            "price": "39.49",
            "revenue": 3893633
        },
        "2014-09": {
            "month": "2014-09",
            "price": "36.35",
            "revenue": 5116019
        },
        "2014-10": {
            "month": "2014-10",
            "price": "33.60",
            "revenue": 4548629
        },
        "2014-11": {
            "month": "2014-11",
            "price": "35.24",
            "revenue": 4822901
        },
        "2014-12": {
            "month": "2014-12",
            "price": "36.18",
            "revenue": 3685589
        },
        "2015-01": {
            "month": "2015-01",
            "price": "38.12",
            "revenue": 5299181
        },
        "2015-02": {
            "month": "2015-02",
            "price": "39.22",
            "revenue": 3216261
        },
        "2015-03": {
            "month": "2015-03",
            "price": "38.89",
            "revenue": 4395465
        },
        "2015-04": {
            "month": "2015-04",
            "price": "38.02",
            "revenue": 3802284
        },
        "2015-05": {
            "month": "2015-05",
            "price": "35.72",
            "revenue": 3848017
        },
        "2015-06": {
            "month": "2015-06",
            "price": "32.20",
            "revenue": 4041305
        },
        "2015-07": {
            "month": "2015-07",
            "price": "28.41",
            "revenue": 4460222
        },
        "2015-08": {
            "month": "2015-08",
            "price": "26.25",
            "revenue": 4532304
        },
        "2015-09": {
            "month": "2015-09",
            "price": "29.71",
            "revenue": 5013766
        },
        "2015-10": {
            "month": "2015-10",
            "price": "32.88",
            "revenue": 4193921
        },
        "2015-11": {
            "month": "2015-11",
            "price": "33.90",
            "revenue": 4178337
        },
        "2015-12": {
            "month": "2015-12",
            "price": "36.80",
            "revenue": 3846428
        },
        "2016-01": {
            "month": "2016-01",
            "price": "33.47",
            "revenue": 4902933
        },
        "2016-02": {
            "month": "2016-02",
            "price": "35.84",
            "revenue": 3315959
        },
        "2016-03": {
            "month": "2016-03",
            "price": "35.99",
            "revenue": 4869681
        },
        "2016-04": {
            "month": "2016-04",
            "price": "34.40",
            "revenue": 3873618
        },
        "2016-05": {
            "month": "2016-05",
            "price": "34.95",
            "revenue": 3293391
        },
        "2016-06": {
            "month": "2016-06",
            "price": "38.10",
            "revenue": 4853039
        },
        "2016-07": {
            "month": "2016-07",
            "price": "39.58",
            "revenue": 4633987
        },
        "2016-08": {
            "month": "2016-08",
            "price": "42.50",
            "revenue": 5003650
        },
        "2016-09": {
            "month": "2016-09",
            "price": "42.18",
            "revenue": 5243795
        },
        "2016-10": {
            "month": "2016-10",
            "price": "41.81",
            "revenue": 4045418
        },
        "2016-11": {
            "month": "2016-11",
            "price": "41.34",
            "revenue": 4577641
        },
        "2016-12": {
            "month": "2016-12",
            "price": "41.98",
            "revenue": 3730626
        },
        "2017-01": {
            "month": "2017-01",
            "price": "42.32",
            "revenue": 4290828
        },
        "2017-02": {
            "month": "2017-02",
            "price": "41.69",
            "revenue": 4727475
        },
        "2017-03": {
            "month": "2017-03",
            "price": "42.42",
            "revenue": 4307229
        },
        "2017-04": {
            "month": "2017-04",
            "price": "41.39",
            "revenue": 3946498
        },
        "2017-05": {
            "month": "2017-05",
            "price": "39.13",
            "revenue": 4483313
        },
        "2017-06": {
            "month": "2017-06",
            "price": "39.68",
            "revenue": 5541432
        },
        "2017-07": {
            "month": "2017-07",
            "price": "39.23",
            "revenue": 5852465
        },
        "2017-08": {
            "month": "2017-08",
            "price": "39.30",
            "revenue": 5505470
        },
        "2017-09": {
            "month": "2017-09",
            "price": "39.18",
            "revenue": 5699915
        },
        "2017-10": {
            "month": "2017-10",
            "price": "41.49",
            "revenue": 4425334
        },
        "2017-11": {
            "month": "2017-11",
            "price": "46.33",
            "revenue": 5542848
        },
        "2017-12": {
            "month": "2017-12",
            "price": "50.87",
            "revenue": 5559752
        },
        "2018-01": {
            "month": "2018-01",
            "price": "65.18",
            "revenue": 7144660
        },
        "2018-02": {
            "month": "2018-02",
            "price": "69.85",
            "revenue": 4533556
        },
        "2018-03": {
            "month": "2018-03",
            "price": "68.02",
            "revenue": 8498556
        },
        "2018-04": {
            "month": "2018-04",
            "price": "67.09",
            "revenue": 4999243
        },
        "2018-05": {
            "month": "2018-05",
            "price": "78.02",
            "revenue": 5354401
        },
        "2018-06": {
            "month": "2018-06",
            "price": "73.32",
            "revenue": 3819904
        },
        "2018-07": {
            "month": "2018-07",
            "price": "62.11",
            "revenue": 4625846
        },
        "2018-08": {
            "month": "2018-08",
            "price": "54.55",
            "revenue": 4481252
        },
        "2018-09": {
            "month": "2018-09",
            "price": "49.94",
            "revenue": 4517819
        },
        "2018-10": {
            "month": "2018-10",
            "price": "42.68",
            "revenue": 5007557
        },
        "2018-11": {
            "month": "2018-11",
            "price": "39.69",
            "revenue": 4750023
        },
        "2018-12": {
            "month": "2018-12",
            "price": "39.94",
            "revenue": 3206046
        },
        "2019-01": {
            "month": "2019-01",
            "price": "39.93",
            "revenue": 5362092
        },
        "2019-02": {
            "month": "2019-02",
            "price": "44.66",
            "revenue": 3815556
        },
        "2019-03": {
            "month": "2019-03",
            "price": "47.93",
            "revenue": 6853503
        },
        "2019-04": {
            "month": "2019-04",
            "price": "50.98",
            "revenue": 4386381
        },
        "2019-05": {
            "month": "2019-05",
            "price": "46.31",
            "revenue": 4231955
        },
        "2019-06": {
            "month": "2019-06",
            "price": "46.79",
            "revenue": 3689929
        },
        "2019-07": {
            "month": "2019-07",
            "price": "50.76",
            "revenue": 5856401
        },
        "2019-08": {
            "month": "2019-08",
            "price": "49.77",
            "revenue": 6147281
        },
        "2019-09": {
            "month": "2019-09",
            "price": "51.82",
            "revenue": 5664159
        },
        "2019-10": {
            "month": "2019-10",
            "price": "50.01",
            "revenue": 5780294
        },
        "2019-11": {
            "month": "2019-11",
            "price": "51.08",
            "revenue": 5273809
        },
        "2019-12": {
            "month": "2019-12",
            "price": "50.97",
            "revenue": 4753802
        },
        "2020-01": {
            "month": "2020-01",
            "price": "50.64",
            "revenue": 6254698
        },
        "2020-02": {
            "month": "2020-02",
            "price": "54.99",
            "revenue": 4668398
        },
        "2020-03": {
            "month": "2020-03",
            "price": "46.32",
            "revenue": 6310689
        },
        "2020-04": {
            "month": "2020-04",
            "price": "52.28",
            "revenue": 6165821
        },
        "2020-05": {
            "month": "2020-05",
            "price": "58.20",
            "revenue": 7633696
        },
        "2020-06": {
            "month": "2020-06",
            "price": "64.12",
            "revenue": 7109860
        },
        "2020-07": {
            "month": "2020-07",
            "price": "75.44",
            "revenue": 8099005
        },
        "2020-08": {
            "month": "2020-08",
            "price": "85.32",
            "revenue": 6964531
        },
        "2020-09": {
            "month": "2020-09",
            "price": "80.21",
            "revenue": 7931867
        },
        "2020-10": {
            "month": "2020-10",
            "price": "76.94",
            "revenue": 7358828
        },
        "2020-11": {
            "month": "2020-11",
            "price": "75.13",
            "revenue": 9400828
        },
        "2020-12": {
            "month": "2020-12",
            "price": "78.47",
            "revenue": 6693998
        },
        "2021-01": {
            "month": "2021-01",
            "price": "79.00",
            "revenue": 10386245
        },
        "2021-02": {
            "month": "2021-02",
            "price": "83.59",
            "revenue": 6969450
        },
        "2021-03": {
            "month": "2021-03",
            "price": "93.30",
            "revenue": 11009777
        },
        "2021-04": {
            "month": "2021-04",
            "price": "108.16",
            "revenue": 11047434
        },
        "2021-05": {
            "month": "2021-05",
            "price": "110.66",
            "revenue": 11601877
        },
        "2021-06": {
            "month": "2021-06",
            "price": "112.36",
            "revenue": 9134400
        },
        "2021-07": {
            "month": "2021-07",
            "price": "101.47",
            "revenue": 8217667
        },
        "2021-08": {
            "month": "2021-08",
            "price": "90.71",
            "revenue": 10340451
        },
        "2021-09": {
            "month": "2021-09",
            "price": "90.08",
            "revenue": 12747208
        },
        "2021-10": {
            "month": "2021-10",
            "price": "101.55",
            "revenue": 10924392
        },
        "2021-11": {
            "month": "2021-11",
            "price": "133.18",
            "revenue": 11835437
        },
        "2021-12": {
            "month": "2021-12",
            "price": "150.02",
            "revenue": 7695562
        },
        "2022-01": {
            "month": "2022-01",
            "price": "144.69",
            "revenue": 14205060
        },
        "2022-02": {
            "month": "2022-02",
            "price": "147.67",
            "revenue": 8896060
        },
        "2022-03": {
            "month": "2022-03",
            "price": "134.17",
            "revenue": 9500937
        },
        "2022-04": {
            "month": "2022-04",
            "price": "115.13",
            "revenue": 7626462
        },
        "2022-05": {
            "month": "2022-05",
            "price": "108.95",
            "revenue": 6840822
        },
        "2022-06": {
            "month": "2022-06",
            "price": "101.44",
            "revenue": 8194426
        },
        "2022-07": {
            "month": "2022-07",
            "price": "89.40",
            "revenue": 7435303
        },
        "2022-08": {
            "month": "2022-08",
            "price": "84.70",
            "revenue": 7896900
        },
        "2022-09": {
            "month": "2022-09",
            "price": "89.14",
            "revenue": 8767701
        },
        "2022-10": {
            "month": "2022-10",
            "price": "88.40",
            "revenue": 8214578
        },
        "2022-11": {
            "month": "2022-11",
            "price": "103.00",
            "revenue": 10861177
        },
        "2022-12": {
            "month": "2022-12",
            "price": "105.45",
            "revenue": 8772357
        },
        "2023-01": {
            "month": "2023-01",
            "price": "113.73",
            "revenue": 8219614
        },
        "2023-02": {
            "month": "2023-02",
            "price": "117.94",
            "revenue": 10088975
        },
        "2023-03": {
            "month": "2023-03",
            "price": "122.50",
            "revenue": 9733565
        },
        "2023-04": {
            "month": "2023-04",
            "price": "133.74",
            "revenue": 7303724
        },
        "2023-05": {
            "month": "2023-05",
            "price": "154.34",
            "revenue": 9477940
        },
        "2023-06": {
            "month": "2023-06",
            "price": "233.88",
            "revenue": 9644629
        },
        "2023-07": {
            "month": "2023-07",
            "price": "301.02",
            "revenue": 8691762
        },
        "2023-08": {
            "month": "2023-08",
            "price": "326.25",
            "revenue": 11937368
        },
        "2023-09": {
            "month": "2023-09",
            "price": "284.30",
            "revenue": 16271282
        },
        "2023-10": {
            "month": "2023-10",
            "price": "259.05",
            "revenue": 16764958
        },
        "2023-11": {
            "month": "2023-11",
            "price": "230.73",
            "revenue": 15915793
        }
    }
}
