{
    "summary": {
        "stock_name": "微星",
        "stock_id": "2377",
        "category": "電腦及週邊設備",
        "main_business": "有關各種電腦硬體軟體之設計及其成品與零組件製造買賣業務<br>電子零件之製造買賣業務<br>有關前項業務之進出口貿易業務",
        "website_url": "http://tw.msi.com/",
        "ceo": "黃金請",
        "pe_ratio": 18,
        "report_year_from": 2001,
        "report_year_to": 2023,
        "age": 22,
        "eps_negative_percentage": 0,
        "eps_growth_avg": {
            "last_all": 19.75,
            "last_2y": 33.82,
            "last_4y": 23.27,
            "last_8y": 25.02,
            "last_12y": 37.79,
            "last_16y": 27.48,
            "last_20y": 19.75,
            "at_2006_last_3y": -5.27,
            "at_2007_last_3y": 26.91,
            "at_2008_last_3y": 41.79,
            "at_2009_last_3y": -6.02,
            "at_2010_last_3y": 20.46,
            "at_2011_last_3y": -13.04,
            "at_2012_last_3y": 18.69,
            "at_2013_last_3y": 66.5,
            "at_2014_last_3y": 54.7,
            "at_2015_last_3y": 68.96,
            "at_2016_last_3y": 52,
            "at_2017_last_3y": 27.22,
            "at_2018_last_3y": 19.63,
            "at_2019_last_3y": 11.98,
            "at_2020_last_3y": 14.56,
            "at_2021_last_3y": 39.35,
            "at_2022_last_3y": 23.47,
            "at_2023_last_3y": 23.47,
            "at_2006_last_all": -11.67,
            "at_2007_last_all": 6.94,
            "at_2008_last_all": 2.1,
            "at_2009_last_all": -9.56,
            "at_2010_last_all": 2.61,
            "at_2011_last_all": -1.05,
            "at_2012_last_all": 8.14,
            "at_2013_last_all": 15.79,
            "at_2014_last_all": 18.64,
            "at_2015_last_all": 18.95,
            "at_2016_last_all": 19.83,
            "at_2017_last_all": 18.65,
            "at_2018_last_all": 18.87,
            "at_2019_last_all": 17.4,
            "at_2020_last_all": 18.72,
            "at_2021_last_all": 22.79,
            "at_2022_last_all": 19.75,
            "at_2023_last_all": 19.75
        },
        "latest_eps": 9.07,
        "latest_price": 159,
        "latest_roe": 17.28,
        "latest_gross_margin": 13.94,
        "latest_equity": 45327906,
        "latest_revenue": 43600747,
        "latest_gross_profit": 6079580,
        "latest_net_income": 2464477,
        "latest_debt_ratio": 51.63,
        "latest_current_ratio": 180.06,
        "latest_account_receivable_turnover_ratio": 2.11,
        "latest_inventory_turnover_ratio": 1.29,
        "latest_reinvestment_rate": 1.63,
        "latest_research_to_sale_ratio": 2.39
    },
    "eps_dividends": {
        "1998": {
            "cash": 0,
            "stock": 5,
            "eps": 0
        },
        "1999": {
            "cash": 0,
            "stock": 4,
            "eps": 0
        },
        "2000": {
            "cash": 0,
            "stock": 5,
            "eps": 0
        },
        "2001": {
            "cash": 2,
            "stock": 3,
            "eps": 10.89
        },
        "2002": {
            "cash": 1,
            "stock": 4,
            "eps": 6.83
        },
        "2003": {
            "cash": 1,
            "stock": 1,
            "eps": 4.87
        },
        "2004": {
            "cash": 1,
            "stock": 1,
            "eps": 0.66
        },
        "2005": {
            "cash": 0,
            "stock": 0,
            "eps": 1.52
        },
        "2006": {
            "cash": 1,
            "stock": 1,
            "eps": 1.43
        },
        "2007": {
            "cash": 1,
            "stock": 1,
            "eps": 3.12
        },
        "2008": {
            "cash": 1,
            "stock": 0,
            "eps": 2.28
        },
        "2009": {
            "cash": 1,
            "stock": 1,
            "eps": 0.2
        },
        "2010": {
            "cash": 1,
            "stock": 0,
            "eps": 0.5
        },
        "2011": {
            "cash": 2,
            "stock": 0,
            "eps": 0.33
        },
        "2012": {
            "cash": 0,
            "stock": 0,
            "eps": 1.01
        },
        "2013": {
            "cash": 1,
            "stock": 0,
            "eps": 2.33
        },
        "2014": {
            "cash": 2,
            "stock": 0,
            "eps": 3.56
        },
        "2015": {
            "cash": 3,
            "stock": 0,
            "eps": 4.38
        },
        "2016": {
            "cash": 4,
            "stock": 0,
            "eps": 5.79
        },
        "2017": {
            "cash": 5,
            "stock": 0,
            "eps": 5.84
        },
        "2018": {
            "cash": 5,
            "stock": 0,
            "eps": 7.15
        },
        "2019": {
            "cash": 5,
            "stock": 0,
            "eps": 6.61
        },
        "2020": {
            "cash": 4,
            "stock": 0,
            "eps": 9.42
        },
        "2021": {
            "cash": 6,
            "stock": 0,
            "eps": 20.02
        },
        "2022": {
            "cash": 11,
            "stock": 0,
            "eps": 11.8
        },
        "2023": {
            "cash": 7,
            "stock": 0,
            "eps": 2.92
        }
    },
    "dividends": {
        "1998-02-28": {
            "cash": 0,
            "stock": 5
        },
        "1999-05-20": {
            "cash": 0,
            "stock": 4
        },
        "2000-05-04": {
            "cash": 0,
            "stock": 4.5
        },
        "2001-05-10": {
            "cash": 1.5,
            "stock": 2.5
        },
        "2002-05-16": {
            "cash": 1,
            "stock": 3.5
        },
        "2003-04-11": {
            "cash": 0.98,
            "stock": 1.47
        },
        "2004-04-16": {
            "cash": 1,
            "stock": 1
        },
        "2005-03-22": {
            "cash": 0.2,
            "stock": 0.3
        },
        "2006-04-28": {
            "cash": 0.5,
            "stock": 1.1
        },
        "2007-04-27": {
            "cash": 0.6,
            "stock": 0.6
        },
        "2008-04-28": {
            "cash": 0.8,
            "stock": 0.4
        },
        "2009-04-24": {
            "cash": 0.5,
            "stock": 0.5
        },
        "2010-04-27": {
            "cash": 0.5,
            "stock": 0
        },
        "2011-01-01": {
            "cash": 1.05,
            "stock": 0
        },
        "2011-04-28": {
            "cash": 0.53,
            "stock": 0
        },
        "2013-05-03": {
            "cash": 1.1,
            "stock": 0
        },
        "2014-09-19": {
            "cash": 2,
            "stock": 0
        },
        "2015-09-18": {
            "cash": 3,
            "stock": 0
        },
        "2016-09-14": {
            "cash": 3.5,
            "stock": 0
        },
        "2017-09-15": {
            "cash": 4.5,
            "stock": 0
        },
        "2018-09-20": {
            "cash": 4.5,
            "stock": 0
        },
        "2019-09-20": {
            "cash": 5,
            "stock": 0
        },
        "2020-09-18": {
            "cash": 4.2,
            "stock": 0
        },
        "2021-09-16": {
            "cash": 6.1,
            "stock": 0
        },
        "2022-09-16": {
            "cash": 10.5,
            "stock": 0
        },
        "2023-03-14": {
            "cash": 6.6,
            "stock": 0
        }
    },
    "prices": {
        "200101": "62.37",
        "200102": "91.79",
        "200103": "96.39",
        "200104": "106.10",
        "200105": "96.45",
        "200106": "94.25",
        "200107": "88.12",
        "200108": "92.09",
        "200109": "77.94",
        "200110": "70.12",
        "200111": "91.41",
        "200112": "146.40",
        "200201": "164.27",
        "200202": "162.83",
        "200203": "145.45",
        "200204": "137.57",
        "200205": "129.23",
        "200206": "113.92",
        "200207": "99.63",
        "200208": "99.07",
        "200209": "88.38",
        "200210": "70.00",
        "200211": "70.31",
        "200212": "64.05",
        "200301": "64.63",
        "200302": "57.56",
        "200303": "57.55",
        "200304": "62.91",
        "200305": "60.69",
        "200306": "74.48",
        "200307": "79.78",
        "200308": "71.64",
        "200309": "59.67",
        "200310": "59.23",
        "200311": "55.82",
        "200312": "51.53",
        "200401": "52.53",
        "200402": "52.98",
        "200403": "55.15",
        "200404": "52.28",
        "200405": "37.19",
        "200406": "37.18",
        "200407": "31.17",
        "200408": "28.34",
        "200409": "26.73",
        "200410": "24.12",
        "200411": "22.15",
        "200412": "20.60",
        "200501": "22.75",
        "200502": "21.45",
        "200503": "20.98",
        "200504": "19.41",
        "200505": "22.71",
        "200506": "25.50",
        "200507": "26.04",
        "200508": "22.74",
        "200509": "19.25",
        "200510": "18.86",
        "200511": "18.01",
        "200512": "19.66",
        "200601": "20.27",
        "200602": "19.46",
        "200603": "17.83",
        "200604": "17.95",
        "200605": "17.93",
        "200606": "18.12",
        "200607": "17.91",
        "200608": "16.65",
        "200609": "16.14",
        "200610": "17.03",
        "200611": "20.08",
        "200612": "25.37",
        "200701": "25.32",
        "200702": "24.81",
        "200703": "22.71",
        "200704": "23.25",
        "200705": "24.14",
        "200706": "24.92",
        "200707": "28.22",
        "200708": "32.95",
        "200709": "33.58",
        "200710": "31.18",
        "200711": "30.77",
        "200712": "26.45",
        "200801": "24.09",
        "200802": "24.49",
        "200803": "25.45",
        "200804": "27.40",
        "200805": "25.95",
        "200806": "22.05",
        "200807": "18.87",
        "200808": "19.61",
        "200809": "16.71",
        "200810": "13.35",
        "200811": "13.70",
        "200812": "14.82",
        "200901": "15.94",
        "200902": "15.54",
        "200903": "15.82",
        "200904": "19.18",
        "200905": "21.32",
        "200906": "22.08",
        "200907": "22.40",
        "200908": "21.00",
        "200909": "21.33",
        "200910": "21.23",
        "200911": "20.07",
        "200912": "20.06",
        "201001": "21.00",
        "201002": "18.96",
        "201003": "20.00",
        "201004": "20.19",
        "201005": "17.73",
        "201006": "17.64",
        "201007": "17.46",
        "201008": "16.93",
        "201009": "16.22",
        "201010": "16.27",
        "201011": "16.05",
        "201012": "16.88",
        "201101": "17.64",
        "201102": "16.31",
        "201103": "15.38",
        "201104": "15.06",
        "201105": "14.14",
        "201106": "14.35",
        "201107": "14.57",
        "201108": "12.77",
        "201109": "13.63",
        "201110": "14.24",
        "201111": "12.52",
        "201112": "12.52",
        "201201": "12.72",
        "201202": "13.22",
        "201203": "15.00",
        "201204": "13.62",
        "201205": "13.66",
        "201206": "15.05",
        "201207": "15.06",
        "201208": "13.94",
        "201209": "14.44",
        "201210": "13.55",
        "201211": "13.02",
        "201212": "13.84",
        "201301": "13.87",
        "201302": "13.87",
        "201303": "14.13",
        "201304": "13.77",
        "201305": "14.88",
        "201306": "15.51",
        "201307": "16.65",
        "201308": "17.44",
        "201309": "18.88",
        "201310": "19.33",
        "201311": "19.89",
        "201312": "23.65",
        "201401": "25.01",
        "201402": "29.26",
        "201403": "29.64",
        "201404": "31.91",
        "201405": "39.21",
        "201406": "44.35",
        "201407": "47.50",
        "201408": "42.24",
        "201409": "40.24",
        "201410": "37.32",
        "201411": "36.04",
        "201412": "34.21",
        "201501": "34.31",
        "201502": "37.44",
        "201503": "37.14",
        "201504": "35.50",
        "201505": "35.00",
        "201506": "32.71",
        "201507": "30.07",
        "201508": "26.49",
        "201509": "27.67",
        "201510": "31.10",
        "201511": "37.48",
        "201512": "45.26",
        "201601": "42.70",
        "201602": "42.50",
        "201603": "44.49",
        "201604": "50.85",
        "201605": "50.37",
        "201606": "55.59",
        "201607": "66.10",
        "201608": "69.96",
        "201609": "80.01",
        "201610": "83.82",
        "201611": "85.65",
        "201612": "75.74",
        "201701": "76.47",
        "201702": "73.21",
        "201703": "71.13",
        "201704": "63.21",
        "201705": "67.18",
        "201706": "70.50",
        "201707": "75.82",
        "201708": "73.47",
        "201709": "65.84",
        "201710": "69.72",
        "201711": "74.45",
        "201712": "73.11",
        "201801": "90.33",
        "201802": "87.89",
        "201803": "91.69",
        "201804": "96.19",
        "201805": "113.55",
        "201806": "109.80",
        "201807": "100.35",
        "201808": "102.81",
        "201809": "90.90",
        "201810": "73.80",
        "201811": "69.90",
        "201812": "71.18",
        "201901": "76.84",
        "201902": "81.96",
        "201903": "83.05",
        "201904": "86.53",
        "201905": "78.99",
        "201906": "82.44",
        "201907": "88.59",
        "201908": "86.29",
        "201909": "88.84",
        "201910": "89.70",
        "201911": "86.89",
        "201912": "86.15",
        "202001": "90.76",
        "202002": "93.98",
        "202003": "82.73",
        "202004": "90.68",
        "202005": "99.39",
        "202006": "105.22",
        "202007": "125.48",
        "202008": "140.29",
        "202009": "136.25",
        "202010": "124.92",
        "202011": "120.17",
        "202012": "129.39",
        "202101": "132.48",
        "202102": "143.00",
        "202103": "157.84",
        "202104": "171.82",
        "202105": "174.36",
        "202106": "168.43",
        "202107": "151.77",
        "202108": "135.77",
        "202109": "136.70",
        "202110": "137.22",
        "202111": "158.77",
        "202112": "163.39",
        "202201": "157.78",
        "202202": "156.53",
        "202203": "141.91",
        "202204": "122.34",
        "202205": "128.69",
        "202206": "128.14",
        "202207": "110.71",
        "202208": "116.67",
        "202209": "114.79",
        "202210": "108.82",
        "202211": "121.11",
        "202212": "120.32",
        "202301": "126.00",
        "202302": "133.81",
        "202303": "141.07",
        "202304": "145.24",
        "202305": "148.08"
    },
    "quarters": {
        "20011": {
            "year_quarter": 20011,
            "year": 2001,
            "quarter": 1,
            "eps": 3.16,
            "eps_growth_year": 9.72,
            "eps_4q": 8.64,
            "eps_4q_growth_year": 2.89,
            "roe": 10.14,
            "roe_4q": 10.14,
            "gross_profit": 1254137,
            "gross_margin": 15.19,
            "gross_margin_4q_avg": 15.19,
            "net_income": 922447,
            "revenue": 8257304,
            "common_shares": 2919136,
            "book_valuer_per_share": 32.7,
            "book_valuer_per_share_4q_avg": 32.7,
            "equity": 9545722,
            "current_ratio": 167.54,
            "debt_ratio": 42.3,
            "inventory_turnover_ratio": 2.31,
            "account_receivable_turnover_ratio": null,
            "reinvestment_rate": null,
            "research_to_sale_ratio": null,
            "price_fair": 0,
            "eps_avg_yearly": 0,
            "eps_latest_yearly": 0,
            "eps_growth_yearly": 0
        },
        "20012": {
            "year_quarter": 20012,
            "year": 2001,
            "quarter": 2,
            "eps": 1.56,
            "eps_growth_year": 13.04,
            "eps_4q": 7.18,
            "eps_4q_growth_year": 13.54,
            "roe": 6.11,
            "roe_4q": 16.25,
            "gross_profit": 945284,
            "gross_margin": 14.55,
            "gross_margin_4q_avg": 14.87,
            "net_income": 588177,
            "revenue": 6495694,
            "common_shares": 3765818,
            "book_valuer_per_share": 25.79,
            "book_valuer_per_share_4q_avg": 29.25,
            "equity": 9712669,
            "current_ratio": 197.76,
            "debt_ratio": 35.82,
            "inventory_turnover_ratio": 2.61,
            "account_receivable_turnover_ratio": null,
            "reinvestment_rate": null,
            "research_to_sale_ratio": null,
            "price_fair": 0,
            "eps_avg_yearly": 0,
            "eps_latest_yearly": 0,
            "eps_growth_yearly": 0
        },
        "20013": {
            "year_quarter": 20013,
            "year": 2001,
            "quarter": 3,
            "eps": 2.65,
            "eps_growth_year": 120.83,
            "eps_4q": 8.91,
            "eps_4q_growth_year": 48.49,
            "roe": 9.76,
            "roe_4q": 26.01,
            "gross_profit": 1542963,
            "gross_margin": 16.03,
            "gross_margin_4q_avg": 15.26,
            "net_income": 998528,
            "revenue": 9627963,
            "common_shares": 3765818,
            "book_valuer_per_share": 28.55,
            "book_valuer_per_share_4q_avg": 29.01,
            "equity": 10752407,
            "current_ratio": 150.9,
            "debt_ratio": 49.28,
            "inventory_turnover_ratio": 2.58,
            "account_receivable_turnover_ratio": null,
            "reinvestment_rate": null,
            "research_to_sale_ratio": null,
            "price_fair": 0,
            "eps_avg_yearly": 0,
            "eps_latest_yearly": 0,
            "eps_growth_yearly": 0
        },
        "20014": {
            "year_quarter": 20014,
            "year": 2001,
            "quarter": 4,
            "eps": 3.52,
            "eps_growth_year": 20.96,
            "eps_4q": 10.18,
            "eps_4q_growth_year": 36.77,
            "roe": 11.2,
            "roe_4q": 37.21,
            "gross_profit": 2025553,
            "gross_margin": 13.71,
            "gross_margin_4q_avg": 14.87,
            "net_income": 1326476,
            "revenue": 14772398,
            "common_shares": 3860270,
            "book_valuer_per_share": 33.51,
            "book_valuer_per_share_4q_avg": 30.14,
            "equity": 12935556,
            "current_ratio": 142.47,
            "debt_ratio": 49.74,
            "inventory_turnover_ratio": 2.38,
            "account_receivable_turnover_ratio": null,
            "reinvestment_rate": null,
            "research_to_sale_ratio": null,
            "price_fair": 0,
            "eps_avg_yearly": 0,
            "eps_latest_yearly": 0,
            "eps_growth_yearly": 0
        },
        "20021": {
            "year_quarter": 20021,
            "year": 2002,
            "quarter": 1,
            "eps": 2.73,
            "eps_growth_year": -13.61,
            "eps_4q": 10.19,
            "eps_4q_growth_year": 17.96,
            "roe": 7.68,
            "roe_4q": 34.75,
            "gross_profit": 1729506,
            "gross_margin": 12.93,
            "gross_margin_4q_avg": 14.31,
            "net_income": 1066226,
            "revenue": 13376273,
            "common_shares": 3952834,
            "book_valuer_per_share": 37.49,
            "book_valuer_per_share_4q_avg": 31.34,
            "equity": 14818136,
            "current_ratio": 156.65,
            "debt_ratio": 41.44,
            "inventory_turnover_ratio": 1.97,
            "account_receivable_turnover_ratio": null,
            "reinvestment_rate": null,
            "research_to_sale_ratio": null,
            "price_fair": 32.76,
            "eps_avg_yearly": 10.92,
            "eps_latest_yearly": 10.92,
            "eps_growth_yearly": -89.77
        },
        "20022": {
            "year_quarter": 20022,
            "year": 2002,
            "quarter": 2,
            "eps": 0.96,
            "eps_growth_year": -38.46,
            "eps_4q": 7.08,
            "eps_4q_growth_year": -1.37,
            "roe": 3.6,
            "roe_4q": 32.239999999999995,
            "gross_profit": 1625287,
            "gross_margin": 12.97,
            "gross_margin_4q_avg": 13.91,
            "net_income": 531775,
            "revenue": 12533050,
            "common_shares": 5556326,
            "book_valuer_per_share": 26.57,
            "book_valuer_per_share_4q_avg": 31.53,
            "equity": 14763433,
            "current_ratio": 167.14,
            "debt_ratio": 37.63,
            "inventory_turnover_ratio": 2.23,
            "account_receivable_turnover_ratio": null,
            "reinvestment_rate": null,
            "research_to_sale_ratio": null,
            "price_fair": 22.14,
            "eps_avg_yearly": 7.38,
            "eps_latest_yearly": 3.84,
            "eps_growth_yearly": -174.56
        },
        "20023": {
            "year_quarter": 20023,
            "year": 2002,
            "quarter": 3,
            "eps": 1.27,
            "eps_growth_year": -52.08,
            "eps_4q": 6.54,
            "eps_4q_growth_year": -26.52,
            "roe": 4.63,
            "roe_4q": 27.11,
            "gross_profit": 1654333,
            "gross_margin": 11.74,
            "gross_margin_4q_avg": 12.84,
            "net_income": 704203,
            "revenue": 14093695,
            "common_shares": 5556326,
            "book_valuer_per_share": 28.12,
            "book_valuer_per_share_4q_avg": 31.42,
            "equity": 15625500,
            "current_ratio": 156.7,
            "debt_ratio": 42.56,
            "inventory_turnover_ratio": 2.32,
            "account_receivable_turnover_ratio": null,
            "reinvestment_rate": null,
            "research_to_sale_ratio": null,
            "price_fair": 19.84,
            "eps_avg_yearly": 6.61,
            "eps_latest_yearly": 5.08,
            "eps_growth_yearly": -73.32
        },
        "20024": {
            "year_quarter": 20024,
            "year": 2002,
            "quarter": 4,
            "eps": 1.87,
            "eps_growth_year": -46.88,
            "eps_4q": 6.02,
            "eps_4q_growth_year": -40.88,
            "roe": 6.42,
            "roe_4q": 22.33,
            "gross_profit": 2093029,
            "gross_margin": 12.62,
            "gross_margin_4q_avg": 12.57,
            "net_income": 1038068,
            "revenue": 16582148,
            "common_shares": 5556326,
            "book_valuer_per_share": 30.04,
            "book_valuer_per_share_4q_avg": 30.56,
            "equity": 16691929,
            "current_ratio": 182.24,
            "debt_ratio": 52.02,
            "inventory_turnover_ratio": 2.12,
            "account_receivable_turnover_ratio": null,
            "reinvestment_rate": 66.24,
            "research_to_sale_ratio": null,
            "price_fair": 20.49,
            "eps_avg_yearly": 6.83,
            "eps_latest_yearly": 7.48,
            "eps_growth_yearly": -7.74
        },
        "20031": {
            "year_quarter": 20031,
            "year": 2003,
            "quarter": 1,
            "eps": 2.13,
            "eps_growth_year": -21.98,
            "eps_4q": 6.22,
            "eps_4q_growth_year": -38.93,
            "roe": 6.84,
            "roe_4q": 21.490000000000002,
            "gross_profit": 2166360,
            "gross_margin": 12.84,
            "gross_margin_4q_avg": 12.54,
            "net_income": 1183507,
            "revenue": 16869778,
            "common_shares": 5556326,
            "book_valuer_per_share": 32.24,
            "book_valuer_per_share_4q_avg": 29.24,
            "equity": 17914540,
            "current_ratio": 184.15,
            "debt_ratio": 49.22,
            "inventory_turnover_ratio": 1.96,
            "account_receivable_turnover_ratio": null,
            "reinvestment_rate": 24.89,
            "research_to_sale_ratio": null,
            "price_fair": 107.01,
            "eps_avg_yearly": 7.17,
            "eps_latest_yearly": 8.52,
            "eps_growth_yearly": 4.93
        },
        "20032": {
            "year_quarter": 20032,
            "year": 2003,
            "quarter": 2,
            "eps": 0.14,
            "eps_growth_year": -85.42,
            "eps_4q": 5.28,
            "eps_4q_growth_year": -25.42,
            "roe": 0.45,
            "roe_4q": 18.34,
            "gross_profit": 1109934,
            "gross_margin": 8.16,
            "gross_margin_4q_avg": 11.34,
            "net_income": 79663,
            "revenue": 13606101,
            "common_shares": 5556326,
            "book_valuer_per_share": 31.28,
            "book_valuer_per_share_4q_avg": 30.42,
            "equity": 17381384,
            "current_ratio": 184.32,
            "debt_ratio": 47.08,
            "inventory_turnover_ratio": 1.74,
            "account_receivable_turnover_ratio": null,
            "reinvestment_rate": 18.65,
            "research_to_sale_ratio": null,
            "price_fair": 18.2,
            "eps_avg_yearly": 6.07,
            "eps_latest_yearly": 0.56,
            "eps_growth_yearly": -58.18
        },
        "20033": {
            "year_quarter": 20033,
            "year": 2003,
            "quarter": 3,
            "eps": 1.21,
            "eps_growth_year": -4.72,
            "eps_4q": 4.7,
            "eps_4q_growth_year": -28.19,
            "roe": 4.43,
            "roe_4q": 18.14,
            "gross_profit": 1629086,
            "gross_margin": 10.19,
            "gross_margin_4q_avg": 10.95,
            "net_income": 797958,
            "revenue": 15993681,
            "common_shares": 6604775,
            "book_valuer_per_share": 28.22,
            "book_valuer_per_share_4q_avg": 30.45,
            "equity": 18641229,
            "current_ratio": 164.11,
            "debt_ratio": 50.88,
            "inventory_turnover_ratio": 1.73,
            "account_receivable_turnover_ratio": null,
            "reinvestment_rate": 15.69,
            "research_to_sale_ratio": null,
            "price_fair": 206.2,
            "eps_avg_yearly": 5.89,
            "eps_latest_yearly": 4.84,
            "eps_growth_yearly": 386.87
        },
        "20034": {
            "year_quarter": 20034,
            "year": 2003,
            "quarter": 4,
            "eps": 1.39,
            "eps_growth_year": -25.67,
            "eps_4q": 4.5,
            "eps_4q_growth_year": -25.22,
            "roe": 4.8,
            "roe_4q": 16.52,
            "gross_profit": 1875433,
            "gross_margin": 10.78,
            "gross_margin_4q_avg": 10.49,
            "net_income": 921367,
            "revenue": 17400740,
            "common_shares": 6703956,
            "book_valuer_per_share": 29.41,
            "book_valuer_per_share_4q_avg": 30.29,
            "equity": 19716168,
            "current_ratio": 155.95,
            "debt_ratio": 52.35,
            "inventory_turnover_ratio": 1.61,
            "account_receivable_turnover_ratio": null,
            "reinvestment_rate": 73.56,
            "research_to_sale_ratio": null,
            "price_fair": 204.75,
            "eps_avg_yearly": 5.85,
            "eps_latest_yearly": 5.56,
            "eps_growth_yearly": 345.95
        },
        "20041": {
            "year_quarter": 20041,
            "year": 2004,
            "quarter": 1,
            "eps": 0.56,
            "eps_growth_year": -73.71,
            "eps_4q": 3.22,
            "eps_4q_growth_year": -48.23,
            "roe": 1.91,
            "roe_4q": 11.59,
            "gross_profit": 1315894,
            "gross_margin": 7.69,
            "gross_margin_4q_avg": 9.21,
            "net_income": 378510,
            "revenue": 17102406,
            "common_shares": 6703956,
            "book_valuer_per_share": 29.6,
            "book_valuer_per_share_4q_avg": 29.63,
            "equity": 19840428,
            "current_ratio": 180.63,
            "debt_ratio": 46.09,
            "inventory_turnover_ratio": 1.78,
            "account_receivable_turnover_ratio": null,
            "reinvestment_rate": 13.46,
            "research_to_sale_ratio": null,
            "price_fair": 190.71,
            "eps_avg_yearly": 5.45,
            "eps_latest_yearly": 2.24,
            "eps_growth_yearly": 280.97
        },
        "20042": {
            "year_quarter": 20042,
            "year": 2004,
            "quarter": 2,
            "eps": 0.29,
            "eps_growth_year": 107.14,
            "eps_4q": 3.06,
            "eps_4q_growth_year": -42.05,
            "roe": 1.12,
            "roe_4q": 12.26,
            "gross_profit": 1138917,
            "gross_margin": 8.13,
            "gross_margin_4q_avg": 9.2,
            "net_income": 219551,
            "revenue": 14014385,
            "common_shares": 6703956,
            "book_valuer_per_share": 29.03,
            "book_valuer_per_share_4q_avg": 29.07,
            "equity": 19461888,
            "current_ratio": 175.88,
            "debt_ratio": 47.53,
            "inventory_turnover_ratio": 1.46,
            "account_receivable_turnover_ratio": null,
            "reinvestment_rate": 9.43,
            "research_to_sale_ratio": null,
            "price_fair": 175.7,
            "eps_avg_yearly": 5.02,
            "eps_latest_yearly": 1.16,
            "eps_growth_yearly": 233.59
        },
        "20043": {
            "year_quarter": 20043,
            "year": 2004,
            "quarter": 3,
            "eps": 0.26,
            "eps_growth_year": -78.51,
            "eps_4q": 2.3,
            "eps_4q_growth_year": -51.14,
            "roe": 0.99,
            "roe_4q": 8.82,
            "gross_profit": 1442653,
            "gross_margin": 8.6,
            "gross_margin_4q_avg": 8.8,
            "net_income": 194027,
            "revenue": 16779636,
            "common_shares": 7564352,
            "book_valuer_per_share": 26.09,
            "book_valuer_per_share_4q_avg": 28.53,
            "equity": 19732314,
            "current_ratio": 172.7,
            "debt_ratio": 48.63,
            "inventory_turnover_ratio": 1.53,
            "account_receivable_turnover_ratio": null,
            "reinvestment_rate": -4.66,
            "research_to_sale_ratio": null,
            "price_fair": 163.04,
            "eps_avg_yearly": 4.66,
            "eps_latest_yearly": 1.04,
            "eps_growth_yearly": 208.59
        },
        "20044": {
            "year_quarter": 20044,
            "year": 2004,
            "quarter": 4,
            "eps": -0.45,
            "eps_growth_year": -132.37,
            "eps_4q": 0.59,
            "eps_4q_growth_year": -86.89,
            "roe": -1.77,
            "roe_4q": 2.25,
            "gross_profit": 1238551,
            "gross_margin": 6.94,
            "gross_margin_4q_avg": 7.84,
            "net_income": -342768,
            "revenue": 17854773,
            "common_shares": 7564352,
            "book_valuer_per_share": 25.11,
            "book_valuer_per_share_4q_avg": 27.46,
            "equity": 18996544,
            "current_ratio": 130.49,
            "debt_ratio": 55.26,
            "inventory_turnover_ratio": 1.51,
            "account_receivable_turnover_ratio": null,
            "reinvestment_rate": 39.44,
            "research_to_sale_ratio": null,
            "price_fair": 163.04,
            "eps_avg_yearly": 4.66,
            "eps_latest_yearly": 1.04,
            "eps_growth_yearly": 208.59
        },
        "20051": {
            "year_quarter": 20051,
            "year": 2005,
            "quarter": 1,
            "eps": 0.81,
            "eps_growth_year": 44.64,
            "eps_4q": 0.9,
            "eps_4q_growth_year": -71.95,
            "roe": 3.18,
            "roe_4q": 3.5200000000000005,
            "gross_profit": 1642933,
            "gross_margin": 9.74,
            "gross_margin_4q_avg": 8.35,
            "net_income": 612811,
            "revenue": 16875117,
            "common_shares": 7564352,
            "book_valuer_per_share": 25.77,
            "book_valuer_per_share_4q_avg": 26.5,
            "equity": 19494781,
            "current_ratio": 149.81,
            "debt_ratio": 46,
            "inventory_turnover_ratio": 1.43,
            "account_receivable_turnover_ratio": null,
            "reinvestment_rate": -15.2,
            "research_to_sale_ratio": null,
            "price_fair": 163.04,
            "eps_avg_yearly": 4.66,
            "eps_latest_yearly": 1.04,
            "eps_growth_yearly": 208.59
        },
        "20052": {
            "year_quarter": 20052,
            "year": 2005,
            "quarter": 2,
            "eps": -0.18,
            "eps_growth_year": -162.07,
            "eps_4q": 0.44,
            "eps_4q_growth_year": -85.75,
            "roe": -0.69,
            "roe_4q": 1.7100000000000002,
            "gross_profit": 1142395,
            "gross_margin": 7.71,
            "gross_margin_4q_avg": 8.25,
            "net_income": -134018,
            "revenue": 14824675,
            "common_shares": 7564352,
            "book_valuer_per_share": 25.29,
            "book_valuer_per_share_4q_avg": 25.57,
            "equity": 19129260,
            "current_ratio": 148.7,
            "debt_ratio": 46.16,
            "inventory_turnover_ratio": 1.35,
            "account_receivable_turnover_ratio": null,
            "reinvestment_rate": -17.08,
            "research_to_sale_ratio": null,
            "price_fair": 163.04,
            "eps_avg_yearly": 4.66,
            "eps_latest_yearly": 1.04,
            "eps_growth_yearly": 208.59
        },
        "20053": {
            "year_quarter": 20053,
            "year": 2005,
            "quarter": 3,
            "eps": 0.28,
            "eps_growth_year": 7.69,
            "eps_4q": 0.45,
            "eps_4q_growth_year": -80.2,
            "roe": 1.12,
            "roe_4q": 1.8400000000000003,
            "gross_profit": 1318344,
            "gross_margin": 7.3,
            "gross_margin_4q_avg": 7.92,
            "net_income": 218206,
            "revenue": 18050668,
            "common_shares": 7821282,
            "book_valuer_per_share": 25.2,
            "book_valuer_per_share_4q_avg": 25.34,
            "equity": 19713116,
            "current_ratio": 155.48,
            "debt_ratio": 48.9,
            "inventory_turnover_ratio": 1.55,
            "account_receivable_turnover_ratio": null,
            "reinvestment_rate": -20.19,
            "research_to_sale_ratio": null,
            "price_fair": 163.04,
            "eps_avg_yearly": 4.66,
            "eps_latest_yearly": 1.04,
            "eps_growth_yearly": 208.59
        },
        "20054": {
            "year_quarter": 20054,
            "year": 2005,
            "quarter": 4,
            "eps": 0.61,
            "eps_growth_year": null,
            "eps_4q": 1.5,
            "eps_4q_growth_year": 153.88,
            "roe": 2.4,
            "roe_4q": 6.01,
            "gross_profit": 1725862,
            "gross_margin": 8.66,
            "gross_margin_4q_avg": 8.35,
            "net_income": 478861,
            "revenue": 19918592,
            "common_shares": 7821283,
            "book_valuer_per_share": 25.79,
            "book_valuer_per_share_4q_avg": 25.51,
            "equity": 20172124,
            "current_ratio": 155.36,
            "debt_ratio": 49.75,
            "inventory_turnover_ratio": 1.62,
            "account_receivable_turnover_ratio": null,
            "reinvestment_rate": 7.11,
            "research_to_sale_ratio": null,
            "price_fair": 156.57,
            "eps_avg_yearly": 4.47,
            "eps_latest_yearly": 2.44,
            "eps_growth_yearly": 230.49
        },
        "20061": {
            "year_quarter": 20061,
            "year": 2006,
            "quarter": 1,
            "eps": 0.14,
            "eps_growth_year": -82.72,
            "eps_4q": 0.84,
            "eps_4q_growth_year": -6.89,
            "roe": 0.56,
            "roe_4q": 3.39,
            "gross_profit": 1256316,
            "gross_margin": 7.46,
            "gross_margin_4q_avg": 7.78,
            "net_income": 112390,
            "revenue": 16841623,
            "common_shares": 7821282,
            "book_valuer_per_share": 25.85,
            "book_valuer_per_share_4q_avg": 25.53,
            "equity": 20217075,
            "current_ratio": 153.94,
            "debt_ratio": 44.78,
            "inventory_turnover_ratio": 1.39,
            "account_receivable_turnover_ratio": null,
            "reinvestment_rate": -25.79,
            "research_to_sale_ratio": null,
            "price_fair": 126.35,
            "eps_avg_yearly": 3.61,
            "eps_latest_yearly": 0.56,
            "eps_growth_yearly": 212.29
        },
        "20062": {
            "year_quarter": 20062,
            "year": 2006,
            "quarter": 2,
            "eps": 0.11,
            "eps_growth_year": null,
            "eps_4q": 1.01,
            "eps_4q_growth_year": 132.28,
            "roe": 0.49,
            "roe_4q": 4.57,
            "gross_profit": 1368332,
            "gross_margin": 8.35,
            "gross_margin_4q_avg": 7.94,
            "net_income": 98552,
            "revenue": 16391342,
            "common_shares": 7821283,
            "book_valuer_per_share": 25.53,
            "book_valuer_per_share_4q_avg": 25.59,
            "equity": 19964818,
            "current_ratio": 151.92,
            "debt_ratio": 44.73,
            "inventory_turnover_ratio": 1.37,
            "account_receivable_turnover_ratio": null,
            "reinvestment_rate": -26.24,
            "research_to_sale_ratio": null,
            "price_fair": 116.43,
            "eps_avg_yearly": 3.33,
            "eps_latest_yearly": 0.44,
            "eps_growth_yearly": 226.76
        },
        "20063": {
            "year_quarter": 20063,
            "year": 2006,
            "quarter": 3,
            "eps": 0.64,
            "eps_growth_year": 128.57,
            "eps_4q": 1.42,
            "eps_4q_growth_year": 212.9,
            "roe": 2.78,
            "roe_4q": 6.2299999999999995,
            "gross_profit": 1863146,
            "gross_margin": 9.53,
            "gross_margin_4q_avg": 8.5,
            "net_income": 564363,
            "revenue": 19541637,
            "common_shares": 8805624,
            "book_valuer_per_share": 23.52,
            "book_valuer_per_share_4q_avg": 25.17,
            "equity": 20710019,
            "current_ratio": 142.21,
            "debt_ratio": 50.85,
            "inventory_turnover_ratio": 1.45,
            "account_receivable_turnover_ratio": null,
            "reinvestment_rate": -27.04,
            "research_to_sale_ratio": null,
            "price_fair": 109.08,
            "eps_avg_yearly": 3.12,
            "eps_latest_yearly": 2.56,
            "eps_growth_yearly": 376.6
        },
        "20064": {
            "year_quarter": 20064,
            "year": 2006,
            "quarter": 4,
            "eps": 0.54,
            "eps_growth_year": -11.48,
            "eps_4q": 1.43,
            "eps_4q_growth_year": -4.7,
            "roe": 2.25,
            "roe_4q": 6.08,
            "gross_profit": 1626587,
            "gross_margin": 7.48,
            "gross_margin_4q_avg": 8.21,
            "net_income": 471769,
            "revenue": 21757525,
            "common_shares": 8805624,
            "book_valuer_per_share": 24.07,
            "book_valuer_per_share_4q_avg": 24.74,
            "equity": 21197095,
            "current_ratio": 158.75,
            "debt_ratio": 50.85,
            "inventory_turnover_ratio": 1.54,
            "account_receivable_turnover_ratio": null,
            "reinvestment_rate": -21.59,
            "research_to_sale_ratio": null,
            "price_fair": 93.57,
            "eps_avg_yearly": 2.67,
            "eps_latest_yearly": 2.16,
            "eps_growth_yearly": 355.65
        },
        "20071": {
            "year_quarter": 20071,
            "year": 2007,
            "quarter": 1,
            "eps": 0.71,
            "eps_growth_year": 407.14,
            "eps_4q": 2,
            "eps_4q_growth_year": 137.69,
            "roe": 2.89,
            "roe_4q": 8.41,
            "gross_profit": 1838005,
            "gross_margin": 8.95,
            "gross_margin_4q_avg": 8.58,
            "net_income": 624593,
            "revenue": 20535805,
            "common_shares": 8805624,
            "book_valuer_per_share": 24.94,
            "book_valuer_per_share_4q_avg": 24.52,
            "equity": 21964750,
            "current_ratio": 153.03,
            "debt_ratio": 46.77,
            "inventory_turnover_ratio": 1.58,
            "account_receivable_turnover_ratio": null,
            "reinvestment_rate": -32.03,
            "research_to_sale_ratio": null,
            "price_fair": 77,
            "eps_avg_yearly": 2.2,
            "eps_latest_yearly": 2.84,
            "eps_growth_yearly": 361.51
        },
        "20072": {
            "year_quarter": 20072,
            "year": 2007,
            "quarter": 2,
            "eps": 0.57,
            "eps_growth_year": 418.18,
            "eps_4q": 2.33,
            "eps_4q_growth_year": 129.67,
            "roe": 2.45,
            "roe_4q": 10.37,
            "gross_profit": 1867084,
            "gross_margin": 10.06,
            "gross_margin_4q_avg": 9.01,
            "net_income": 538554,
            "revenue": 18551133,
            "common_shares": 8824474,
            "book_valuer_per_share": 24.95,
            "book_valuer_per_share_4q_avg": 24.37,
            "equity": 22014524,
            "current_ratio": 145.05,
            "debt_ratio": 49.93,
            "inventory_turnover_ratio": 1.38,
            "account_receivable_turnover_ratio": null,
            "reinvestment_rate": -27.17,
            "research_to_sale_ratio": null,
            "price_fair": 82.02,
            "eps_avg_yearly": 2.34,
            "eps_latest_yearly": 2.28,
            "eps_growth_yearly": 386.08
        },
        "20073": {
            "year_quarter": 20073,
            "year": 2007,
            "quarter": 3,
            "eps": 1.11,
            "eps_growth_year": 73.44,
            "eps_4q": 2.83,
            "eps_4q_growth_year": 99.11,
            "roe": 4.67,
            "roe_4q": 12.26,
            "gross_profit": 2537923,
            "gross_margin": 10.04,
            "gross_margin_4q_avg": 9.13,
            "net_income": 1053972,
            "revenue": 25277508,
            "common_shares": 9502771,
            "book_valuer_per_share": 24.36,
            "book_valuer_per_share_4q_avg": 24.58,
            "equity": 23146635,
            "current_ratio": 138.34,
            "debt_ratio": 54.78,
            "inventory_turnover_ratio": 1.49,
            "account_receivable_turnover_ratio": null,
            "reinvestment_rate": -24.9,
            "research_to_sale_ratio": null,
            "price_fair": 80.85,
            "eps_avg_yearly": 2.31,
            "eps_latest_yearly": 4.44,
            "eps_growth_yearly": 162.89
        },
        "20074": {
            "year_quarter": 20074,
            "year": 2007,
            "quarter": 4,
            "eps": 0.73,
            "eps_growth_year": 35.19,
            "eps_4q": 3.06,
            "eps_4q_growth_year": 114.15,
            "roe": 2.95,
            "roe_4q": 12.96,
            "gross_profit": 1823882,
            "gross_margin": 6.95,
            "gross_margin_4q_avg": 9,
            "net_income": 695578,
            "revenue": 26225197,
            "common_shares": 9507541,
            "book_valuer_per_share": 25.24,
            "book_valuer_per_share_4q_avg": 24.87,
            "equity": 23999954,
            "current_ratio": 159.03,
            "debt_ratio": 52.42,
            "inventory_turnover_ratio": 1.49,
            "account_receivable_turnover_ratio": null,
            "reinvestment_rate": -65.42,
            "research_to_sale_ratio": null,
            "price_fair": 73.15,
            "eps_avg_yearly": 2.09,
            "eps_latest_yearly": 2.92,
            "eps_growth_yearly": 146.52
        },
        "20081": {
            "year_quarter": 20081,
            "year": 2008,
            "quarter": 1,
            "eps": 0.58,
            "eps_growth_year": -18.31,
            "eps_4q": 2.99,
            "eps_4q_growth_year": 49.47,
            "roe": 2.29,
            "roe_4q": 12.36,
            "gross_profit": 2427071,
            "gross_margin": 9.15,
            "gross_margin_4q_avg": 9.05,
            "net_income": 550878,
            "revenue": 26527457,
            "common_shares": 9509206,
            "book_valuer_per_share": 25.43,
            "book_valuer_per_share_4q_avg": 25,
            "equity": 24183154,
            "current_ratio": 167.26,
            "debt_ratio": 49.74,
            "inventory_turnover_ratio": 1.56,
            "account_receivable_turnover_ratio": null,
            "reinvestment_rate": 54.8,
            "research_to_sale_ratio": null,
            "price_fair": 73.38,
            "eps_avg_yearly": 2.1,
            "eps_latest_yearly": 2.32,
            "eps_growth_yearly": 159.58
        },
        "20082": {
            "year_quarter": 20082,
            "year": 2008,
            "quarter": 2,
            "eps": 0.45,
            "eps_growth_year": -21.05,
            "eps_4q": 2.74,
            "eps_4q_growth_year": 17.67,
            "roe": 1.88,
            "roe_4q": 11.79,
            "gross_profit": 1886858,
            "gross_margin": 8.91,
            "gross_margin_4q_avg": 8.76,
            "net_income": 452248,
            "revenue": 21182198,
            "common_shares": 9513041,
            "book_valuer_per_share": 25.06,
            "book_valuer_per_share_4q_avg": 25.02,
            "equity": 23843490,
            "current_ratio": 163.17,
            "debt_ratio": 51.04,
            "inventory_turnover_ratio": 1.26,
            "account_receivable_turnover_ratio": null,
            "reinvestment_rate": 58.31,
            "research_to_sale_ratio": null,
            "price_fair": 75.25,
            "eps_avg_yearly": 2.15,
            "eps_latest_yearly": 1.8,
            "eps_growth_yearly": 168.18
        },
        "20083": {
            "year_quarter": 20083,
            "year": 2008,
            "quarter": 3,
            "eps": 0.96,
            "eps_growth_year": -13.51,
            "eps_4q": 2.64,
            "eps_4q_growth_year": -6.72,
            "roe": 3.95,
            "roe_4q": 11.07,
            "gross_profit": 3724052,
            "gross_margin": 13.15,
            "gross_margin_4q_avg": 9.54,
            "net_income": 969858,
            "revenue": 28318869,
            "common_shares": 10080286,
            "book_valuer_per_share": 25.04,
            "book_valuer_per_share_4q_avg": 25.19,
            "equity": 25245204,
            "current_ratio": 156.44,
            "debt_ratio": 54.06,
            "inventory_turnover_ratio": 1.48,
            "account_receivable_turnover_ratio": null,
            "reinvestment_rate": 60.48,
            "research_to_sale_ratio": null,
            "price_fair": 83.42,
            "eps_avg_yearly": 2.38,
            "eps_latest_yearly": 3.84,
            "eps_growth_yearly": 209.4
        },
        "20084": {
            "year_quarter": 20084,
            "year": 2008,
            "quarter": 4,
            "eps": 0.29,
            "eps_growth_year": -60.27,
            "eps_4q": 2.22,
            "eps_4q_growth_year": -27.42,
            "roe": 1.16,
            "roe_4q": 9.280000000000001,
            "gross_profit": 2941892,
            "gross_margin": 11.37,
            "gross_margin_4q_avg": 10.65,
            "net_income": 296650,
            "revenue": 25872557,
            "common_shares": 10080746,
            "book_valuer_per_share": 25.49,
            "book_valuer_per_share_4q_avg": 25.26,
            "equity": 25700184,
            "current_ratio": 167.62,
            "debt_ratio": 49.44,
            "inventory_turnover_ratio": 1.4,
            "account_receivable_turnover_ratio": 3.52,
            "reinvestment_rate": -14.67,
            "research_to_sale_ratio": null,
            "price_fair": 80.12,
            "eps_avg_yearly": 2.29,
            "eps_latest_yearly": 1.16,
            "eps_growth_yearly": 171.82
        },
        "20091": {
            "year_quarter": 20091,
            "year": 2009,
            "quarter": 1,
            "eps": -0.54,
            "eps_growth_year": -193.1,
            "eps_4q": 1.17,
            "eps_4q_growth_year": -60.98,
            "roe": -2.13,
            "roe_4q": 4.86,
            "gross_profit": 1465120,
            "gross_margin": 7.8,
            "gross_margin_4q_avg": 10.31,
            "net_income": -543056,
            "revenue": 18776854,
            "common_shares": 10081416,
            "book_valuer_per_share": 25.2,
            "book_valuer_per_share_4q_avg": 25.2,
            "equity": 25402380,
            "current_ratio": 186.95,
            "debt_ratio": 43.12,
            "inventory_turnover_ratio": 1.37,
            "account_receivable_turnover_ratio": 1.46,
            "reinvestment_rate": 79.03,
            "research_to_sale_ratio": null,
            "price_fair": 80.12,
            "eps_avg_yearly": 2.29,
            "eps_latest_yearly": 1.16,
            "eps_growth_yearly": 171.82
        },
        "20092": {
            "year_quarter": 20092,
            "year": 2009,
            "quarter": 2,
            "eps": 0.24,
            "eps_growth_year": -46.67,
            "eps_4q": 0.94,
            "eps_4q_growth_year": -65.78,
            "roe": 0.99,
            "roe_4q": 3.97,
            "gross_profit": 2036211,
            "gross_margin": 10.2,
            "gross_margin_4q_avg": 10.63,
            "net_income": 248978,
            "revenue": 19969643,
            "common_shares": 10087416,
            "book_valuer_per_share": 24.83,
            "book_valuer_per_share_4q_avg": 25.14,
            "equity": 25050143,
            "current_ratio": 173.55,
            "debt_ratio": 47.59,
            "inventory_turnover_ratio": 1.59,
            "account_receivable_turnover_ratio": 1.81,
            "reinvestment_rate": 71.56,
            "research_to_sale_ratio": null,
            "price_fair": 80.12,
            "eps_avg_yearly": 2.29,
            "eps_latest_yearly": 1.16,
            "eps_growth_yearly": 171.82
        },
        "20093": {
            "year_quarter": 20093,
            "year": 2009,
            "quarter": 3,
            "eps": 0.37,
            "eps_growth_year": -61.46,
            "eps_4q": 0.37,
            "eps_4q_growth_year": -85.9,
            "roe": 1.58,
            "roe_4q": 1.6000000000000003,
            "gross_profit": 2772661,
            "gross_margin": 13.42,
            "gross_margin_4q_avg": 10.7,
            "net_income": 397659,
            "revenue": 20655251,
            "common_shares": 10681322,
            "book_valuer_per_share": 23.7,
            "book_valuer_per_share_4q_avg": 24.81,
            "equity": 25309660,
            "current_ratio": 166.5,
            "debt_ratio": 50.81,
            "inventory_turnover_ratio": 1.28,
            "account_receivable_turnover_ratio": 1.74,
            "reinvestment_rate": 67.65,
            "research_to_sale_ratio": null,
            "price_fair": 78.1,
            "eps_avg_yearly": 2.23,
            "eps_latest_yearly": 1.48,
            "eps_growth_yearly": 175.02
        },
        "20094": {
            "year_quarter": 20094,
            "year": 2009,
            "quarter": 4,
            "eps": 0.13,
            "eps_growth_year": -55.17,
            "eps_4q": 0.23,
            "eps_4q_growth_year": -89.83,
            "roe": 0.54,
            "roe_4q": 0.9800000000000004,
            "gross_profit": 2044149,
            "gross_margin": 8.96,
            "gross_margin_4q_avg": 10.1,
            "net_income": 137665,
            "revenue": 22802372,
            "common_shares": 10686672,
            "book_valuer_per_share": 23.76,
            "book_valuer_per_share_4q_avg": 24.37,
            "equity": 25394018,
            "current_ratio": 170.84,
            "debt_ratio": 49.09,
            "inventory_turnover_ratio": 1.38,
            "account_receivable_turnover_ratio": 2.74,
            "reinvestment_rate": -9.25,
            "research_to_sale_ratio": null,
            "price_fair": 73.3,
            "eps_avg_yearly": 2.09,
            "eps_latest_yearly": 0.52,
            "eps_growth_yearly": 122.82
        },
        "20101": {
            "year_quarter": 20101,
            "year": 2010,
            "quarter": 1,
            "eps": 0.38,
            "eps_growth_year": null,
            "eps_4q": 1.11,
            "eps_4q_growth_year": -4.92,
            "roe": 1.57,
            "roe_4q": 4.680000000000001,
            "gross_profit": 2836265,
            "gross_margin": 12.03,
            "gross_margin_4q_avg": 11.15,
            "net_income": 401192,
            "revenue": 23578330,
            "common_shares": 10690952,
            "book_valuer_per_share": 24,
            "book_valuer_per_share_4q_avg": 24.07,
            "equity": 25653107,
            "current_ratio": 169.36,
            "debt_ratio": 50.14,
            "inventory_turnover_ratio": 1.36,
            "account_receivable_turnover_ratio": 1.35,
            "reinvestment_rate": 65,
            "research_to_sale_ratio": 2.57,
            "price_fair": 75.7,
            "eps_avg_yearly": 2.16,
            "eps_latest_yearly": 1.52,
            "eps_growth_yearly": 199.78
        },
        "20102": {
            "year_quarter": 20102,
            "year": 2010,
            "quarter": 2,
            "eps": -0.06,
            "eps_growth_year": -126.96,
            "eps_4q": 0.81,
            "eps_4q_growth_year": -13.46,
            "roe": -0.27,
            "roe_4q": 3.42,
            "gross_profit": 1944838,
            "gross_margin": 9.56,
            "gross_margin_4q_avg": 10.99,
            "net_income": -69182,
            "revenue": 20351636,
            "common_shares": 10692352,
            "book_valuer_per_share": 23.44,
            "book_valuer_per_share_4q_avg": 23.73,
            "equity": 25068176,
            "current_ratio": 163.95,
            "debt_ratio": 52.02,
            "inventory_turnover_ratio": 1.02,
            "account_receivable_turnover_ratio": 1.15,
            "reinvestment_rate": 65.53,
            "research_to_sale_ratio": 3.09,
            "price_fair": 80.34,
            "eps_avg_yearly": 2.3,
            "eps_latest_yearly": 1.52,
            "eps_growth_yearly": 221.74
        },
        "20103": {
            "year_quarter": 20103,
            "year": 2010,
            "quarter": 3,
            "eps": 0.61,
            "eps_growth_year": 64.1,
            "eps_4q": 1.05,
            "eps_4q_growth_year": 180.99,
            "roe": 2.56,
            "roe_4q": 4.4,
            "gross_profit": 2886799,
            "gross_margin": 12.64,
            "gross_margin_4q_avg": 10.8,
            "net_income": 649266,
            "revenue": 22841469,
            "common_shares": 10693472,
            "book_valuer_per_share": 23.97,
            "book_valuer_per_share_4q_avg": 23.79,
            "equity": 25633540,
            "current_ratio": 168.66,
            "debt_ratio": 50.84,
            "inventory_turnover_ratio": 1.06,
            "account_receivable_turnover_ratio": 1.27,
            "reinvestment_rate": 62.75,
            "research_to_sale_ratio": 2.85,
            "price_fair": 79.57,
            "eps_avg_yearly": 2.27,
            "eps_latest_yearly": 1.52,
            "eps_growth_yearly": 79.61
        },
        "20104": {
            "year_quarter": 20104,
            "year": 2010,
            "quarter": 4,
            "eps": -0.43,
            "eps_growth_year": -431.32,
            "eps_4q": 0.49,
            "eps_4q_growth_year": 115.36,
            "roe": -1.84,
            "roe_4q": 2.02,
            "gross_profit": 1593128,
            "gross_margin": 7,
            "gross_margin_4q_avg": 10.31,
            "net_income": -461447,
            "revenue": 22768455,
            "common_shares": 10702252,
            "book_valuer_per_share": 22.96,
            "book_valuer_per_share_4q_avg": 23.59,
            "equity": 24582087,
            "current_ratio": 174.64,
            "debt_ratio": 48.61,
            "inventory_turnover_ratio": 1.26,
            "account_receivable_turnover_ratio": 1.33,
            "reinvestment_rate": -10.39,
            "research_to_sale_ratio": 2.41,
            "price_fair": 79.93,
            "eps_avg_yearly": 2.28,
            "eps_latest_yearly": 1.52,
            "eps_growth_yearly": 92.53
        },
        "20111": {
            "year_quarter": 20111,
            "year": 2011,
            "quarter": 1,
            "eps": -0.23,
            "eps_growth_year": -160.53,
            "eps_4q": -0.12,
            "eps_4q_growth_year": -110.59,
            "roe": -1,
            "roe_4q": -0.5499999999999998,
            "gross_profit": 1715610,
            "gross_margin": 7.67,
            "gross_margin_4q_avg": 9.22,
            "net_income": -245618,
            "revenue": 22376063,
            "common_shares": 10710262,
            "book_valuer_per_share": 22.86,
            "book_valuer_per_share_4q_avg": 23.31,
            "equity": 24491438,
            "current_ratio": 172.51,
            "debt_ratio": 49.4,
            "inventory_turnover_ratio": 1.36,
            "account_receivable_turnover_ratio": 1.45,
            "reinvestment_rate": 77.08,
            "research_to_sale_ratio": 2.32,
            "price_fair": 77.98,
            "eps_avg_yearly": 2.23,
            "eps_latest_yearly": 1.52,
            "eps_growth_yearly": 89.19
        },
        "20112": {
            "year_quarter": 20112,
            "year": 2011,
            "quarter": 2,
            "eps": 0.45,
            "eps_growth_year": null,
            "eps_4q": 0.4,
            "eps_4q_growth_year": -51.12,
            "roe": 1.94,
            "roe_4q": 1.66,
            "gross_profit": 2472561,
            "gross_margin": 13.03,
            "gross_margin_4q_avg": 10.09,
            "net_income": 469228,
            "revenue": 18983062,
            "common_shares": 10712232,
            "book_valuer_per_share": 22.96,
            "book_valuer_per_share_4q_avg": 23.19,
            "equity": 23795144,
            "current_ratio": 192.35,
            "debt_ratio": 43.33,
            "inventory_turnover_ratio": 1.21,
            "account_receivable_turnover_ratio": 1.36,
            "reinvestment_rate": 75.12,
            "research_to_sale_ratio": 2.58,
            "price_fair": 77.78,
            "eps_avg_yearly": 2.22,
            "eps_latest_yearly": 1.52,
            "eps_growth_yearly": 107.86
        },
        "20113": {
            "year_quarter": 20113,
            "year": 2011,
            "quarter": 3,
            "eps": -0.03,
            "eps_growth_year": -105.54,
            "eps_4q": -0.28,
            "eps_4q_growth_year": -126.5,
            "roe": -0.14,
            "roe_4q": -1.0400000000000003,
            "gross_profit": 1600460,
            "gross_margin": 7.83,
            "gross_margin_4q_avg": 8.88,
            "net_income": -32854,
            "revenue": 20434878,
            "common_shares": 9961572,
            "book_valuer_per_share": 24.04,
            "book_valuer_per_share_4q_avg": 23.21,
            "equity": 23529093,
            "current_ratio": 186.11,
            "debt_ratio": 44.73,
            "inventory_turnover_ratio": 1.6,
            "account_receivable_turnover_ratio": 1.53,
            "reinvestment_rate": 99.3,
            "research_to_sale_ratio": 2.59,
            "price_fair": 68.08,
            "eps_avg_yearly": 1.95,
            "eps_latest_yearly": 1.52,
            "eps_growth_yearly": 73.98
        },
        "20114": {
            "year_quarter": 20114,
            "year": 2011,
            "quarter": 4,
            "eps": 0.14,
            "eps_growth_year": null,
            "eps_4q": 0.34,
            "eps_4q_growth_year": -29.32,
            "roe": 0.58,
            "roe_4q": 1.38,
            "gross_profit": 2137067,
            "gross_margin": 12.67,
            "gross_margin_4q_avg": 10.3,
            "net_income": 135402,
            "revenue": 16872516,
            "common_shares": 9641572,
            "book_valuer_per_share": 24.5,
            "book_valuer_per_share_4q_avg": 23.59,
            "equity": 23287075,
            "current_ratio": 198.89,
            "debt_ratio": 41.51,
            "inventory_turnover_ratio": 1.38,
            "account_receivable_turnover_ratio": 1.3,
            "reinvestment_rate": -38.48,
            "research_to_sale_ratio": 3.12,
            "price_fair": 63.2,
            "eps_avg_yearly": 1.81,
            "eps_latest_yearly": 1.52,
            "eps_growth_yearly": 104.11
        },
        "20121": {
            "year_quarter": 20121,
            "year": 2012,
            "quarter": 1,
            "eps": 0.08,
            "eps_growth_year": null,
            "eps_4q": 0.72,
            "eps_4q_growth_year": null,
            "roe": 0.34,
            "roe_4q": 2.7199999999999998,
            "gross_profit": 1714333,
            "gross_margin": 10.85,
            "gross_margin_4q_avg": 11.1,
            "net_income": 77208,
            "revenue": 15806002,
            "common_shares": 9248562,
            "book_valuer_per_share": 25.05,
            "book_valuer_per_share_4q_avg": 24.14,
            "equity": 22518722,
            "current_ratio": 196.56,
            "debt_ratio": 42.08,
            "inventory_turnover_ratio": 1.42,
            "account_receivable_turnover_ratio": 1.39,
            "reinvestment_rate": -44.43,
            "research_to_sale_ratio": 3.24,
            "price_fair": 53.2,
            "eps_avg_yearly": 1.52,
            "eps_latest_yearly": 0.32,
            "eps_growth_yearly": 91.36
        },
        "20122": {
            "year_quarter": 20122,
            "year": 2012,
            "quarter": 2,
            "eps": 0.33,
            "eps_growth_year": -26.02,
            "eps_4q": 0.54,
            "eps_4q_growth_year": 37.44,
            "roe": 1.31,
            "roe_4q": 2.09,
            "gross_profit": 2033055,
            "gross_margin": 11.73,
            "gross_margin_4q_avg": 10.77,
            "net_income": 287310,
            "revenue": 17338341,
            "common_shares": 8848562,
            "book_valuer_per_share": 24.89,
            "book_valuer_per_share_4q_avg": 24.62,
            "equity": 21392931,
            "current_ratio": 185.47,
            "debt_ratio": 44.55,
            "inventory_turnover_ratio": 1.6,
            "account_receivable_turnover_ratio": 1.48,
            "reinvestment_rate": -53.05,
            "research_to_sale_ratio": 4,
            "price_fair": 50.8,
            "eps_avg_yearly": 1.45,
            "eps_latest_yearly": 1.32,
            "eps_growth_yearly": 282.74
        },
        "20123": {
            "year_quarter": 20123,
            "year": 2012,
            "quarter": 3,
            "eps": 0.58,
            "eps_growth_year": null,
            "eps_4q": 1.17,
            "eps_4q_growth_year": null,
            "roe": 2.27,
            "roe_4q": 4.5,
            "gross_profit": 2111132,
            "gross_margin": 12.04,
            "gross_margin_4q_avg": 11.82,
            "net_income": 487083,
            "revenue": 17532576,
            "common_shares": 8448562,
            "book_valuer_per_share": 25.48,
            "book_valuer_per_share_4q_avg": 24.98,
            "equity": 21529276,
            "current_ratio": 188.43,
            "debt_ratio": 44.31,
            "inventory_turnover_ratio": 1.51,
            "account_receivable_turnover_ratio": 1.37,
            "reinvestment_rate": -97.27,
            "research_to_sale_ratio": 3.47,
            "price_fair": 43.2,
            "eps_avg_yearly": 1.23,
            "eps_latest_yearly": 2.32,
            "eps_growth_yearly": 261.27
        },
        "20124": {
            "year_quarter": 20124,
            "year": 2012,
            "quarter": 4,
            "eps": 0.02,
            "eps_growth_year": -88.64,
            "eps_4q": 1.02,
            "eps_4q_growth_year": 197.93,
            "roe": 0.06,
            "roe_4q": 3.98,
            "gross_profit": 1651570,
            "gross_margin": 10.08,
            "gross_margin_4q_avg": 11.18,
            "net_income": 13293,
            "revenue": 16380252,
            "common_shares": 8448562,
            "book_valuer_per_share": 25.54,
            "book_valuer_per_share_4q_avg": 25.24,
            "equity": 21587235,
            "current_ratio": 200.45,
            "debt_ratio": 42.02,
            "inventory_turnover_ratio": 1.42,
            "account_receivable_turnover_ratio": 1.28,
            "reinvestment_rate": -120.78,
            "research_to_sale_ratio": 3.42,
            "price_fair": 37.8,
            "eps_avg_yearly": 1.08,
            "eps_latest_yearly": 0.08,
            "eps_growth_yearly": 245.98
        },
        "20131": {
            "year_quarter": 20131,
            "year": 2013,
            "quarter": 1,
            "eps": 0.5,
            "eps_growth_year": 525,
            "eps_4q": 1.44,
            "eps_4q_growth_year": 98.98,
            "roe": 1.96,
            "roe_4q": 5.6,
            "gross_profit": 2004946,
            "gross_margin": 12.39,
            "gross_margin_4q_avg": 11.56,
            "net_income": 428094,
            "revenue": 16179706,
            "common_shares": 8448562,
            "book_valuer_per_share": 26.16,
            "book_valuer_per_share_4q_avg": 25.52,
            "equity": 22105263,
            "current_ratio": 199.33,
            "debt_ratio": 41.93,
            "inventory_turnover_ratio": 1.45,
            "account_receivable_turnover_ratio": 1.46,
            "reinvestment_rate": -80.46,
            "research_to_sale_ratio": 3.41,
            "price_fair": 41.83,
            "eps_avg_yearly": 1.2,
            "eps_latest_yearly": 2,
            "eps_growth_yearly": 1415.23
        },
        "20132": {
            "year_quarter": 20132,
            "year": 2013,
            "quarter": 2,
            "eps": 0.5,
            "eps_growth_year": 49.82,
            "eps_4q": 1.59,
            "eps_4q_growth_year": 192.69,
            "roe": 1.93,
            "roe_4q": 6.22,
            "gross_profit": 2208858,
            "gross_margin": 13.38,
            "gross_margin_4q_avg": 11.97,
            "net_income": 421932,
            "revenue": 16504046,
            "common_shares": 8448562,
            "book_valuer_per_share": 25.71,
            "book_valuer_per_share_4q_avg": 25.72,
            "equity": 21726436,
            "current_ratio": 200.77,
            "debt_ratio": 41.79,
            "inventory_turnover_ratio": 1.4,
            "account_receivable_turnover_ratio": 1.67,
            "reinvestment_rate": -69.55,
            "research_to_sale_ratio": 3.81,
            "price_fair": 44.96,
            "eps_avg_yearly": 1.28,
            "eps_latest_yearly": 2,
            "eps_growth_yearly": 1257.98
        },
        "20133": {
            "year_quarter": 20133,
            "year": 2013,
            "quarter": 3,
            "eps": 0.71,
            "eps_growth_year": 23.22,
            "eps_4q": 1.73,
            "eps_4q_growth_year": 47.95,
            "roe": 2.73,
            "roe_4q": 6.68,
            "gross_profit": 2428784,
            "gross_margin": 13.15,
            "gross_margin_4q_avg": 12.25,
            "net_income": 601645,
            "revenue": 18470949,
            "common_shares": 8448562,
            "book_valuer_per_share": 26.37,
            "book_valuer_per_share_4q_avg": 25.95,
            "equity": 22275576,
            "current_ratio": 193.89,
            "debt_ratio": 44.12,
            "inventory_turnover_ratio": 1.43,
            "account_receivable_turnover_ratio": 1.84,
            "reinvestment_rate": -63.14,
            "research_to_sale_ratio": 3.55,
            "price_fair": 50.24,
            "eps_avg_yearly": 1.44,
            "eps_latest_yearly": 2.84,
            "eps_growth_yearly": 1252.57
        },
        "20134": {
            "year_quarter": 20134,
            "year": 2013,
            "quarter": 4,
            "eps": 0.62,
            "eps_growth_year": 3695.47,
            "eps_4q": 2.34,
            "eps_4q_growth_year": 128.11,
            "roe": 2.32,
            "roe_4q": 8.94,
            "gross_profit": 2615952,
            "gross_margin": 12.62,
            "gross_margin_4q_avg": 12.89,
            "net_income": 525021,
            "revenue": 20724346,
            "common_shares": 8448562,
            "book_valuer_per_share": 27.15,
            "book_valuer_per_share_4q_avg": 26.35,
            "equity": 22937586,
            "current_ratio": 192.06,
            "debt_ratio": 44.92,
            "inventory_turnover_ratio": 1.58,
            "account_receivable_turnover_ratio": 1.86,
            "reinvestment_rate": -50.87,
            "research_to_sale_ratio": 3.16,
            "price_fair": 57.87,
            "eps_avg_yearly": 1.65,
            "eps_latest_yearly": 2.48,
            "eps_growth_yearly": 1275.77
        },
        "20141": {
            "year_quarter": 20141,
            "year": 2014,
            "quarter": 1,
            "eps": 1.15,
            "eps_growth_year": 130,
            "eps_4q": 2.98,
            "eps_4q_growth_year": 107.3,
            "roe": 4.14,
            "roe_4q": 11.12,
            "gross_profit": 3030186,
            "gross_margin": 14.71,
            "gross_margin_4q_avg": 13.47,
            "net_income": 970172,
            "revenue": 20595223,
            "common_shares": 8448562,
            "book_valuer_per_share": 28.34,
            "book_valuer_per_share_4q_avg": 26.89,
            "equity": 23944013,
            "current_ratio": 181.73,
            "debt_ratio": 48.15,
            "inventory_turnover_ratio": 1.44,
            "account_receivable_turnover_ratio": 1.72,
            "reinvestment_rate": -37.6,
            "research_to_sale_ratio": 3.39,
            "price_fair": 69.84,
            "eps_avg_yearly": 2,
            "eps_latest_yearly": 4.6,
            "eps_growth_yearly": 1228.29
        },
        "20142": {
            "year_quarter": 20142,
            "year": 2014,
            "quarter": 2,
            "eps": 0.94,
            "eps_growth_year": 88,
            "eps_4q": 3.42,
            "eps_4q_growth_year": 114.52,
            "roe": 3.39,
            "roe_4q": 12.58,
            "gross_profit": 2634479,
            "gross_margin": 12.6,
            "gross_margin_4q_avg": 13.27,
            "net_income": 794088,
            "revenue": 20903091,
            "common_shares": 8448562,
            "book_valuer_per_share": 27.09,
            "book_valuer_per_share_4q_avg": 27.24,
            "equity": 22891089,
            "current_ratio": 179.13,
            "debt_ratio": 48.83,
            "inventory_turnover_ratio": 1.35,
            "account_receivable_turnover_ratio": 1.76,
            "reinvestment_rate": -34.46,
            "research_to_sale_ratio": 3.03,
            "price_fair": 76.02,
            "eps_avg_yearly": 2.17,
            "eps_latest_yearly": 3.76,
            "eps_growth_yearly": 1098.16
        },
        "20143": {
            "year_quarter": 20143,
            "year": 2014,
            "quarter": 3,
            "eps": 0.83,
            "eps_growth_year": 16.9,
            "eps_4q": 3.54,
            "eps_4q_growth_year": 104.87,
            "roe": 3.02,
            "roe_4q": 12.870000000000001,
            "gross_profit": 2886431,
            "gross_margin": 13.3,
            "gross_margin_4q_avg": 13.31,
            "net_income": 705259,
            "revenue": 21695171,
            "common_shares": 8448562,
            "book_valuer_per_share": 28.11,
            "book_valuer_per_share_4q_avg": 27.67,
            "equity": 23746969,
            "current_ratio": 196.89,
            "debt_ratio": 44.16,
            "inventory_turnover_ratio": 1.32,
            "account_receivable_turnover_ratio": 1.74,
            "reinvestment_rate": -31.72,
            "research_to_sale_ratio": 3.33,
            "price_fair": 79.67,
            "eps_avg_yearly": 2.28,
            "eps_latest_yearly": 3.32,
            "eps_growth_yearly": 994.07
        },
        "20144": {
            "year_quarter": 20144,
            "year": 2014,
            "quarter": 4,
            "eps": 0.64,
            "eps_growth_year": 3.68,
            "eps_4q": 3.57,
            "eps_4q_growth_year": 52.77,
            "roe": 2.26,
            "roe_4q": 12.809999999999999,
            "gross_profit": 2963344,
            "gross_margin": 13.65,
            "gross_margin_4q_avg": 13.57,
            "net_income": 544342,
            "revenue": 21708288,
            "common_shares": 8448562,
            "book_valuer_per_share": 29.04,
            "book_valuer_per_share_4q_avg": 28.15,
            "equity": 24532536,
            "current_ratio": 184.45,
            "debt_ratio": 47.16,
            "inventory_turnover_ratio": 1.25,
            "account_receivable_turnover_ratio": 1.7,
            "reinvestment_rate": -12.99,
            "research_to_sale_ratio": 3.17,
            "price_fair": 80.5,
            "eps_avg_yearly": 2.3,
            "eps_latest_yearly": 2.56,
            "eps_growth_yearly": 903.6
        },
        "20151": {
            "year_quarter": 20151,
            "year": 2015,
            "quarter": 1,
            "eps": 1.12,
            "eps_growth_year": -2.61,
            "eps_4q": 3.54,
            "eps_4q_growth_year": 18.91,
            "roe": 3.8,
            "roe_4q": 12.47,
            "gross_profit": 3153138,
            "gross_margin": 15.58,
            "gross_margin_4q_avg": 13.78,
            "net_income": 948570,
            "revenue": 20237673,
            "common_shares": 8448562,
            "book_valuer_per_share": 29.99,
            "book_valuer_per_share_4q_avg": 28.56,
            "equity": 25337573,
            "current_ratio": 208.7,
            "debt_ratio": 41.64,
            "inventory_turnover_ratio": 1.15,
            "account_receivable_turnover_ratio": 1.7,
            "reinvestment_rate": -12.11,
            "research_to_sale_ratio": 3.83,
            "price_fair": 86.37,
            "eps_avg_yearly": 2.47,
            "eps_latest_yearly": 4.48,
            "eps_growth_yearly": 857.17
        },
        "20152": {
            "year_quarter": 20152,
            "year": 2015,
            "quarter": 2,
            "eps": 0.66,
            "eps_growth_year": -29.79,
            "eps_4q": 3.26,
            "eps_4q_growth_year": -4.75,
            "roe": 2.28,
            "roe_4q": 11.36,
            "gross_profit": 2422834,
            "gross_margin": 13.15,
            "gross_margin_4q_avg": 13.92,
            "net_income": 554781,
            "revenue": 18427145,
            "common_shares": 8448562,
            "book_valuer_per_share": 27.54,
            "book_valuer_per_share_4q_avg": 28.67,
            "equity": 23263303,
            "current_ratio": 204.57,
            "debt_ratio": 42.22,
            "inventory_turnover_ratio": 1.22,
            "account_receivable_turnover_ratio": 1.64,
            "reinvestment_rate": -11.22,
            "research_to_sale_ratio": 3.82,
            "price_fair": 86.8,
            "eps_avg_yearly": 2.48,
            "eps_latest_yearly": 2.64,
            "eps_growth_yearly": 784.21
        },
        "20153": {
            "year_quarter": 20153,
            "year": 2015,
            "quarter": 3,
            "eps": 1.35,
            "eps_growth_year": 62.65,
            "eps_4q": 3.78,
            "eps_4q_growth_year": 6.58,
            "roe": 4.76,
            "roe_4q": 13.1,
            "gross_profit": 3485375,
            "gross_margin": 15.46,
            "gross_margin_4q_avg": 14.46,
            "net_income": 1143946,
            "revenue": 22544227,
            "common_shares": 8448562,
            "book_valuer_per_share": 29.41,
            "book_valuer_per_share_4q_avg": 29,
            "equity": 24848900,
            "current_ratio": 208.77,
            "debt_ratio": 41.6,
            "inventory_turnover_ratio": 1.47,
            "account_receivable_turnover_ratio": 1.87,
            "reinvestment_rate": -10.8,
            "research_to_sale_ratio": 3.5,
            "price_fair": 93.61,
            "eps_avg_yearly": 2.67,
            "eps_latest_yearly": 5.4,
            "eps_growth_yearly": 759.81
        },
        "20154": {
            "year_quarter": 20154,
            "year": 2015,
            "quarter": 4,
            "eps": 1.25,
            "eps_growth_year": 94.58,
            "eps_4q": 4.39,
            "eps_4q_growth_year": 22.98,
            "roe": 4.19,
            "roe_4q": 15.029999999999998,
            "gross_profit": 3779787,
            "gross_margin": 15.69,
            "gross_margin_4q_avg": 14.97,
            "net_income": 1059159,
            "revenue": 24085749,
            "common_shares": 8448562,
            "book_valuer_per_share": 30.47,
            "book_valuer_per_share_4q_avg": 29.35,
            "equity": 25742017,
            "current_ratio": 196.11,
            "debt_ratio": 44.68,
            "inventory_turnover_ratio": 1.41,
            "account_receivable_turnover_ratio": 1.94,
            "reinvestment_rate": -10.09,
            "research_to_sale_ratio": 3.92,
            "price_fair": 98.7,
            "eps_avg_yearly": 2.82,
            "eps_latest_yearly": 5,
            "eps_growth_yearly": 710.47
        },
        "20161": {
            "year_quarter": 20161,
            "year": 2016,
            "quarter": 1,
            "eps": 1.37,
            "eps_growth_year": 22.32,
            "eps_4q": 4.63,
            "eps_4q_growth_year": 30.74,
            "roe": 4.4,
            "roe_4q": 15.629999999999999,
            "gross_profit": 3638539,
            "gross_margin": 15.48,
            "gross_margin_4q_avg": 14.95,
            "net_income": 1154224,
            "revenue": 23509306,
            "common_shares": 8448562,
            "book_valuer_per_share": 31.68,
            "book_valuer_per_share_4q_avg": 29.78,
            "equity": 26763688,
            "current_ratio": 220.2,
            "debt_ratio": 39.79,
            "inventory_turnover_ratio": 1.36,
            "account_receivable_turnover_ratio": 1.89,
            "reinvestment_rate": -7.81,
            "research_to_sale_ratio": 3.79,
            "price_fair": 109.99,
            "eps_avg_yearly": 3.14,
            "eps_latest_yearly": 5.48,
            "eps_growth_yearly": 723.58
        },
        "20162": {
            "year_quarter": 20162,
            "year": 2016,
            "quarter": 2,
            "eps": 1.1,
            "eps_growth_year": 66.67,
            "eps_4q": 5.07,
            "eps_4q_growth_year": 55.68,
            "roe": 3.62,
            "roe_4q": 16.97,
            "gross_profit": 3041262,
            "gross_margin": 13.46,
            "gross_margin_4q_avg": 15.02,
            "net_income": 928492,
            "revenue": 22594556,
            "common_shares": 8448562,
            "book_valuer_per_share": 29.08,
            "book_valuer_per_share_4q_avg": 30.16,
            "equity": 24571529,
            "current_ratio": 191.99,
            "debt_ratio": 45.61,
            "inventory_turnover_ratio": 1.49,
            "account_receivable_turnover_ratio": 1.71,
            "reinvestment_rate": -6.84,
            "research_to_sale_ratio": 3.41,
            "price_fair": 116.73,
            "eps_avg_yearly": 3.34,
            "eps_latest_yearly": 4.4,
            "eps_growth_yearly": 640.53
        },
        "20163": {
            "year_quarter": 20163,
            "year": 2016,
            "quarter": 3,
            "eps": 1.91,
            "eps_growth_year": 41.48,
            "eps_4q": 5.63,
            "eps_4q_growth_year": 49.03,
            "roe": 6.39,
            "roe_4q": 18.6,
            "gross_profit": 4345803,
            "gross_margin": 14.71,
            "gross_margin_4q_avg": 14.84,
            "net_income": 1614505,
            "revenue": 29542928,
            "common_shares": 8448562,
            "book_valuer_per_share": 30.69,
            "book_valuer_per_share_4q_avg": 30.48,
            "equity": 25932778,
            "current_ratio": 187.9,
            "debt_ratio": 47.33,
            "inventory_turnover_ratio": 1.97,
            "account_receivable_turnover_ratio": 1.97,
            "reinvestment_rate": -6.48,
            "research_to_sale_ratio": 2.99,
            "price_fair": 128.36,
            "eps_avg_yearly": 3.67,
            "eps_latest_yearly": 7.64,
            "eps_growth_yearly": 640
        },
        "20164": {
            "year_quarter": 20164,
            "year": 2016,
            "quarter": 4,
            "eps": 1.41,
            "eps_growth_year": 12.42,
            "eps_4q": 5.79,
            "eps_4q_growth_year": 31.88,
            "roe": 4.51,
            "roe_4q": 18.92,
            "gross_profit": 3926066,
            "gross_margin": 14.79,
            "gross_margin_4q_avg": 14.61,
            "net_income": 1190721,
            "revenue": 26543713,
            "common_shares": 8448562,
            "book_valuer_per_share": 31.83,
            "book_valuer_per_share_4q_avg": 30.82,
            "equity": 26890498,
            "current_ratio": 192.11,
            "debt_ratio": 46.72,
            "inventory_turnover_ratio": 1.5,
            "account_receivable_turnover_ratio": 1.75,
            "reinvestment_rate": -5.23,
            "research_to_sale_ratio": 3.21,
            "price_fair": 140.53,
            "eps_avg_yearly": 4.02,
            "eps_latest_yearly": 5.64,
            "eps_growth_yearly": 657.59
        },
        "20171": {
            "year_quarter": 20171,
            "year": 2017,
            "quarter": 1,
            "eps": 1.63,
            "eps_growth_year": 18.98,
            "eps_4q": 6.04,
            "eps_4q_growth_year": 30.54,
            "roe": 5.02,
            "roe_4q": 19.54,
            "gross_profit": 3527163,
            "gross_margin": 14.37,
            "gross_margin_4q_avg": 14.33,
            "net_income": 1373146,
            "revenue": 24553252,
            "common_shares": 8448562,
            "book_valuer_per_share": 32.98,
            "book_valuer_per_share_4q_avg": 31.15,
            "equity": 27865528,
            "current_ratio": 224.88,
            "debt_ratio": 39.67,
            "inventory_turnover_ratio": 1.27,
            "account_receivable_turnover_ratio": 1.86,
            "reinvestment_rate": -6.25,
            "research_to_sale_ratio": 3.21,
            "price_fair": 150.41,
            "eps_avg_yearly": 4.3,
            "eps_latest_yearly": 6.52,
            "eps_growth_yearly": 61.49
        },
        "20172": {
            "year_quarter": 20172,
            "year": 2017,
            "quarter": 2,
            "eps": 0.77,
            "eps_growth_year": -30,
            "eps_4q": 5.72,
            "eps_4q_growth_year": 12.82,
            "roe": 2.49,
            "roe_4q": 18.41,
            "gross_profit": 3006680,
            "gross_margin": 12.93,
            "gross_margin_4q_avg": 14.2,
            "net_income": 656872,
            "revenue": 23250986,
            "common_shares": 8448562,
            "book_valuer_per_share": 29.43,
            "book_valuer_per_share_4q_avg": 31.23,
            "equity": 24862528,
            "current_ratio": 195.48,
            "debt_ratio": 45.54,
            "inventory_turnover_ratio": 1.33,
            "account_receivable_turnover_ratio": 1.85,
            "reinvestment_rate": -6.02,
            "research_to_sale_ratio": 3.12,
            "price_fair": 152.78,
            "eps_avg_yearly": 4.37,
            "eps_latest_yearly": 3.08,
            "eps_growth_yearly": 48.3
        },
        "20173": {
            "year_quarter": 20173,
            "year": 2017,
            "quarter": 3,
            "eps": 1.91,
            "eps_growth_year": 0,
            "eps_4q": 5.72,
            "eps_4q_growth_year": 1.62,
            "roe": 6.27,
            "roe_4q": 18.29,
            "gross_profit": 4423237,
            "gross_margin": 15.2,
            "gross_margin_4q_avg": 14.32,
            "net_income": 1612627,
            "revenue": 29093271,
            "common_shares": 8448562,
            "book_valuer_per_share": 31.43,
            "book_valuer_per_share_4q_avg": 31.42,
            "equity": 26557925,
            "current_ratio": 197.88,
            "debt_ratio": 45.04,
            "inventory_turnover_ratio": 1.6,
            "account_receivable_turnover_ratio": 2.05,
            "reinvestment_rate": -3.01,
            "research_to_sale_ratio": 2.95,
            "price_fair": 163.28,
            "eps_avg_yearly": 4.67,
            "eps_latest_yearly": 7.64,
            "eps_growth_yearly": 74.82
        },
        "20174": {
            "year_quarter": 20174,
            "year": 2017,
            "quarter": 4,
            "eps": 1.53,
            "eps_growth_year": 8.74,
            "eps_4q": 5.84,
            "eps_4q_growth_year": 1.01,
            "roe": 4.76,
            "roe_4q": 18.54,
            "gross_profit": 4074213,
            "gross_margin": 13.8,
            "gross_margin_4q_avg": 14.08,
            "net_income": 1294777,
            "revenue": 29522396,
            "common_shares": 8448562,
            "book_valuer_per_share": 32.91,
            "book_valuer_per_share_4q_avg": 31.69,
            "equity": 27803270,
            "current_ratio": 206.42,
            "debt_ratio": 43.44,
            "inventory_turnover_ratio": 1.53,
            "account_receivable_turnover_ratio": 1.93,
            "reinvestment_rate": -3.06,
            "research_to_sale_ratio": 2.81,
            "price_fair": 171.24,
            "eps_avg_yearly": 4.89,
            "eps_latest_yearly": 6.12,
            "eps_growth_yearly": 73.01
        },
        "20181": {
            "year_quarter": 20181,
            "year": 2018,
            "quarter": 1,
            "eps": 2.49,
            "eps_growth_year": 52.76,
            "eps_4q": 6.71,
            "eps_4q_growth_year": 11.06,
            "roe": 7.29,
            "roe_4q": 20.810000000000002,
            "gross_profit": 4905678,
            "gross_margin": 15.44,
            "gross_margin_4q_avg": 14.34,
            "net_income": 2107220,
            "revenue": 31782238,
            "common_shares": 8448562,
            "book_valuer_per_share": 35.54,
            "book_valuer_per_share_4q_avg": 32.33,
            "equity": 30028219,
            "current_ratio": 210.27,
            "debt_ratio": 42.94,
            "inventory_turnover_ratio": 1.65,
            "account_receivable_turnover_ratio": 2.17,
            "reinvestment_rate": -3.89,
            "research_to_sale_ratio": 2.95,
            "price_fair": 182.96,
            "eps_avg_yearly": 5.23,
            "eps_latest_yearly": 9.96,
            "eps_growth_yearly": 67.33
        },
        "20182": {
            "year_quarter": 20182,
            "year": 2018,
            "quarter": 2,
            "eps": 2.07,
            "eps_growth_year": 168.83,
            "eps_4q": 8.01,
            "eps_4q_growth_year": 39.88,
            "roe": 6.04,
            "roe_4q": 24.36,
            "gross_profit": 4334780,
            "gross_margin": 15.32,
            "gross_margin_4q_avg": 14.94,
            "net_income": 1748968,
            "revenue": 28296361,
            "common_shares": 8448562,
            "book_valuer_per_share": 33.06,
            "book_valuer_per_share_4q_avg": 33.24,
            "equity": 27929692,
            "current_ratio": 174.75,
            "debt_ratio": 52.13,
            "inventory_turnover_ratio": 1.22,
            "account_receivable_turnover_ratio": 1.9,
            "reinvestment_rate": -2.27,
            "research_to_sale_ratio": 3.12,
            "price_fair": 192.85,
            "eps_avg_yearly": 5.51,
            "eps_latest_yearly": 8.28,
            "eps_growth_yearly": 67.67
        },
        "20183": {
            "year_quarter": 20183,
            "year": 2018,
            "quarter": 3,
            "eps": 1.79,
            "eps_growth_year": -6.28,
            "eps_4q": 7.88,
            "eps_4q_growth_year": 37.72,
            "roe": 5.27,
            "roe_4q": 23.36,
            "gross_profit": 3775682,
            "gross_margin": 13.16,
            "gross_margin_4q_avg": 14.43,
            "net_income": 1505691,
            "revenue": 28697095,
            "common_shares": 8448562,
            "book_valuer_per_share": 34.59,
            "book_valuer_per_share_4q_avg": 34.03,
            "equity": 29220688,
            "current_ratio": 188.69,
            "debt_ratio": 48.32,
            "inventory_turnover_ratio": 1.08,
            "account_receivable_turnover_ratio": 1.7,
            "reinvestment_rate": -3,
            "research_to_sale_ratio": 2.61,
            "price_fair": 201.25,
            "eps_avg_yearly": 5.75,
            "eps_latest_yearly": 7.16,
            "eps_growth_yearly": 67.22
        },
        "20184": {
            "year_quarter": 20184,
            "year": 2018,
            "quarter": 4,
            "eps": 0.8,
            "eps_growth_year": -47.54,
            "eps_4q": 7.15,
            "eps_4q_growth_year": 22.35,
            "roe": 2.3,
            "roe_4q": 20.9,
            "gross_profit": 3113546,
            "gross_margin": 10.47,
            "gross_margin_4q_avg": 13.6,
            "net_income": 679250,
            "revenue": 29751579,
            "common_shares": 8448562,
            "book_valuer_per_share": 35.44,
            "book_valuer_per_share_4q_avg": 34.66,
            "equity": 29945861,
            "current_ratio": 199.3,
            "debt_ratio": 45.72,
            "inventory_turnover_ratio": 1.17,
            "account_receivable_turnover_ratio": 1.74,
            "reinvestment_rate": -5.67,
            "research_to_sale_ratio": 2.62,
            "price_fair": 202.65,
            "eps_avg_yearly": 5.79,
            "eps_latest_yearly": 3.2,
            "eps_growth_yearly": 59.11
        },
        "20191": {
            "year_quarter": 20191,
            "year": 2019,
            "quarter": 1,
            "eps": 1.55,
            "eps_growth_year": -37.75,
            "eps_4q": 6.2,
            "eps_4q_growth_year": -7.6,
            "roe": 4.26,
            "roe_4q": 17.869999999999997,
            "gross_profit": 3776000,
            "gross_margin": 12.81,
            "gross_margin_4q_avg": 12.94,
            "net_income": 1306410,
            "revenue": 29487921,
            "common_shares": 8448562,
            "book_valuer_per_share": 37.14,
            "book_valuer_per_share_4q_avg": 35.06,
            "equity": 31380875,
            "current_ratio": 209.99,
            "debt_ratio": 43.53,
            "inventory_turnover_ratio": 1.18,
            "account_receivable_turnover_ratio": 1.76,
            "reinvestment_rate": -4.84,
            "research_to_sale_ratio": 2.65,
            "price_fair": 206.41,
            "eps_avg_yearly": 5.9,
            "eps_latest_yearly": 6.2,
            "eps_growth_yearly": 63.8
        },
        "20192": {
            "year_quarter": 20192,
            "year": 2019,
            "quarter": 2,
            "eps": 1.48,
            "eps_growth_year": -28.5,
            "eps_4q": 5.62,
            "eps_4q_growth_year": -29.81,
            "roe": 4.2,
            "roe_4q": 16.03,
            "gross_profit": 3666816,
            "gross_margin": 14.03,
            "gross_margin_4q_avg": 12.62,
            "net_income": 1255718,
            "revenue": 26144172,
            "common_shares": 8448562,
            "book_valuer_per_share": 33.56,
            "book_valuer_per_share_4q_avg": 35.18,
            "equity": 28356466,
            "current_ratio": 188.01,
            "debt_ratio": 48.58,
            "inventory_turnover_ratio": 1.09,
            "account_receivable_turnover_ratio": 1.54,
            "reinvestment_rate": -4.54,
            "research_to_sale_ratio": 3.03,
            "price_fair": 213.59,
            "eps_avg_yearly": 6.1,
            "eps_latest_yearly": 5.92,
            "eps_growth_yearly": 72.94
        },
        "20193": {
            "year_quarter": 20193,
            "year": 2019,
            "quarter": 3,
            "eps": 2.03,
            "eps_growth_year": 13.41,
            "eps_4q": 5.86,
            "eps_4q_growth_year": -25.56,
            "roe": 5.89,
            "roe_4q": 16.65,
            "gross_profit": 4377250,
            "gross_margin": 13.34,
            "gross_margin_4q_avg": 12.66,
            "net_income": 1713533,
            "revenue": 32814059,
            "common_shares": 8448562,
            "book_valuer_per_share": 35.27,
            "book_valuer_per_share_4q_avg": 35.35,
            "equity": 29801883,
            "current_ratio": 179.51,
            "debt_ratio": 51.34,
            "inventory_turnover_ratio": 1.36,
            "account_receivable_turnover_ratio": 1.78,
            "reinvestment_rate": -4.89,
            "research_to_sale_ratio": 2.5,
            "price_fair": 219.54,
            "eps_avg_yearly": 6.27,
            "eps_latest_yearly": 8.12,
            "eps_growth_yearly": 56.1
        },
        "20194": {
            "year_quarter": 20194,
            "year": 2019,
            "quarter": 4,
            "eps": 1.55,
            "eps_growth_year": 93.09,
            "eps_4q": 6.61,
            "eps_4q_growth_year": -7.51,
            "roe": 4.31,
            "roe_4q": 18.659999999999997,
            "gross_profit": 4042090,
            "gross_margin": 12.61,
            "gross_margin_4q_avg": 13.2,
            "net_income": 1311549,
            "revenue": 32045265,
            "common_shares": 8448562,
            "book_valuer_per_share": 36.71,
            "book_valuer_per_share_4q_avg": 35.67,
            "equity": 31012465,
            "current_ratio": 188.25,
            "debt_ratio": 48.61,
            "inventory_turnover_ratio": 1.26,
            "account_receivable_turnover_ratio": 1.7,
            "reinvestment_rate": -2.51,
            "research_to_sale_ratio": 2.88,
            "price_fair": 222.16,
            "eps_avg_yearly": 6.35,
            "eps_latest_yearly": 6.2,
            "eps_growth_yearly": 52.04
        },
        "20201": {
            "year_quarter": 20201,
            "year": 2020,
            "quarter": 1,
            "eps": 1.48,
            "eps_growth_year": -4.52,
            "eps_4q": 6.55,
            "eps_4q_growth_year": 5.55,
            "roe": 3.96,
            "roe_4q": 18.36,
            "gross_profit": 3832989,
            "gross_margin": 13.45,
            "gross_margin_4q_avg": 13.36,
            "net_income": 1250509,
            "revenue": 28503542,
            "common_shares": 8448562,
            "book_valuer_per_share": 38.07,
            "book_valuer_per_share_4q_avg": 35.9,
            "equity": 32165503,
            "current_ratio": 208.63,
            "debt_ratio": 43.86,
            "inventory_turnover_ratio": 1.14,
            "account_receivable_turnover_ratio": 1.7,
            "reinvestment_rate": -2.28,
            "research_to_sale_ratio": 2.77,
            "price_fair": 223.13,
            "eps_avg_yearly": 6.38,
            "eps_latest_yearly": 5.92,
            "eps_growth_yearly": 48.51
        },
        "20202": {
            "year_quarter": 20202,
            "year": 2020,
            "quarter": 2,
            "eps": 2.49,
            "eps_growth_year": 68.24,
            "eps_4q": 7.55,
            "eps_4q_growth_year": 34.34,
            "roe": 6.7,
            "roe_4q": 20.86,
            "gross_profit": 5084052,
            "gross_margin": 14.39,
            "gross_margin_4q_avg": 13.45,
            "net_income": 2101809,
            "revenue": 35337690,
            "common_shares": 8448562,
            "book_valuer_per_share": 36.24,
            "book_valuer_per_share_4q_avg": 36.57,
            "equity": 30617636,
            "current_ratio": 169.1,
            "debt_ratio": 54.63,
            "inventory_turnover_ratio": 1.44,
            "account_receivable_turnover_ratio": 1.86,
            "reinvestment_rate": -2.13,
            "research_to_sale_ratio": 2.34,
            "price_fair": 235.29,
            "eps_avg_yearly": 6.72,
            "eps_latest_yearly": 9.96,
            "eps_growth_yearly": 70.49
        },
        "20203": {
            "year_quarter": 20203,
            "year": 2020,
            "quarter": 3,
            "eps": 3.09,
            "eps_growth_year": 52.22,
            "eps_4q": 8.61,
            "eps_4q_growth_year": 46.89,
            "roe": 8.18,
            "roe_4q": 23.15,
            "gross_profit": 6440976,
            "gross_margin": 15.8,
            "gross_margin_4q_avg": 14.06,
            "net_income": 2614564,
            "revenue": 40755713,
            "common_shares": 8448562,
            "book_valuer_per_share": 39.46,
            "book_valuer_per_share_4q_avg": 37.62,
            "equity": 33341533,
            "current_ratio": 165.88,
            "debt_ratio": 55.85,
            "inventory_turnover_ratio": 1.47,
            "account_receivable_turnover_ratio": 1.83,
            "reinvestment_rate": -0.34,
            "research_to_sale_ratio": 2.71,
            "price_fair": 245.61,
            "eps_avg_yearly": 7.02,
            "eps_latest_yearly": 12.36,
            "eps_growth_yearly": 58.11
        },
        "20204": {
            "year_quarter": 20204,
            "year": 2020,
            "quarter": 4,
            "eps": 2.36,
            "eps_growth_year": 51.93,
            "eps_4q": 9.42,
            "eps_4q_growth_year": 42.46,
            "roe": 5.79,
            "roe_4q": 24.63,
            "gross_profit": 5944823,
            "gross_margin": 14.19,
            "gross_margin_4q_avg": 14.46,
            "net_income": 1992623,
            "revenue": 41905844,
            "common_shares": 8448562,
            "book_valuer_per_share": 42.07,
            "book_valuer_per_share_4q_avg": 38.96,
            "equity": 35539852,
            "current_ratio": 169.13,
            "debt_ratio": 54.67,
            "inventory_turnover_ratio": 1.36,
            "account_receivable_turnover_ratio": 1.87,
            "reinvestment_rate": 0.15,
            "research_to_sale_ratio": 2.39,
            "price_fair": 253.93,
            "eps_avg_yearly": 7.26,
            "eps_latest_yearly": 9.44,
            "eps_growth_yearly": 58.75
        },
        "20211": {
            "year_quarter": 20211,
            "year": 2021,
            "quarter": 1,
            "eps": 4.94,
            "eps_growth_year": 233.78,
            "eps_4q": 12.88,
            "eps_4q_growth_year": 96.68,
            "roe": 11.1,
            "roe_4q": 31.77,
            "gross_profit": 9152661,
            "gross_margin": 19.07,
            "gross_margin_4q_avg": 15.86,
            "net_income": 4169841,
            "revenue": 48004960,
            "common_shares": 8448562,
            "book_valuer_per_share": 46.86,
            "book_valuer_per_share_4q_avg": 41.16,
            "equity": 39590817,
            "current_ratio": 178.77,
            "debt_ratio": 51.74,
            "inventory_turnover_ratio": 1.45,
            "account_receivable_turnover_ratio": 1.96,
            "reinvestment_rate": 2.08,
            "research_to_sale_ratio": 2.73,
            "price_fair": 282.89,
            "eps_avg_yearly": 8.08,
            "eps_latest_yearly": 19.76,
            "eps_growth_yearly": 82.18
        },
        "20212": {
            "year_quarter": 20212,
            "year": 2021,
            "quarter": 2,
            "eps": 5.2,
            "eps_growth_year": 108.84,
            "eps_4q": 15.6,
            "eps_4q_growth_year": 106.64,
            "roe": 11.24,
            "roe_4q": 36.31,
            "gross_profit": 9538404,
            "gross_margin": 20.59,
            "gross_margin_4q_avg": 17.41,
            "net_income": 4401042,
            "revenue": 46322238,
            "common_shares": 8448562,
            "book_valuer_per_share": 45.86,
            "book_valuer_per_share_4q_avg": 43.56,
            "equity": 38747517,
            "current_ratio": 161.66,
            "debt_ratio": 57.23,
            "inventory_turnover_ratio": 1.26,
            "account_receivable_turnover_ratio": 1.68,
            "reinvestment_rate": 2.68,
            "research_to_sale_ratio": 2.92,
            "price_fair": 321.65,
            "eps_avg_yearly": 9.19,
            "eps_latest_yearly": 20.8,
            "eps_growth_yearly": 96.68
        },
        "20213": {
            "year_quarter": 20213,
            "year": 2021,
            "quarter": 3,
            "eps": 5.29,
            "eps_growth_year": 71.2,
            "eps_4q": 17.79,
            "eps_4q_growth_year": 106.54,
            "roe": 10.91,
            "roe_4q": 39.04,
            "gross_profit": 9788911,
            "gross_margin": 18.75,
            "gross_margin_4q_avg": 18.15,
            "net_income": 4469343,
            "revenue": 52206739,
            "common_shares": 8448562,
            "book_valuer_per_share": 51.07,
            "book_valuer_per_share_4q_avg": 46.47,
            "equity": 43149161,
            "current_ratio": 170.39,
            "debt_ratio": 54.48,
            "inventory_turnover_ratio": 1.25,
            "account_receivable_turnover_ratio": 1.75,
            "reinvestment_rate": 1.6,
            "research_to_sale_ratio": 2.49,
            "price_fair": 351.23,
            "eps_avg_yearly": 10.04,
            "eps_latest_yearly": 21.16,
            "eps_growth_yearly": 60.1
        },
        "20214": {
            "year_quarter": 20214,
            "year": 2021,
            "quarter": 4,
            "eps": 4.59,
            "eps_growth_year": 94.76,
            "eps_4q": 20.03,
            "eps_4q_growth_year": 112.59,
            "roe": 8.6,
            "roe_4q": 41.85,
            "gross_profit": 9764300,
            "gross_margin": 17.66,
            "gross_margin_4q_avg": 19.02,
            "net_income": 3880779,
            "revenue": 55276215,
            "common_shares": 8448562,
            "book_valuer_per_share": 55.73,
            "book_valuer_per_share_4q_avg": 49.88,
            "equity": 47080320,
            "current_ratio": 173.89,
            "debt_ratio": 53.6,
            "inventory_turnover_ratio": 1.24,
            "account_receivable_turnover_ratio": 1.82,
            "reinvestment_rate": 1.71,
            "research_to_sale_ratio": 2.2,
            "price_fair": 378,
            "eps_avg_yearly": 10.8,
            "eps_latest_yearly": 18.36,
            "eps_growth_yearly": 61.77
        },
        "20221": {
            "year_quarter": 20221,
            "year": 2022,
            "quarter": 1,
            "eps": 5.64,
            "eps_growth_year": 14.17,
            "eps_4q": 20.73,
            "eps_4q_growth_year": 61.03,
            "roe": 10.55,
            "roe_4q": 41.3,
            "gross_profit": 9730921,
            "gross_margin": 18.35,
            "gross_margin_4q_avg": 18.84,
            "net_income": 4766732,
            "revenue": 53038786,
            "common_shares": 8448562,
            "book_valuer_per_share": 51.28,
            "book_valuer_per_share_4q_avg": 50.99,
            "equity": 43321933,
            "current_ratio": 156.24,
            "debt_ratio": 59.59,
            "inventory_turnover_ratio": 1.02,
            "account_receivable_turnover_ratio": 1.75,
            "reinvestment_rate": 1.75,
            "research_to_sale_ratio": 2.68,
            "price_fair": 405.56,
            "eps_avg_yearly": 11.59,
            "eps_latest_yearly": 22.56,
            "eps_growth_yearly": 51.8
        },
        "20222": {
            "year_quarter": 20222,
            "year": 2022,
            "quarter": 2,
            "eps": 3.6,
            "eps_growth_year": -30.77,
            "eps_4q": 19.13,
            "eps_4q_growth_year": 22.62,
            "roe": 6.79,
            "roe_4q": 36.849999999999994,
            "gross_profit": 7783597,
            "gross_margin": 16.21,
            "gross_margin_4q_avg": 17.74,
            "net_income": 3042052,
            "revenue": 48015860,
            "common_shares": 8448562,
            "book_valuer_per_share": 54.73,
            "book_valuer_per_share_4q_avg": 53.2,
            "equity": 46238913,
            "current_ratio": 182.22,
            "debt_ratio": 51,
            "inventory_turnover_ratio": 0.95,
            "account_receivable_turnover_ratio": 1.64,
            "reinvestment_rate": 1.29,
            "research_to_sale_ratio": 2.32,
            "price_fair": 418.95,
            "eps_avg_yearly": 11.97,
            "eps_latest_yearly": 14.4,
            "eps_growth_yearly": 46.98
        },
        "20223": {
            "year_quarter": 20223,
            "year": 2022,
            "quarter": 3,
            "eps": 1.91,
            "eps_growth_year": -63.89,
            "eps_4q": 15.74,
            "eps_4q_growth_year": -11.54,
            "roe": 3.42,
            "roe_4q": 29.36,
            "gross_profit": 4907342,
            "gross_margin": 12.72,
            "gross_margin_4q_avg": 16.24,
            "net_income": 1608658,
            "revenue": 38566247,
            "common_shares": 8448562,
            "book_valuer_per_share": 56.74,
            "book_valuer_per_share_4q_avg": 54.62,
            "equity": 47937803,
            "current_ratio": 235.08,
            "debt_ratio": 39.33,
            "inventory_turnover_ratio": 0.97,
            "account_receivable_turnover_ratio": 1.68,
            "reinvestment_rate": 2.03,
            "research_to_sale_ratio": 2.73,
            "price_fair": 420,
            "eps_avg_yearly": 12,
            "eps_latest_yearly": 7.64,
            "eps_growth_yearly": 38.62
        },
        "20224": {
            "year_quarter": 20224,
            "year": 2022,
            "quarter": 4,
            "eps": 0.65,
            "eps_growth_year": -85.95,
            "eps_4q": 11.79,
            "eps_4q_growth_year": -41.12,
            "roe": 1.13,
            "roe_4q": 21.89,
            "gross_profit": 3306220,
            "gross_margin": 8.11,
            "gross_margin_4q_avg": 13.85,
            "net_income": 545078,
            "revenue": 40790349,
            "common_shares": 8448562,
            "book_valuer_per_share": 57.29,
            "book_valuer_per_share_4q_avg": 55.01,
            "equity": 48398589,
            "current_ratio": 208.81,
            "debt_ratio": 44.28,
            "inventory_turnover_ratio": 1.25,
            "account_receivable_turnover_ratio": 2.17,
            "reinvestment_rate": 1.94,
            "research_to_sale_ratio": 1.99,
            "price_fair": 418.69,
            "eps_avg_yearly": 11.96,
            "eps_latest_yearly": 2.6,
            "eps_growth_yearly": 35.96
        },
        "20231": {
            "year_quarter": 20231,
            "year": 2023,
            "quarter": 1,
            "eps": 2.92,
            "eps_growth_year": -48.23,
            "eps_4q": 9.07,
            "eps_4q_growth_year": -56.27,
            "roe": 5.26,
            "roe_4q": 16.599999999999998,
            "gross_profit": 6079580,
            "gross_margin": 13.94,
            "gross_margin_4q_avg": 12.75,
            "net_income": 2464477,
            "revenue": 43600747,
            "common_shares": 8448562,
            "book_valuer_per_share": 53.65,
            "book_valuer_per_share_4q_avg": 55.6,
            "equity": 45327906,
            "current_ratio": 180.06,
            "debt_ratio": 51.63,
            "inventory_turnover_ratio": 1.29,
            "account_receivable_turnover_ratio": 2.11,
            "reinvestment_rate": 1.63,
            "research_to_sale_ratio": 2.39,
            "price_fair": 430.68,
            "eps_avg_yearly": 12.31,
            "eps_latest_yearly": 11.68,
            "eps_growth_yearly": 99.83
        }
    },
    "months": {
        "2001-06": {
            "month": "2001-06",
            "price": "94.25",
            "revenue": 2279080
        },
        "2001-07": {
            "month": "2001-07",
            "price": "88.12",
            "revenue": 3091301
        },
        "2001-08": {
            "month": "2001-08",
            "price": "92.09",
            "revenue": 3630365
        },
        "2001-09": {
            "month": "2001-09",
            "price": "77.94",
            "revenue": 3264485
        },
        "2001-10": {
            "month": "2001-10",
            "price": "70.12",
            "revenue": 5024562
        },
        "2001-11": {
            "month": "2001-11",
            "price": "91.41",
            "revenue": 5337154
        },
        "2001-12": {
            "month": "2001-12",
            "price": "146.40",
            "revenue": 4813046
        },
        "2002-01": {
            "month": "2002-01",
            "price": "164.27",
            "revenue": 4516559
        },
        "2002-02": {
            "month": "2002-02",
            "price": "162.83",
            "revenue": 3751916
        },
        "2002-03": {
            "month": "2002-03",
            "price": "145.45",
            "revenue": 4745821
        },
        "2002-04": {
            "month": "2002-04",
            "price": "137.57",
            "revenue": 4276287
        },
        "2002-05": {
            "month": "2002-05",
            "price": "129.23",
            "revenue": 4181610
        },
        "2002-06": {
            "month": "2002-06",
            "price": "113.92",
            "revenue": 4076351
        },
        "2002-07": {
            "month": "2002-07",
            "price": "99.63",
            "revenue": 4887807
        },
        "2002-08": {
            "month": "2002-08",
            "price": "99.07",
            "revenue": 4641759
        },
        "2002-09": {
            "month": "2002-09",
            "price": "88.38",
            "revenue": 4854754
        },
        "2002-10": {
            "month": "2002-10",
            "price": "70.00",
            "revenue": 6299577
        },
        "2002-11": {
            "month": "2002-11",
            "price": "70.31",
            "revenue": 5785584
        },
        "2002-12": {
            "month": "2002-12",
            "price": "64.05",
            "revenue": 4503168
        },
        "2003-01": {
            "month": "2003-01",
            "price": "64.63",
            "revenue": 5815625
        },
        "2003-02": {
            "month": "2003-02",
            "price": "57.56",
            "revenue": 5369450
        },
        "2003-03": {
            "month": "2003-03",
            "price": "57.55",
            "revenue": 5970215
        },
        "2003-04": {
            "month": "2003-04",
            "price": "62.91",
            "revenue": 4549322
        },
        "2003-05": {
            "month": "2003-05",
            "price": "60.69",
            "revenue": 4333918
        },
        "2003-06": {
            "month": "2003-06",
            "price": "74.48",
            "revenue": 4586136
        },
        "2003-07": {
            "month": "2003-07",
            "price": "79.78",
            "revenue": 5000264
        },
        "2003-08": {
            "month": "2003-08",
            "price": "71.64",
            "revenue": 5137718
        },
        "2003-09": {
            "month": "2003-09",
            "price": "59.67",
            "revenue": 5988321
        },
        "2003-10": {
            "month": "2003-10",
            "price": "59.23",
            "revenue": 6487204
        },
        "2003-11": {
            "month": "2003-11",
            "price": "55.82",
            "revenue": 5331834
        },
        "2003-12": {
            "month": "2003-12",
            "price": "51.53",
            "revenue": 5396457
        },
        "2004-01": {
            "month": "2004-01",
            "price": "52.53",
            "revenue": 5571601
        },
        "2004-02": {
            "month": "2004-02",
            "price": "52.98",
            "revenue": 5612038
        },
        "2004-03": {
            "month": "2004-03",
            "price": "55.15",
            "revenue": 5602882
        },
        "2004-04": {
            "month": "2004-04",
            "price": "52.28",
            "revenue": 4738933
        },
        "2004-05": {
            "month": "2004-05",
            "price": "37.19",
            "revenue": 4415950
        },
        "2004-06": {
            "month": "2004-06",
            "price": "37.18",
            "revenue": 4964304
        },
        "2004-07": {
            "month": "2004-07",
            "price": "31.17",
            "revenue": 5549508
        },
        "2004-08": {
            "month": "2004-08",
            "price": "28.34",
            "revenue": 5108451
        },
        "2004-09": {
            "month": "2004-09",
            "price": "26.73",
            "revenue": 6193882
        },
        "2004-10": {
            "month": "2004-10",
            "price": "24.12",
            "revenue": 6206999
        },
        "2004-11": {
            "month": "2004-11",
            "price": "22.15",
            "revenue": 6113026
        },
        "2004-12": {
            "month": "2004-12",
            "price": "20.60",
            "revenue": 5934064
        },
        "2005-01": {
            "month": "2005-01",
            "price": "22.75",
            "revenue": 5235156
        },
        "2005-02": {
            "month": "2005-02",
            "price": "21.45",
            "revenue": 5079617
        },
        "2005-03": {
            "month": "2005-03",
            "price": "20.98",
            "revenue": 6628892
        },
        "2005-04": {
            "month": "2005-04",
            "price": "19.41",
            "revenue": 4938267
        },
        "2005-05": {
            "month": "2005-05",
            "price": "22.71",
            "revenue": 4430909
        },
        "2005-06": {
            "month": "2005-06",
            "price": "25.50",
            "revenue": 5086698
        },
        "2005-07": {
            "month": "2005-07",
            "price": "26.04",
            "revenue": 5505428
        },
        "2005-08": {
            "month": "2005-08",
            "price": "22.74",
            "revenue": 5778431
        },
        "2005-09": {
            "month": "2005-09",
            "price": "19.25",
            "revenue": 6604091
        },
        "2005-10": {
            "month": "2005-10",
            "price": "18.86",
            "revenue": 6745919
        },
        "2005-11": {
            "month": "2005-11",
            "price": "18.01",
            "revenue": 7166487
        },
        "2005-12": {
            "month": "2005-12",
            "price": "19.66",
            "revenue": 6298631
        },
        "2006-01": {
            "month": "2006-01",
            "price": "20.27",
            "revenue": 5467362
        },
        "2006-02": {
            "month": "2006-02",
            "price": "19.46",
            "revenue": 5066095
        },
        "2006-03": {
            "month": "2006-03",
            "price": "17.83",
            "revenue": 6220542
        },
        "2006-04": {
            "month": "2006-04",
            "price": "17.95",
            "revenue": 5727777
        },
        "2006-05": {
            "month": "2006-05",
            "price": "17.93",
            "revenue": 4816672
        },
        "2006-06": {
            "month": "2006-06",
            "price": "18.12",
            "revenue": 5693610
        },
        "2006-07": {
            "month": "2006-07",
            "price": "17.91",
            "revenue": 5702809
        },
        "2006-08": {
            "month": "2006-08",
            "price": "16.65",
            "revenue": 6368647
        },
        "2006-09": {
            "month": "2006-09",
            "price": "16.14",
            "revenue": 7632074
        },
        "2006-10": {
            "month": "2006-10",
            "price": "17.03",
            "revenue": 7949060
        },
        "2006-11": {
            "month": "2006-11",
            "price": "20.08",
            "revenue": 7537005
        },
        "2006-12": {
            "month": "2006-12",
            "price": "25.37",
            "revenue": 6542355
        },
        "2007-01": {
            "month": "2007-01",
            "price": "25.32",
            "revenue": 6688080
        },
        "2007-02": {
            "month": "2007-02",
            "price": "24.81",
            "revenue": 6264752
        },
        "2007-03": {
            "month": "2007-03",
            "price": "22.71",
            "revenue": 7550361
        },
        "2007-04": {
            "month": "2007-04",
            "price": "23.25",
            "revenue": 6439110
        },
        "2007-05": {
            "month": "2007-05",
            "price": "24.14",
            "revenue": 5895479
        },
        "2007-06": {
            "month": "2007-06",
            "price": "24.92",
            "revenue": 6454647
        },
        "2007-07": {
            "month": "2007-07",
            "price": "28.22",
            "revenue": 7700738
        },
        "2007-08": {
            "month": "2007-08",
            "price": "32.95",
            "revenue": 8760347
        },
        "2007-09": {
            "month": "2007-09",
            "price": "33.58",
            "revenue": 9407339
        },
        "2007-10": {
            "month": "2007-10",
            "price": "31.18",
            "revenue": 9898246
        },
        "2007-11": {
            "month": "2007-11",
            "price": "30.77",
            "revenue": 8646144
        },
        "2007-12": {
            "month": "2007-12",
            "price": "26.45",
            "revenue": 8282867
        },
        "2008-01": {
            "month": "2008-01",
            "price": "24.09",
            "revenue": 9540648
        },
        "2008-02": {
            "month": "2008-02",
            "price": "24.49",
            "revenue": 7532222
        },
        "2008-03": {
            "month": "2008-03",
            "price": "25.45",
            "revenue": 8933737
        },
        "2008-04": {
            "month": "2008-04",
            "price": "27.40",
            "revenue": 6987120
        },
        "2008-05": {
            "month": "2008-05",
            "price": "25.95",
            "revenue": 6089358
        },
        "2008-06": {
            "month": "2008-06",
            "price": "22.05",
            "revenue": 7416299
        },
        "2008-07": {
            "month": "2008-07",
            "price": "18.87",
            "revenue": 8414204
        },
        "2008-08": {
            "month": "2008-08",
            "price": "19.61",
            "revenue": 7933987
        },
        "2008-09": {
            "month": "2008-09",
            "price": "16.71",
            "revenue": 10483089
        },
        "2008-10": {
            "month": "2008-10",
            "price": "13.35",
            "revenue": 10616728
        },
        "2008-11": {
            "month": "2008-11",
            "price": "13.70",
            "revenue": 10297839
        },
        "2008-12": {
            "month": "2008-12",
            "price": "14.82",
            "revenue": 6060540
        },
        "2009-01": {
            "month": "2009-01",
            "price": "15.94",
            "revenue": 5779233
        },
        "2009-02": {
            "month": "2009-02",
            "price": "15.54",
            "revenue": 5898869
        },
        "2009-03": {
            "month": "2009-03",
            "price": "15.82",
            "revenue": 6450997
        },
        "2009-04": {
            "month": "2009-04",
            "price": "19.18",
            "revenue": 5625499
        },
        "2009-05": {
            "month": "2009-05",
            "price": "21.32",
            "revenue": 6056448
        },
        "2009-06": {
            "month": "2009-06",
            "price": "22.08",
            "revenue": 6426929
        },
        "2009-07": {
            "month": "2009-07",
            "price": "22.40",
            "revenue": 7673984
        },
        "2009-08": {
            "month": "2009-08",
            "price": "21.00",
            "revenue": 7631622
        },
        "2009-09": {
            "month": "2009-09",
            "price": "21.33",
            "revenue": 8300729
        },
        "2009-10": {
            "month": "2009-10",
            "price": "21.23",
            "revenue": 7348055
        },
        "2009-11": {
            "month": "2009-11",
            "price": "20.07",
            "revenue": 7800360
        },
        "2009-12": {
            "month": "2009-12",
            "price": "20.06",
            "revenue": 6832945
        },
        "2010-01": {
            "month": "2010-01",
            "price": "21.00",
            "revenue": 7338903
        },
        "2010-02": {
            "month": "2010-02",
            "price": "18.96",
            "revenue": 6863571
        },
        "2010-03": {
            "month": "2010-03",
            "price": "20.00",
            "revenue": 8666606
        },
        "2010-04": {
            "month": "2010-04",
            "price": "20.19",
            "revenue": 7369442
        },
        "2010-05": {
            "month": "2010-05",
            "price": "17.73",
            "revenue": 6052112
        },
        "2010-06": {
            "month": "2010-06",
            "price": "17.64",
            "revenue": 6842082
        },
        "2010-07": {
            "month": "2010-07",
            "price": "17.46",
            "revenue": 6537136
        },
        "2010-08": {
            "month": "2010-08",
            "price": "16.93",
            "revenue": 6506443
        },
        "2010-09": {
            "month": "2010-09",
            "price": "16.22",
            "revenue": 8212338
        },
        "2010-10": {
            "month": "2010-10",
            "price": "16.27",
            "revenue": 8050551
        },
        "2010-11": {
            "month": "2010-11",
            "price": "16.05",
            "revenue": 7414063
        },
        "2010-12": {
            "month": "2010-12",
            "price": "16.88",
            "revenue": 6663077
        },
        "2011-01": {
            "month": "2011-01",
            "price": "17.64",
            "revenue": 6907521
        },
        "2011-02": {
            "month": "2011-02",
            "price": "16.31",
            "revenue": 4956124
        },
        "2011-03": {
            "month": "2011-03",
            "price": "15.38",
            "revenue": 8930815
        },
        "2011-04": {
            "month": "2011-04",
            "price": "15.06",
            "revenue": 6366965
        },
        "2011-05": {
            "month": "2011-05",
            "price": "14.14",
            "revenue": 6035684
        },
        "2011-06": {
            "month": "2011-06",
            "price": "14.35",
            "revenue": 6726124
        },
        "2011-07": {
            "month": "2011-07",
            "price": "14.57",
            "revenue": 5637382
        },
        "2011-08": {
            "month": "2011-08",
            "price": "12.77",
            "revenue": 6201020
        },
        "2011-09": {
            "month": "2011-09",
            "price": "13.63",
            "revenue": 6618076
        },
        "2011-10": {
            "month": "2011-10",
            "price": "14.24",
            "revenue": 5858737
        },
        "2011-11": {
            "month": "2011-11",
            "price": "12.52",
            "revenue": 5135590
        },
        "2011-12": {
            "month": "2011-12",
            "price": "12.52",
            "revenue": 5242322
        },
        "2012-01": {
            "month": "2012-01",
            "price": "12.72",
            "revenue": 4260501
        },
        "2012-02": {
            "month": "2012-02",
            "price": "13.22",
            "revenue": 5070234
        },
        "2012-03": {
            "month": "2012-03",
            "price": "15.00",
            "revenue": 5822357
        },
        "2012-04": {
            "month": "2012-04",
            "price": "13.62",
            "revenue": 4848598
        },
        "2012-05": {
            "month": "2012-05",
            "price": "13.66",
            "revenue": 5857176
        },
        "2012-06": {
            "month": "2012-06",
            "price": "15.05",
            "revenue": 5434333
        },
        "2012-07": {
            "month": "2012-07",
            "price": "15.06",
            "revenue": 5682707
        },
        "2012-08": {
            "month": "2012-08",
            "price": "13.94",
            "revenue": 6647722
        },
        "2012-09": {
            "month": "2012-09",
            "price": "14.44",
            "revenue": 5767013
        },
        "2012-10": {
            "month": "2012-10",
            "price": "13.55",
            "revenue": 5931307
        },
        "2012-11": {
            "month": "2012-11",
            "price": "13.02",
            "revenue": 5696622
        },
        "2012-12": {
            "month": "2012-12",
            "price": "13.84",
            "revenue": 4677424
        },
        "2013-01": {
            "month": "2013-01",
            "price": "13.87",
            "revenue": 5931917
        },
        "2013-02": {
            "month": "2013-02",
            "price": "13.87",
            "revenue": 4397461
        },
        "2013-03": {
            "month": "2013-03",
            "price": "14.13",
            "revenue": 5843190
        },
        "2013-04": {
            "month": "2013-04",
            "price": "13.77",
            "revenue": 5209057
        },
        "2013-05": {
            "month": "2013-05",
            "price": "14.88",
            "revenue": 5575404
        },
        "2013-06": {
            "month": "2013-06",
            "price": "15.51",
            "revenue": 5697100
        },
        "2013-07": {
            "month": "2013-07",
            "price": "16.65",
            "revenue": 5883572
        },
        "2013-08": {
            "month": "2013-08",
            "price": "17.44",
            "revenue": 6161889
        },
        "2013-09": {
            "month": "2013-09",
            "price": "18.88",
            "revenue": 6456296
        },
        "2013-10": {
            "month": "2013-10",
            "price": "19.33",
            "revenue": 6651805
        },
        "2013-11": {
            "month": "2013-11",
            "price": "19.89",
            "revenue": 7005549
        },
        "2013-12": {
            "month": "2013-12",
            "price": "23.65",
            "revenue": 7060988
        },
        "2014-01": {
            "month": "2014-01",
            "price": "25.01",
            "revenue": 6851090
        },
        "2014-02": {
            "month": "2014-02",
            "price": "29.26",
            "revenue": 6158507
        },
        "2014-03": {
            "month": "2014-03",
            "price": "29.64",
            "revenue": 7586815
        },
        "2014-04": {
            "month": "2014-04",
            "price": "31.91",
            "revenue": 7306227
        },
        "2014-05": {
            "month": "2014-05",
            "price": "39.21",
            "revenue": 7071646
        },
        "2014-06": {
            "month": "2014-06",
            "price": "44.35",
            "revenue": 6524050
        },
        "2014-07": {
            "month": "2014-07",
            "price": "47.50",
            "revenue": 6741287
        },
        "2014-08": {
            "month": "2014-08",
            "price": "42.24",
            "revenue": 6754493
        },
        "2014-09": {
            "month": "2014-09",
            "price": "40.24",
            "revenue": 8198209
        },
        "2014-10": {
            "month": "2014-10",
            "price": "37.32",
            "revenue": 7413845
        },
        "2014-11": {
            "month": "2014-11",
            "price": "36.04",
            "revenue": 7498186
        },
        "2014-12": {
            "month": "2014-12",
            "price": "34.21",
            "revenue": 6796943
        },
        "2015-01": {
            "month": "2015-01",
            "price": "34.31",
            "revenue": 7727424
        },
        "2015-02": {
            "month": "2015-02",
            "price": "37.44",
            "revenue": 5686313
        },
        "2015-03": {
            "month": "2015-03",
            "price": "37.14",
            "revenue": 6823814
        },
        "2015-04": {
            "month": "2015-04",
            "price": "35.50",
            "revenue": 5863707
        },
        "2015-05": {
            "month": "2015-05",
            "price": "35.00",
            "revenue": 5621554
        },
        "2015-06": {
            "month": "2015-06",
            "price": "32.71",
            "revenue": 6942507
        },
        "2015-07": {
            "month": "2015-07",
            "price": "30.07",
            "revenue": 6604341
        },
        "2015-08": {
            "month": "2015-08",
            "price": "26.49",
            "revenue": 7343363
        },
        "2015-09": {
            "month": "2015-09",
            "price": "27.67",
            "revenue": 8595621
        },
        "2015-10": {
            "month": "2015-10",
            "price": "31.10",
            "revenue": 7824116
        },
        "2015-11": {
            "month": "2015-11",
            "price": "37.48",
            "revenue": 8596807
        },
        "2015-12": {
            "month": "2015-12",
            "price": "45.26",
            "revenue": 7674826
        },
        "2016-01": {
            "month": "2016-01",
            "price": "42.70",
            "revenue": 8521606
        },
        "2016-02": {
            "month": "2016-02",
            "price": "42.50",
            "revenue": 6783125
        },
        "2016-03": {
            "month": "2016-03",
            "price": "44.49",
            "revenue": 8204571
        },
        "2016-04": {
            "month": "2016-04",
            "price": "50.85",
            "revenue": 6760396
        },
        "2016-05": {
            "month": "2016-05",
            "price": "50.37",
            "revenue": 7112532
        },
        "2016-06": {
            "month": "2016-06",
            "price": "55.59",
            "revenue": 8719273
        },
        "2016-07": {
            "month": "2016-07",
            "price": "66.10",
            "revenue": 8337530
        },
        "2016-08": {
            "month": "2016-08",
            "price": "69.96",
            "revenue": 10223524
        },
        "2016-09": {
            "month": "2016-09",
            "price": "80.01",
            "revenue": 10983686
        },
        "2016-10": {
            "month": "2016-10",
            "price": "83.82",
            "revenue": 9382049
        },
        "2016-11": {
            "month": "2016-11",
            "price": "85.65",
            "revenue": 8739371
        },
        "2016-12": {
            "month": "2016-12",
            "price": "75.74",
            "revenue": 8419326
        },
        "2017-01": {
            "month": "2017-01",
            "price": "76.47",
            "revenue": 8461830
        },
        "2017-02": {
            "month": "2017-02",
            "price": "73.21",
            "revenue": 7301880
        },
        "2017-03": {
            "month": "2017-03",
            "price": "71.13",
            "revenue": 8786173
        },
        "2017-04": {
            "month": "2017-04",
            "price": "63.21",
            "revenue": 6443101
        },
        "2017-05": {
            "month": "2017-05",
            "price": "67.18",
            "revenue": 6910854
        },
        "2017-06": {
            "month": "2017-06",
            "price": "70.50",
            "revenue": 9900400
        },
        "2017-07": {
            "month": "2017-07",
            "price": "75.82",
            "revenue": 9373696
        },
        "2017-08": {
            "month": "2017-08",
            "price": "73.47",
            "revenue": 9191125
        },
        "2017-09": {
            "month": "2017-09",
            "price": "65.84",
            "revenue": 10528450
        },
        "2017-10": {
            "month": "2017-10",
            "price": "69.72",
            "revenue": 9667012
        },
        "2017-11": {
            "month": "2017-11",
            "price": "74.45",
            "revenue": 10425534
        },
        "2017-12": {
            "month": "2017-12",
            "price": "73.11",
            "revenue": 9429400
        },
        "2018-01": {
            "month": "2018-01",
            "price": "90.33",
            "revenue": 10830591
        },
        "2018-02": {
            "month": "2018-02",
            "price": "87.89",
            "revenue": 9222929
        },
        "2018-03": {
            "month": "2018-03",
            "price": "91.69",
            "revenue": 11728674
        },
        "2018-04": {
            "month": "2018-04",
            "price": "96.19",
            "revenue": 9943951
        },
        "2018-05": {
            "month": "2018-05",
            "price": "113.55",
            "revenue": 9822644
        },
        "2018-06": {
            "month": "2018-06",
            "price": "109.80",
            "revenue": 8529808
        },
        "2018-07": {
            "month": "2018-07",
            "price": "100.35",
            "revenue": 9234458
        },
        "2018-08": {
            "month": "2018-08",
            "price": "102.81",
            "revenue": 8914265
        },
        "2018-09": {
            "month": "2018-09",
            "price": "90.90",
            "revenue": 10548373
        },
        "2018-10": {
            "month": "2018-10",
            "price": "73.80",
            "revenue": 11788451
        },
        "2018-11": {
            "month": "2018-11",
            "price": "69.90",
            "revenue": 10528779
        },
        "2018-12": {
            "month": "2018-12",
            "price": "71.18",
            "revenue": 7447152
        },
        "2019-01": {
            "month": "2019-01",
            "price": "76.84",
            "revenue": 10833587
        },
        "2019-02": {
            "month": "2019-02",
            "price": "81.96",
            "revenue": 8246480
        },
        "2019-03": {
            "month": "2019-03",
            "price": "83.05",
            "revenue": 10407854
        },
        "2019-04": {
            "month": "2019-04",
            "price": "86.53",
            "revenue": 8539331
        },
        "2019-05": {
            "month": "2019-05",
            "price": "78.99",
            "revenue": 9037738
        },
        "2019-06": {
            "month": "2019-06",
            "price": "82.44",
            "revenue": 8567063
        },
        "2019-07": {
            "month": "2019-07",
            "price": "88.59",
            "revenue": 9759289
        },
        "2019-08": {
            "month": "2019-08",
            "price": "86.29",
            "revenue": 11333820
        },
        "2019-09": {
            "month": "2019-09",
            "price": "88.84",
            "revenue": 11720989
        },
        "2019-10": {
            "month": "2019-10",
            "price": "89.70",
            "revenue": 11810866
        },
        "2019-11": {
            "month": "2019-11",
            "price": "86.89",
            "revenue": 11143632
        },
        "2019-12": {
            "month": "2019-12",
            "price": "86.15",
            "revenue": 9090257
        },
        "2020-01": {
            "month": "2020-01",
            "price": "90.76",
            "revenue": 10065900
        },
        "2020-02": {
            "month": "2020-02",
            "price": "93.98",
            "revenue": 8129812
        },
        "2020-03": {
            "month": "2020-03",
            "price": "82.73",
            "revenue": 10307830
        },
        "2020-04": {
            "month": "2020-04",
            "price": "90.68",
            "revenue": 10608256
        },
        "2020-05": {
            "month": "2020-05",
            "price": "99.39",
            "revenue": 10949799
        },
        "2020-06": {
            "month": "2020-06",
            "price": "105.22",
            "revenue": 13779635
        },
        "2020-07": {
            "month": "2020-07",
            "price": "125.48",
            "revenue": 13840272
        },
        "2020-08": {
            "month": "2020-08",
            "price": "140.29",
            "revenue": 13275096
        },
        "2020-09": {
            "month": "2020-09",
            "price": "136.25",
            "revenue": 13640345
        },
        "2020-10": {
            "month": "2020-10",
            "price": "124.92",
            "revenue": 13838851
        },
        "2020-11": {
            "month": "2020-11",
            "price": "120.17",
            "revenue": 15612071
        },
        "2020-12": {
            "month": "2020-12",
            "price": "129.39",
            "revenue": 12454321
        },
        "2021-01": {
            "month": "2021-01",
            "price": "132.48",
            "revenue": 17022930
        },
        "2021-02": {
            "month": "2021-02",
            "price": "143.00",
            "revenue": 13256069
        },
        "2021-03": {
            "month": "2021-03",
            "price": "157.84",
            "revenue": 17725961
        },
        "2021-04": {
            "month": "2021-04",
            "price": "171.82",
            "revenue": 15077434
        },
        "2021-05": {
            "month": "2021-05",
            "price": "174.36",
            "revenue": 15674299
        },
        "2021-06": {
            "month": "2021-06",
            "price": "168.43",
            "revenue": 15570323
        },
        "2021-07": {
            "month": "2021-07",
            "price": "151.77",
            "revenue": 14524825
        },
        "2021-08": {
            "month": "2021-08",
            "price": "135.77",
            "revenue": 18478966
        },
        "2021-09": {
            "month": "2021-09",
            "price": "136.70",
            "revenue": 19203131
        },
        "2021-10": {
            "month": "2021-10",
            "price": "137.22",
            "revenue": 19925373
        },
        "2021-11": {
            "month": "2021-11",
            "price": "158.77",
            "revenue": 19841796
        },
        "2021-12": {
            "month": "2021-12",
            "price": "163.39",
            "revenue": 15508581
        },
        "2022-01": {
            "month": "2022-01",
            "price": "157.78",
            "revenue": 20386768
        },
        "2022-02": {
            "month": "2022-02",
            "price": "156.53",
            "revenue": 14870306
        },
        "2022-03": {
            "month": "2022-03",
            "price": "141.91",
            "revenue": 17781712
        },
        "2022-04": {
            "month": "2022-04",
            "price": "122.34",
            "revenue": 15608092
        },
        "2022-05": {
            "month": "2022-05",
            "price": "128.69",
            "revenue": 15909845
        },
        "2022-06": {
            "month": "2022-06",
            "price": "128.14",
            "revenue": 16497922
        },
        "2022-07": {
            "month": "2022-07",
            "price": "110.71",
            "revenue": 13011506
        },
        "2022-08": {
            "month": "2022-08",
            "price": "116.67",
            "revenue": 12564059
        },
        "2022-09": {
            "month": "2022-09",
            "price": "114.79",
            "revenue": 12990682
        },
        "2022-10": {
            "month": "2022-10",
            "price": "108.82",
            "revenue": 13653812
        },
        "2022-11": {
            "month": "2022-11",
            "price": "121.11",
            "revenue": 14846623
        },
        "2022-12": {
            "month": "2022-12",
            "price": "120.32",
            "revenue": 12289620
        },
        "2023-01": {
            "month": "2023-01",
            "price": "126.00",
            "revenue": 13156226
        },
        "2023-02": {
            "month": "2023-02",
            "price": "133.81",
            "revenue": 14111271
        },
        "2023-03": {
            "month": "2023-03",
            "price": "141.07",
            "revenue": 16333250
        },
        "2023-04": {
            "month": "2023-04",
            "price": "145.24",
            "revenue": 13109949
        }
    }
}
