{
    "summary": {
        "stock_name": "瑞昱",
        "stock_id": "2379",
        "category": "半導體",
        "main_business": "研究開發生產、製造、銷售各種積體電路",
        "website_url": "http://www.realtek.com",
        "ceo": "顏光裕",
        "pe_ratio": 33,
        "report_year_from": 2001,
        "report_year_to": 2023,
        "age": 23,
        "eps_negative_percentage": 0,
        "eps_growth_avg": {
            "last_all": 10.32,
            "last_2y": 14.59,
            "last_4y": 25.72,
            "last_8y": 17.26,
            "last_12y": 19.32,
            "last_16y": 16.41,
            "last_20y": 11.34,
            "at_2006_last_3y": -10.24,
            "at_2007_last_3y": -8.18,
            "at_2008_last_3y": -3.35,
            "at_2009_last_3y": 20.53,
            "at_2010_last_3y": 6.97,
            "at_2011_last_3y": 11.09,
            "at_2012_last_3y": 27.89,
            "at_2013_last_3y": 11.3,
            "at_2014_last_3y": 23.95,
            "at_2015_last_3y": 16.01,
            "at_2016_last_3y": 12.2,
            "at_2017_last_3y": 6.62,
            "at_2018_last_3y": 6.69,
            "at_2019_last_3y": 30.03,
            "at_2020_last_3y": 31.01,
            "at_2021_last_3y": 51.07,
            "at_2022_last_3y": 43.05,
            "at_2023_last_3y": 18.21,
            "at_2024_last_3y": 18.21,
            "at_2006_last_all": -10.41,
            "at_2007_last_all": -12.4,
            "at_2008_last_all": -14.46,
            "at_2009_last_all": -0.15,
            "at_2010_last_all": -2.69,
            "at_2011_last_all": -3,
            "at_2012_last_all": 0.94,
            "at_2013_last_all": 3.66,
            "at_2014_last_all": 5.51,
            "at_2015_last_all": 2.43,
            "at_2016_last_all": 3.94,
            "at_2017_last_all": 4.4,
            "at_2018_last_all": 5.79,
            "at_2019_last_all": 8.56,
            "at_2020_last_all": 9.64,
            "at_2021_last_all": 13.74,
            "at_2022_last_all": 12.88,
            "at_2023_last_all": 10.32,
            "at_2024_last_all": 10.32
        },
        "latest_eps": 17.85,
        "latest_price": 587,
        "latest_roe": 20.57,
        "latest_gross_margin": 44.74,
        "latest_equity": 42238162,
        "latest_revenue": 22585125,
        "latest_gross_profit": 10104877,
        "latest_net_income": 2180467,
        "latest_debt_ratio": 54.98,
        "latest_current_ratio": 149.82,
        "latest_account_receivable_turnover_ratio": 1.54,
        "latest_inventory_turnover_ratio": 0.94,
        "latest_reinvestment_rate": 10.41,
        "latest_research_to_sale_ratio": 29.96
    },
    "eps_dividends": {
        "1997": {
            "cash": 0,
            "stock": 3.25,
            "eps": 0
        },
        "1999": {
            "cash": 0,
            "stock": 3,
            "eps": 0
        },
        "2001": {
            "cash": 0.5,
            "stock": 5,
            "eps": 7.37
        },
        "2002": {
            "cash": 0.5,
            "stock": 3,
            "eps": 6.55
        },
        "2003": {
            "cash": 1.75,
            "stock": 2,
            "eps": 4.55
        },
        "2004": {
            "cash": 1.75,
            "stock": 1,
            "eps": 2.45
        },
        "2005": {
            "cash": 1.5,
            "stock": 0.5,
            "eps": 2.56
        },
        "2006": {
            "cash": 1.75,
            "stock": 0.5,
            "eps": 3.36
        },
        "2007": {
            "cash": 3.5,
            "stock": 0.5,
            "eps": 2.61
        },
        "2008": {
            "cash": 3,
            "stock": 0.2,
            "eps": 1.91
        },
        "2009": {
            "cash": 1.6,
            "stock": 0.1,
            "eps": 4.44
        },
        "2010": {
            "cash": 3.85,
            "stock": 0.1,
            "eps": 3.42
        },
        "2011": {
            "cash": 4.8,
            "stock": 0.2,
            "eps": 3.22
        },
        "2012": {
            "cash": 0,
            "stock": 0,
            "eps": 4.52
        },
        "2013": {
            "cash": 3.4,
            "stock": 0.1,
            "eps": 6.04
        },
        "2014": {
            "cash": 5,
            "stock": 0,
            "eps": 7.71
        },
        "2015": {
            "cash": 6,
            "stock": 0,
            "eps": 4.81
        },
        "2016": {
            "cash": 4,
            "stock": 0,
            "eps": 6.02
        },
        "2017": {
            "cash": 5,
            "stock": 0,
            "eps": 6.7
        },
        "2018": {
            "cash": 5.5,
            "stock": 0,
            "eps": 8.57
        },
        "2019": {
            "cash": 7,
            "stock": 0,
            "eps": 13.35
        },
        "2020": {
            "cash": 11,
            "stock": 0,
            "eps": 17.23
        },
        "2021": {
            "cash": 14,
            "stock": 0,
            "eps": 33
        },
        "2022": {
            "cash": 27,
            "stock": 0,
            "eps": 31.63
        },
        "2023": {
            "cash": 27,
            "stock": 0,
            "eps": 17.84
        }
    },
    "dividends": {
        "1997-05-05": {
            "cash": 0,
            "stock": 3.25
        },
        "1999-04-30": {
            "cash": 0,
            "stock": 3
        },
        "2001-05-30": {
            "cash": 0.5,
            "stock": 5
        },
        "2002-06-03": {
            "cash": 0.5,
            "stock": 3
        },
        "2003-04-28": {
            "cash": 1.75,
            "stock": 2
        },
        "2004-06-01": {
            "cash": 1.75,
            "stock": 1
        },
        "2005-04-27": {
            "cash": 1.5,
            "stock": 0.5
        },
        "2006-04-26": {
            "cash": 1.75,
            "stock": 0.5
        },
        "2007-04-25": {
            "cash": 3.5,
            "stock": 0.5
        },
        "2008-04-24": {
            "cash": 3,
            "stock": 0.2
        },
        "2009-04-24": {
            "cash": 1.6,
            "stock": 0.1
        },
        "2010-04-27": {
            "cash": 3.85,
            "stock": 0.1
        },
        "2011-01-01": {
            "cash": 2.3,
            "stock": 0.1
        },
        "2011-04-29": {
            "cash": 2.5,
            "stock": 0.1
        },
        "2013-04-29": {
            "cash": 3.4,
            "stock": 0.1
        },
        "2014-10-02": {
            "cash": 5,
            "stock": 0
        },
        "2015-10-07": {
            "cash": 6,
            "stock": 0
        },
        "2016-10-05": {
            "cash": 4,
            "stock": 0
        },
        "2017-10-13": {
            "cash": 5,
            "stock": 0
        },
        "2018-10-05": {
            "cash": 5.5,
            "stock": 0
        },
        "2019-10-09": {
            "cash": 7,
            "stock": 0
        },
        "2020-10-07": {
            "cash": 11,
            "stock": 0
        },
        "2021-10-07": {
            "cash": 14,
            "stock": 0
        },
        "2022-10-07": {
            "cash": 27,
            "stock": 0
        },
        "2023-10-06": {
            "cash": 27,
            "stock": 0
        }
    },
    "prices": {
        "200101": "118.84",
        "200102": "147.45",
        "200103": "169.05",
        "200104": "184.80",
        "200105": "170.09",
        "200106": "165.80",
        "200107": "128.76",
        "200108": "114.78",
        "200109": "94.00",
        "200110": "97.14",
        "200111": "115.41",
        "200112": "146.83",
        "200201": "168.05",
        "200202": "177.08",
        "200203": "180.48",
        "200204": "164.10",
        "200205": "155.23",
        "200206": "137.42",
        "200207": "99.02",
        "200208": "104.11",
        "200209": "96.15",
        "200210": "91.23",
        "200211": "96.36",
        "200212": "100.25",
        "200301": "90.37",
        "200302": "79.84",
        "200303": "75.55",
        "200304": "76.32",
        "200305": "67.31",
        "200306": "75.32",
        "200307": "73.50",
        "200308": "73.57",
        "200309": "73.93",
        "200310": "70.77",
        "200311": "65.10",
        "200312": "60.48",
        "200401": "61.47",
        "200402": "61.40",
        "200403": "57.15",
        "200404": "52.99",
        "200405": "41.99",
        "200406": "41.30",
        "200407": "36.43",
        "200408": "38.45",
        "200409": "38.47",
        "200410": "34.90",
        "200411": "34.35",
        "200412": "34.00",
        "200501": "32.60",
        "200502": "34.40",
        "200503": "33.47",
        "200504": "31.42",
        "200505": "30.79",
        "200506": "34.18",
        "200507": "35.84",
        "200508": "36.08",
        "200509": "36.69",
        "200510": "36.63",
        "200511": "36.08",
        "200512": "37.78",
        "200601": "40.86",
        "200602": "38.20",
        "200603": "36.12",
        "200604": "37.63",
        "200605": "36.44",
        "200606": "32.75",
        "200607": "33.80",
        "200608": "38.23",
        "200609": "42.43",
        "200610": "41.58",
        "200611": "49.55",
        "200612": "52.98",
        "200701": "55.90",
        "200702": "55.36",
        "200703": "65.64",
        "200704": "69.22",
        "200705": "75.15",
        "200706": "122.32",
        "200707": "180.73",
        "200708": "171.54",
        "200709": "156.58",
        "200710": "134.75",
        "200711": "115.57",
        "200712": "110.23",
        "200801": "98.83",
        "200802": "89.16",
        "200803": "91.98",
        "200804": "89.96",
        "200805": "91.17",
        "200806": "79.21",
        "200807": "69.03",
        "200808": "72.23",
        "200809": "56.37",
        "200810": "53.22",
        "200811": "38.01",
        "200812": "32.30",
        "200901": "36.17",
        "200902": "36.73",
        "200903": "45.12",
        "200904": "49.16",
        "200905": "65.79",
        "200906": "59.14",
        "200907": "71.26",
        "200908": "70.56",
        "200909": "73.81",
        "200910": "73.15",
        "200911": "78.43",
        "200912": "89.90",
        "201001": "91.70",
        "201002": "85.50",
        "201003": "85.53",
        "201004": "85.60",
        "201005": "75.15",
        "201006": "73.22",
        "201007": "76.20",
        "201008": "71.50",
        "201009": "70.37",
        "201010": "70.63",
        "201011": "69.49",
        "201012": "71.43",
        "201101": "69.16",
        "201102": "60.24",
        "201103": "55.02",
        "201104": "56.81",
        "201105": "61.58",
        "201106": "58.53",
        "201107": "52.73",
        "201108": "46.05",
        "201109": "48.17",
        "201110": "50.82",
        "201111": "47.44",
        "201112": "43.65",
        "201201": "48.82",
        "201202": "59.82",
        "201203": "57.86",
        "201204": "56.86",
        "201205": "60.38",
        "201206": "53.74",
        "201207": "54.16",
        "201208": "55.93",
        "201209": "58.67",
        "201210": "56.07",
        "201211": "56.76",
        "201212": "61.10",
        "201301": "61.94",
        "201302": "70.22",
        "201303": "70.40",
        "201304": "73.58",
        "201305": "85.16",
        "201306": "70.50",
        "201307": "71.80",
        "201308": "68.92",
        "201309": "70.88",
        "201310": "70.29",
        "201311": "70.89",
        "201312": "76.14",
        "201401": "82.62",
        "201402": "85.71",
        "201403": "90.52",
        "201404": "89.06",
        "201405": "90.05",
        "201406": "95.95",
        "201407": "94.85",
        "201408": "105.30",
        "201409": "111.83",
        "201410": "106.52",
        "201411": "99.85",
        "201412": "104.96",
        "201501": "101.32",
        "201502": "98.59",
        "201503": "101.55",
        "201504": "97.91",
        "201505": "92.19",
        "201506": "83.07",
        "201507": "73.92",
        "201508": "57.34",
        "201509": "56.56",
        "201510": "66.59",
        "201511": "71.17",
        "201512": "77.57",
        "201601": "75.83",
        "201602": "84.42",
        "201603": "83.55",
        "201604": "87.31",
        "201605": "89.74",
        "201606": "93.51",
        "201607": "107.10",
        "201608": "124.93",
        "201609": "115.47",
        "201610": "108.20",
        "201611": "104.15",
        "201612": "101.45",
        "201701": "105.22",
        "201702": "113.94",
        "201703": "109.37",
        "201704": "105.75",
        "201705": "102.18",
        "201706": "109.74",
        "201707": "113.02",
        "201708": "111.89",
        "201709": "108.18",
        "201710": "110.34",
        "201711": "115.59",
        "201712": "105.45",
        "201801": "117.02",
        "201802": "113.12",
        "201803": "120.61",
        "201804": "125.61",
        "201805": "113.93",
        "201806": "113.38",
        "201807": "118.45",
        "201808": "138.72",
        "201809": "138.76",
        "201810": "114.59",
        "201811": "128.39",
        "201812": "141.88",
        "201901": "148.69",
        "201902": "174.04",
        "201903": "173.65",
        "201904": "196.92",
        "201905": "211.09",
        "201906": "220.05",
        "201907": "224.57",
        "201908": "208.86",
        "201909": "220.03",
        "201910": "232.10",
        "201911": "229.12",
        "201912": "234.55",
        "202001": "250.27",
        "202002": "246.97",
        "202003": "203.93",
        "202004": "228.72",
        "202005": "249.75",
        "202006": "280.65",
        "202007": "354.17",
        "202008": "396.02",
        "202009": "372.70",
        "202010": "372.87",
        "202011": "365.24",
        "202012": "393.93",
        "202101": "447.35",
        "202102": "486.27",
        "202103": "459.14",
        "202104": "506.50",
        "202105": "476.71",
        "202106": "503.90",
        "202107": "545.75",
        "202108": "561.64",
        "202109": "526.10",
        "202110": "476.82",
        "202111": "526.64",
        "202112": "564.32",
        "202201": "544.94",
        "202202": "489.20",
        "202203": "453.91",
        "202204": "401.76",
        "202205": "423.00",
        "202206": "416.81",
        "202207": "340.10",
        "202208": "349.57",
        "202209": "308.57",
        "202210": "256.35",
        "202211": "302.36",
        "202212": "297.11",
        "202301": "312.54",
        "202302": "356.58",
        "202303": "386.89",
        "202304": "375.74",
        "202305": "372.68",
        "202306": "395.25",
        "202307": "402.50",
        "202308": "416.84",
        "202309": "414.38",
        "202310": "408.05",
        "202311": "424.59",
        "202312": "462.71"
    },
    "quarters": {
        "20011": {
            "year_quarter": 20011,
            "year": 2001,
            "quarter": 1,
            "eps": 1.74,
            "eps_growth_year": 9.43,
            "eps_4q": 8.25,
            "eps_4q_growth_year": 40.48,
            "roe": 7.26,
            "roe_4q": 7.26,
            "gross_profit": 587269,
            "gross_margin": 44.41,
            "gross_margin_4q_avg": 44.41,
            "net_income": 387525,
            "net_income_4q": null,
            "revenue": 1322503,
            "revenue_4q": null,
            "common_shares": 2229297,
            "book_valuer_per_share": 24.85,
            "book_valuer_per_share_4q_avg": 24.85,
            "equity": 5540729,
            "current_ratio": 530.43,
            "debt_ratio": 25.9,
            "inventory_turnover_ratio": 1.38,
            "account_receivable_turnover_ratio": null,
            "reinvestment_rate": null,
            "research_to_sale_ratio": null,
            "price_fair": 0,
            "eps_avg_yearly": 0,
            "eps_latest_yearly": 0,
            "eps_growth_yearly": 0
        },
        "20012": {
            "year_quarter": 20012,
            "year": 2001,
            "quarter": 2,
            "eps": 1.66,
            "eps_growth_year": -20.57,
            "eps_4q": 5.61,
            "eps_4q_growth_year": 9.33,
            "roe": 10.02,
            "roe_4q": 17.28,
            "gross_profit": 855859,
            "gross_margin": 49.03,
            "gross_margin_4q_avg": 46.72,
            "net_income": 578787,
            "net_income_4q": null,
            "revenue": 1745597,
            "revenue_4q": null,
            "common_shares": 2229297,
            "book_valuer_per_share": 26.99,
            "book_valuer_per_share_4q_avg": 25.92,
            "equity": 6016567,
            "current_ratio": 434.01,
            "debt_ratio": 27.53,
            "inventory_turnover_ratio": 1.44,
            "account_receivable_turnover_ratio": null,
            "reinvestment_rate": null,
            "research_to_sale_ratio": null,
            "price_fair": 0,
            "eps_avg_yearly": 0,
            "eps_latest_yearly": 0,
            "eps_growth_yearly": 0
        },
        "20013": {
            "year_quarter": 20013,
            "year": 2001,
            "quarter": 3,
            "eps": 1.73,
            "eps_growth_year": -34.22,
            "eps_4q": 5.68,
            "eps_4q_growth_year": -19.77,
            "roe": 9.55,
            "roe_4q": 26.83,
            "gross_profit": 968401,
            "gross_margin": 50.45,
            "gross_margin_4q_avg": 47.96,
            "net_income": 603314,
            "net_income_4q": null,
            "revenue": 1919641,
            "revenue_4q": null,
            "common_shares": 3492848,
            "book_valuer_per_share": 18.96,
            "book_valuer_per_share_4q_avg": 23.6,
            "equity": 6623092,
            "current_ratio": 382.31,
            "debt_ratio": 29.15,
            "inventory_turnover_ratio": 1.19,
            "account_receivable_turnover_ratio": null,
            "reinvestment_rate": null,
            "research_to_sale_ratio": null,
            "price_fair": 0,
            "eps_avg_yearly": 0,
            "eps_latest_yearly": 0,
            "eps_growth_yearly": 0
        },
        "20014": {
            "year_quarter": 20014,
            "year": 2001,
            "quarter": 4,
            "eps": 2.24,
            "eps_growth_year": 20.43,
            "eps_4q": 6.74,
            "eps_4q_growth_year": -11.88,
            "roe": 11.07,
            "roe_4q": 37.9,
            "gross_profit": 1184207,
            "gross_margin": 51.77,
            "gross_margin_4q_avg": 48.92,
            "net_income": 781786,
            "net_income_4q": null,
            "revenue": 2287632,
            "revenue_4q": null,
            "common_shares": 3503323,
            "book_valuer_per_share": 21.43,
            "book_valuer_per_share_4q_avg": 23.06,
            "equity": 7506904,
            "current_ratio": 447.02,
            "debt_ratio": 25.38,
            "inventory_turnover_ratio": 1.32,
            "account_receivable_turnover_ratio": null,
            "reinvestment_rate": null,
            "research_to_sale_ratio": null,
            "price_fair": 0,
            "eps_avg_yearly": 0,
            "eps_latest_yearly": 0,
            "eps_growth_yearly": 0
        },
        "20021": {
            "year_quarter": 20021,
            "year": 2002,
            "quarter": 1,
            "eps": 2.13,
            "eps_growth_year": 22.41,
            "eps_4q": 7.33,
            "eps_4q_growth_year": -11.19,
            "roe": 7.35,
            "roe_4q": 37.99,
            "gross_profit": 1123403,
            "gross_margin": 49.29,
            "gross_margin_4q_avg": 50.14,
            "net_income": 804994,
            "net_income_4q": null,
            "revenue": 2279043,
            "revenue_4q": null,
            "common_shares": 3918262,
            "book_valuer_per_share": 36.76,
            "book_valuer_per_share_4q_avg": 26.04,
            "equity": 14405063,
            "current_ratio": 941.53,
            "debt_ratio": 13.93,
            "inventory_turnover_ratio": 1.57,
            "account_receivable_turnover_ratio": null,
            "reinvestment_rate": null,
            "research_to_sale_ratio": null,
            "price_fair": 25.56,
            "eps_avg_yearly": 8.52,
            "eps_latest_yearly": 8.52,
            "eps_growth_yearly": -19.64
        },
        "20022": {
            "year_quarter": 20022,
            "year": 2002,
            "quarter": 2,
            "eps": 1.16,
            "eps_growth_year": -30.12,
            "eps_4q": 5.39,
            "eps_4q_growth_year": -3.97,
            "roe": 4.12,
            "roe_4q": 32.09,
            "gross_profit": 950124,
            "gross_margin": 47.19,
            "gross_margin_4q_avg": 49.68,
            "net_income": 600801,
            "net_income_4q": null,
            "revenue": 2013593,
            "revenue_4q": null,
            "common_shares": 3918262,
            "book_valuer_per_share": 37.62,
            "book_valuer_per_share_4q_avg": 28.69,
            "equity": 14740494,
            "current_ratio": 660.56,
            "debt_ratio": 16.82,
            "inventory_turnover_ratio": 1.35,
            "account_receivable_turnover_ratio": null,
            "reinvestment_rate": null,
            "research_to_sale_ratio": null,
            "price_fair": 19.74,
            "eps_avg_yearly": 6.58,
            "eps_latest_yearly": 4.64,
            "eps_growth_yearly": -100.9
        },
        "20023": {
            "year_quarter": 20023,
            "year": 2002,
            "quarter": 3,
            "eps": 1.77,
            "eps_growth_year": 2.31,
            "eps_4q": 5.98,
            "eps_4q_growth_year": 5.2,
            "roe": 6.03,
            "roe_4q": 28.57,
            "gross_profit": 1170455,
            "gross_margin": 49.64,
            "gross_margin_4q_avg": 49.47,
            "net_income": 920726,
            "net_income_4q": null,
            "revenue": 2358087,
            "revenue_4q": null,
            "common_shares": 5278387,
            "book_valuer_per_share": 29.96,
            "book_valuer_per_share_4q_avg": 31.44,
            "equity": 15816624,
            "current_ratio": 1063.34,
            "debt_ratio": 11.94,
            "inventory_turnover_ratio": 1.35,
            "account_receivable_turnover_ratio": null,
            "reinvestment_rate": null,
            "research_to_sale_ratio": null,
            "price_fair": 86.68,
            "eps_avg_yearly": 6.75,
            "eps_latest_yearly": 7.08,
            "eps_growth_yearly": 2.85
        },
        "20024": {
            "year_quarter": 20024,
            "year": 2002,
            "quarter": 4,
            "eps": 1.49,
            "eps_growth_year": -33.48,
            "eps_4q": 5.94,
            "eps_4q_growth_year": -11.88,
            "roe": 4.81,
            "roe_4q": 22.310000000000002,
            "gross_profit": 1273034,
            "gross_margin": 50.76,
            "gross_margin_4q_avg": 49.22,
            "net_income": 779481,
            "net_income_4q": null,
            "revenue": 2508084,
            "revenue_4q": null,
            "common_shares": 5278759,
            "book_valuer_per_share": 31.44,
            "book_valuer_per_share_4q_avg": 33.95,
            "equity": 16595608,
            "current_ratio": 911,
            "debt_ratio": 13.15,
            "inventory_turnover_ratio": 1.61,
            "account_receivable_turnover_ratio": null,
            "reinvestment_rate": 6.66,
            "research_to_sale_ratio": null,
            "price_fair": 19.65,
            "eps_avg_yearly": 6.55,
            "eps_latest_yearly": 5.96,
            "eps_growth_yearly": -13.68
        },
        "20031": {
            "year_quarter": 20031,
            "year": 2003,
            "quarter": 1,
            "eps": 1.41,
            "eps_growth_year": -33.8,
            "eps_4q": 5.78,
            "eps_4q_growth_year": -21.12,
            "roe": 4.37,
            "roe_4q": 19.330000000000002,
            "gross_profit": 1167458,
            "gross_margin": 51.26,
            "gross_margin_4q_avg": 49.71,
            "net_income": 742548,
            "net_income_4q": null,
            "revenue": 2277469,
            "revenue_4q": null,
            "common_shares": 5279130,
            "book_valuer_per_share": 32.89,
            "book_valuer_per_share_4q_avg": 32.98,
            "equity": 17365050,
            "current_ratio": 1106.75,
            "debt_ratio": 11.66,
            "inventory_turnover_ratio": 1.61,
            "account_receivable_turnover_ratio": null,
            "reinvestment_rate": 7.41,
            "research_to_sale_ratio": null,
            "price_fair": 19.1,
            "eps_avg_yearly": 6.37,
            "eps_latest_yearly": 5.64,
            "eps_growth_yearly": -15.24
        },
        "20032": {
            "year_quarter": 20032,
            "year": 2003,
            "quarter": 2,
            "eps": 0.97,
            "eps_growth_year": -16.38,
            "eps_4q": 4.7,
            "eps_4q_growth_year": -12.7,
            "roe": 3.71,
            "roe_4q": 18.92,
            "gross_profit": 940342,
            "gross_margin": 49.59,
            "gross_margin_4q_avg": 50.31,
            "net_income": 634515,
            "net_income_4q": null,
            "revenue": 1896305,
            "revenue_4q": null,
            "common_shares": 5279130,
            "book_valuer_per_share": 31.91,
            "book_valuer_per_share_4q_avg": 31.55,
            "equity": 16844380,
            "current_ratio": 658.27,
            "debt_ratio": 15.89,
            "inventory_turnover_ratio": 1.36,
            "account_receivable_turnover_ratio": null,
            "reinvestment_rate": 9.88,
            "research_to_sale_ratio": null,
            "price_fair": 17.86,
            "eps_avg_yearly": 5.95,
            "eps_latest_yearly": 3.88,
            "eps_growth_yearly": -33.51
        },
        "20033": {
            "year_quarter": 20033,
            "year": 2003,
            "quarter": 3,
            "eps": 1.29,
            "eps_growth_year": -27.12,
            "eps_4q": 4.6,
            "eps_4q_growth_year": -23.06,
            "roe": 4.88,
            "roe_4q": 17.77,
            "gross_profit": 1293874,
            "gross_margin": 48.22,
            "gross_margin_4q_avg": 49.96,
            "net_income": 841057,
            "net_income_4q": null,
            "revenue": 2683274,
            "revenue_4q": null,
            "common_shares": 6527060,
            "book_valuer_per_share": 27.03,
            "book_valuer_per_share_4q_avg": 30.82,
            "equity": 17644392,
            "current_ratio": 849.02,
            "debt_ratio": 13.24,
            "inventory_turnover_ratio": 1.88,
            "account_receivable_turnover_ratio": null,
            "reinvestment_rate": 11.19,
            "research_to_sale_ratio": null,
            "price_fair": 17.52,
            "eps_avg_yearly": 5.84,
            "eps_latest_yearly": 5.16,
            "eps_growth_yearly": -9.87
        },
        "20034": {
            "year_quarter": 20034,
            "year": 2003,
            "quarter": 4,
            "eps": 0.88,
            "eps_growth_year": -40.94,
            "eps_4q": 4.28,
            "eps_4q_growth_year": -27.91,
            "roe": 3.24,
            "roe_4q": 16.200000000000003,
            "gross_profit": 1122465,
            "gross_margin": 46.36,
            "gross_margin_4q_avg": 48.86,
            "net_income": 574103,
            "net_income_4q": null,
            "revenue": 2421027,
            "revenue_4q": null,
            "common_shares": 6527060,
            "book_valuer_per_share": 27.28,
            "book_valuer_per_share_4q_avg": 29.78,
            "equity": 17807072,
            "current_ratio": 887.04,
            "debt_ratio": 12.76,
            "inventory_turnover_ratio": 1.71,
            "account_receivable_turnover_ratio": null,
            "reinvestment_rate": 9.82,
            "research_to_sale_ratio": null,
            "price_fair": 16.65,
            "eps_avg_yearly": 5.55,
            "eps_latest_yearly": 3.52,
            "eps_growth_yearly": -24.53
        },
        "20041": {
            "year_quarter": 20041,
            "year": 2004,
            "quarter": 1,
            "eps": 0.83,
            "eps_growth_year": -41.13,
            "eps_4q": 4.04,
            "eps_4q_growth_year": -30.13,
            "roe": 2.97,
            "roe_4q": 14.8,
            "gross_profit": 926197,
            "gross_margin": 43.73,
            "gross_margin_4q_avg": 46.98,
            "net_income": 530286,
            "net_income_4q": null,
            "revenue": 2117797,
            "revenue_4q": null,
            "common_shares": 6527060,
            "book_valuer_per_share": 27.51,
            "book_valuer_per_share_4q_avg": 28.43,
            "equity": 17954811,
            "current_ratio": 800.76,
            "debt_ratio": 12.83,
            "inventory_turnover_ratio": 1.49,
            "account_receivable_turnover_ratio": null,
            "reinvestment_rate": 13.18,
            "research_to_sale_ratio": null,
            "price_fair": 15.91,
            "eps_avg_yearly": 5.3,
            "eps_latest_yearly": 3.32,
            "eps_growth_yearly": -24.33
        },
        "20042": {
            "year_quarter": 20042,
            "year": 2004,
            "quarter": 2,
            "eps": 0.77,
            "eps_growth_year": -20.62,
            "eps_4q": 3.47,
            "eps_4q_growth_year": -26.19,
            "roe": 3.19,
            "roe_4q": 14.280000000000001,
            "gross_profit": 919879,
            "gross_margin": 42.68,
            "gross_margin_4q_avg": 45.25,
            "net_income": 554347,
            "net_income_4q": null,
            "revenue": 2155544,
            "revenue_4q": null,
            "common_shares": 6527060,
            "book_valuer_per_share": 25.67,
            "book_valuer_per_share_4q_avg": 26.87,
            "equity": 16757727,
            "current_ratio": 328.14,
            "debt_ratio": 19.36,
            "inventory_turnover_ratio": 1.29,
            "account_receivable_turnover_ratio": null,
            "reinvestment_rate": 14.7,
            "research_to_sale_ratio": null,
            "price_fair": 15.24,
            "eps_avg_yearly": 5.08,
            "eps_latest_yearly": 3.08,
            "eps_growth_yearly": -24.78
        },
        "20043": {
            "year_quarter": 20043,
            "year": 2004,
            "quarter": 3,
            "eps": 0.84,
            "eps_growth_year": -34.88,
            "eps_4q": 3.18,
            "eps_4q_growth_year": -30.78,
            "roe": 3.52,
            "roe_4q": 12.92,
            "gross_profit": 1151371,
            "gross_margin": 42.63,
            "gross_margin_4q_avg": 43.85,
            "net_income": 594777,
            "net_income_4q": null,
            "revenue": 2700666,
            "revenue_4q": null,
            "common_shares": 7340268,
            "book_valuer_per_share": 23.21,
            "book_valuer_per_share_4q_avg": 25.92,
            "equity": 17039888,
            "current_ratio": 424.04,
            "debt_ratio": 14.86,
            "inventory_turnover_ratio": 1.3,
            "account_receivable_turnover_ratio": null,
            "reinvestment_rate": 15.42,
            "research_to_sale_ratio": null,
            "price_fair": 14.77,
            "eps_avg_yearly": 4.92,
            "eps_latest_yearly": 3.36,
            "eps_growth_yearly": -19.23
        },
        "20044": {
            "year_quarter": 20044,
            "year": 2004,
            "quarter": 4,
            "eps": 0.01,
            "eps_growth_year": -98.86,
            "eps_4q": 2.39,
            "eps_4q_growth_year": -44.16,
            "roe": 0.05,
            "roe_4q": 9.73,
            "gross_profit": 872744,
            "gross_margin": 37.34,
            "gross_margin_4q_avg": 41.6,
            "net_income": 7905,
            "net_income_4q": null,
            "revenue": 2337415,
            "revenue_4q": null,
            "common_shares": 7340268,
            "book_valuer_per_share": 22.99,
            "book_valuer_per_share_4q_avg": 24.85,
            "equity": 16874645,
            "current_ratio": 460.84,
            "debt_ratio": 14.1,
            "inventory_turnover_ratio": 1.14,
            "account_receivable_turnover_ratio": null,
            "reinvestment_rate": 17.12,
            "research_to_sale_ratio": null,
            "price_fair": 13.55,
            "eps_avg_yearly": 4.52,
            "eps_latest_yearly": 0.04,
            "eps_growth_yearly": -50.56
        },
        "20051": {
            "year_quarter": 20051,
            "year": 2005,
            "quarter": 1,
            "eps": 0.37,
            "eps_growth_year": -55.42,
            "eps_4q": 2.02,
            "eps_4q_growth_year": -50.05,
            "roe": 1.53,
            "roe_4q": 8.29,
            "gross_profit": 809212,
            "gross_margin": 37.84,
            "gross_margin_4q_avg": 40.12,
            "net_income": 259919,
            "net_income_4q": null,
            "revenue": 2138260,
            "revenue_4q": null,
            "common_shares": 7340268,
            "book_valuer_per_share": 23.32,
            "book_valuer_per_share_4q_avg": 23.8,
            "equity": 17116388,
            "current_ratio": 553.65,
            "debt_ratio": 11.89,
            "inventory_turnover_ratio": 1.16,
            "account_receivable_turnover_ratio": null,
            "reinvestment_rate": 16.18,
            "research_to_sale_ratio": null,
            "price_fair": 149.91,
            "eps_avg_yearly": 4.28,
            "eps_latest_yearly": 1.48,
            "eps_growth_yearly": 1061.02
        },
        "20052": {
            "year_quarter": 20052,
            "year": 2005,
            "quarter": 2,
            "eps": 0.43,
            "eps_growth_year": -44.16,
            "eps_4q": 1.68,
            "eps_4q_growth_year": -51.61,
            "roe": 1.77,
            "roe_4q": 6.869999999999999,
            "gross_profit": 981404,
            "gross_margin": 42.51,
            "gross_margin_4q_avg": 40.08,
            "net_income": 296673,
            "net_income_4q": null,
            "revenue": 2308523,
            "revenue_4q": null,
            "common_shares": 7210958,
            "book_valuer_per_share": 22.65,
            "book_valuer_per_share_4q_avg": 23.04,
            "equity": 16333143,
            "current_ratio": 422.47,
            "debt_ratio": 14.65,
            "inventory_turnover_ratio": 1.22,
            "account_receivable_turnover_ratio": null,
            "reinvestment_rate": 13.34,
            "research_to_sale_ratio": null,
            "price_fair": 143.5,
            "eps_avg_yearly": 4.1,
            "eps_latest_yearly": 1.72,
            "eps_growth_yearly": 989.87
        },
        "20053": {
            "year_quarter": 20053,
            "year": 2005,
            "quarter": 3,
            "eps": 1.07,
            "eps_growth_year": 27.38,
            "eps_4q": 1.82,
            "eps_4q_growth_year": -42.71,
            "roe": 4.78,
            "roe_4q": 8.13,
            "gross_profit": 1460841,
            "gross_margin": 47.24,
            "gross_margin_4q_avg": 41.23,
            "net_income": 801666,
            "net_income_4q": null,
            "revenue": 3092432,
            "revenue_4q": null,
            "common_shares": 7741175,
            "book_valuer_per_share": 22.24,
            "book_valuer_per_share_4q_avg": 22.8,
            "equity": 17216912,
            "current_ratio": 584.95,
            "debt_ratio": 10.81,
            "inventory_turnover_ratio": 1.34,
            "account_receivable_turnover_ratio": null,
            "reinvestment_rate": 14.44,
            "research_to_sale_ratio": null,
            "price_fair": 143.92,
            "eps_avg_yearly": 4.11,
            "eps_latest_yearly": 4.28,
            "eps_growth_yearly": 963.57
        },
        "20054": {
            "year_quarter": 20054,
            "year": 2005,
            "quarter": 4,
            "eps": 0.69,
            "eps_growth_year": 6800,
            "eps_4q": 2.49,
            "eps_4q_growth_year": 4.34,
            "roe": 2.92,
            "roe_4q": 11,
            "gross_profit": 1483925,
            "gross_margin": 47.91,
            "gross_margin_4q_avg": 43.88,
            "net_income": 519570,
            "net_income_4q": null,
            "revenue": 3097110,
            "revenue_4q": null,
            "common_shares": 7741175,
            "book_valuer_per_share": 23.61,
            "book_valuer_per_share_4q_avg": 22.96,
            "equity": 18325860,
            "current_ratio": 683.79,
            "debt_ratio": 10.9,
            "inventory_turnover_ratio": 1.3,
            "account_receivable_turnover_ratio": null,
            "reinvestment_rate": 16.8,
            "research_to_sale_ratio": null,
            "price_fair": 140.96,
            "eps_avg_yearly": 4.03,
            "eps_latest_yearly": 2.76,
            "eps_growth_yearly": 894.46
        },
        "20061": {
            "year_quarter": 20061,
            "year": 2006,
            "quarter": 1,
            "eps": 0.65,
            "eps_growth_year": 75.68,
            "eps_4q": 2.75,
            "eps_4q_growth_year": 36.57,
            "roe": 2.69,
            "roe_4q": 12.16,
            "gross_profit": 1233092,
            "gross_margin": 46.07,
            "gross_margin_4q_avg": 45.93,
            "net_income": 499671,
            "net_income_4q": null,
            "revenue": 2676290,
            "revenue_4q": null,
            "common_shares": 7741175,
            "book_valuer_per_share": 24.28,
            "book_valuer_per_share_4q_avg": 23.2,
            "equity": 18794514,
            "current_ratio": 658.76,
            "debt_ratio": 9.67,
            "inventory_turnover_ratio": 1.18,
            "account_receivable_turnover_ratio": null,
            "reinvestment_rate": 17.32,
            "research_to_sale_ratio": null,
            "price_fair": 128.01,
            "eps_avg_yearly": 3.66,
            "eps_latest_yearly": 2.6,
            "eps_growth_yearly": 894.24
        },
        "20062": {
            "year_quarter": 20062,
            "year": 2006,
            "quarter": 2,
            "eps": 0.66,
            "eps_growth_year": 53.49,
            "eps_4q": 3.02,
            "eps_4q_growth_year": 79.55,
            "roe": 2.72,
            "roe_4q": 13.11,
            "gross_profit": 1325427,
            "gross_margin": 46.33,
            "gross_margin_4q_avg": 46.89,
            "net_income": 509913,
            "net_income_4q": null,
            "revenue": 2861141,
            "revenue_4q": null,
            "common_shares": 7741175,
            "book_valuer_per_share": 24.08,
            "book_valuer_per_share_4q_avg": 23.55,
            "equity": 18638053,
            "current_ratio": 408.64,
            "debt_ratio": 15.54,
            "inventory_turnover_ratio": 1.17,
            "account_receivable_turnover_ratio": null,
            "reinvestment_rate": 15.51,
            "research_to_sale_ratio": null,
            "price_fair": 123.64,
            "eps_avg_yearly": 3.53,
            "eps_latest_yearly": 2.64,
            "eps_growth_yearly": 906.01
        },
        "20063": {
            "year_quarter": 20063,
            "year": 2006,
            "quarter": 3,
            "eps": 1.38,
            "eps_growth_year": 28.97,
            "eps_4q": 3.22,
            "eps_4q_growth_year": 76.7,
            "roe": 5.96,
            "roe_4q": 14.29,
            "gross_profit": 1853068,
            "gross_margin": 48.29,
            "gross_margin_4q_avg": 47.15,
            "net_income": 1145613,
            "net_income_4q": null,
            "revenue": 3837354,
            "revenue_4q": null,
            "common_shares": 8361401,
            "book_valuer_per_share": 23.7,
            "book_valuer_per_share_4q_avg": 23.92,
            "equity": 19817411,
            "current_ratio": 403.22,
            "debt_ratio": 16.4,
            "inventory_turnover_ratio": 1.38,
            "account_receivable_turnover_ratio": null,
            "reinvestment_rate": 13.4,
            "research_to_sale_ratio": null,
            "price_fair": 120.23,
            "eps_avg_yearly": 3.44,
            "eps_latest_yearly": 5.52,
            "eps_growth_yearly": 920.14
        },
        "20064": {
            "year_quarter": 20064,
            "year": 2006,
            "quarter": 4,
            "eps": 0.67,
            "eps_growth_year": -2.9,
            "eps_4q": 3.26,
            "eps_4q_growth_year": 30.88,
            "roe": 2.75,
            "roe_4q": 14.120000000000001,
            "gross_profit": 1452803,
            "gross_margin": 47.65,
            "gross_margin_4q_avg": 47.09,
            "net_income": 556693,
            "net_income_4q": null,
            "revenue": 3048593,
            "revenue_4q": null,
            "common_shares": 8361401,
            "book_valuer_per_share": 24.62,
            "book_valuer_per_share_4q_avg": 24.17,
            "equity": 20638975,
            "current_ratio": 748.08,
            "debt_ratio": 9.8,
            "inventory_turnover_ratio": 1.1,
            "account_receivable_turnover_ratio": null,
            "reinvestment_rate": 16.64,
            "research_to_sale_ratio": null,
            "price_fair": 113.05,
            "eps_avg_yearly": 3.23,
            "eps_latest_yearly": 2.68,
            "eps_growth_yearly": 911.23
        },
        "20071": {
            "year_quarter": 20071,
            "year": 2007,
            "quarter": 1,
            "eps": 0.82,
            "eps_growth_year": 26.15,
            "eps_4q": 3.46,
            "eps_4q_growth_year": 25.63,
            "roe": 3.28,
            "roe_4q": 14.709999999999999,
            "gross_profit": 1540739,
            "gross_margin": 47.5,
            "gross_margin_4q_avg": 47.44,
            "net_income": 686948,
            "net_income_4q": null,
            "revenue": 3243623,
            "revenue_4q": null,
            "common_shares": 8361401,
            "book_valuer_per_share": 25.42,
            "book_valuer_per_share_4q_avg": 24.46,
            "equity": 21251739,
            "current_ratio": 745.71,
            "debt_ratio": 8.73,
            "inventory_turnover_ratio": 1.38,
            "account_receivable_turnover_ratio": null,
            "reinvestment_rate": 12.24,
            "research_to_sale_ratio": null,
            "price_fair": 107.89,
            "eps_avg_yearly": 3.08,
            "eps_latest_yearly": 3.28,
            "eps_growth_yearly": 918.17
        },
        "20072": {
            "year_quarter": 20072,
            "year": 2007,
            "quarter": 2,
            "eps": 1.36,
            "eps_growth_year": 106.06,
            "eps_4q": 5.12,
            "eps_4q_growth_year": 69.6,
            "roe": 4.59,
            "roe_4q": 16.58,
            "gross_profit": 1791413,
            "gross_margin": 47.11,
            "gross_margin_4q_avg": 47.64,
            "net_income": 864972,
            "net_income_4q": null,
            "revenue": 3802918,
            "revenue_4q": null,
            "common_shares": 4180700,
            "book_valuer_per_share": 39.34,
            "book_valuer_per_share_4q_avg": 28.27,
            "equity": 16447566,
            "current_ratio": 271.9,
            "debt_ratio": 21.18,
            "inventory_turnover_ratio": 1.85,
            "account_receivable_turnover_ratio": null,
            "reinvestment_rate": 9.18,
            "research_to_sale_ratio": null,
            "price_fair": 111.3,
            "eps_avg_yearly": 3.18,
            "eps_latest_yearly": 5.44,
            "eps_growth_yearly": 942.44
        },
        "20073": {
            "year_quarter": 20073,
            "year": 2007,
            "quarter": 3,
            "eps": 2.13,
            "eps_growth_year": 54.35,
            "eps_4q": 5.6,
            "eps_4q_growth_year": 73.92,
            "roe": 7.6,
            "roe_4q": 18.22,
            "gross_profit": 2363409,
            "gross_margin": 47.77,
            "gross_margin_4q_avg": 47.51,
            "net_income": 1292979,
            "net_income_4q": null,
            "revenue": 4947649,
            "revenue_4q": null,
            "common_shares": 4525446,
            "book_valuer_per_share": 38.8,
            "book_valuer_per_share_4q_avg": 32.05,
            "equity": 17557654,
            "current_ratio": 268.73,
            "debt_ratio": 22.43,
            "inventory_turnover_ratio": 2.34,
            "account_receivable_turnover_ratio": null,
            "reinvestment_rate": 7.83,
            "research_to_sale_ratio": null,
            "price_fair": 118.65,
            "eps_avg_yearly": 3.39,
            "eps_latest_yearly": 8.52,
            "eps_growth_yearly": 948.34
        },
        "20074": {
            "year_quarter": 20074,
            "year": 2007,
            "quarter": 4,
            "eps": -1.7,
            "eps_growth_year": -353.73,
            "eps_4q": 3.3,
            "eps_4q_growth_year": 1.02,
            "roe": -5.67,
            "roe_4q": 9.799999999999999,
            "gross_profit": 1714178,
            "gross_margin": 46.15,
            "gross_margin_4q_avg": 47.13,
            "net_income": -968380,
            "net_income_4q": null,
            "revenue": 3714655,
            "revenue_4q": null,
            "common_shares": 4525446,
            "book_valuer_per_share": 36.5,
            "book_valuer_per_share_4q_avg": 35.02,
            "equity": 16570938,
            "current_ratio": 313.6,
            "debt_ratio": 21.9,
            "inventory_turnover_ratio": 1.53,
            "account_receivable_turnover_ratio": null,
            "reinvestment_rate": 15.65,
            "research_to_sale_ratio": null,
            "price_fair": 118.35,
            "eps_avg_yearly": 3.38,
            "eps_latest_yearly": 8.52,
            "eps_growth_yearly": 1020.04
        },
        "20081": {
            "year_quarter": 20081,
            "year": 2008,
            "quarter": 1,
            "eps": 1.27,
            "eps_growth_year": 54.88,
            "eps_4q": 3.91,
            "eps_4q_growth_year": 12.89,
            "roe": 3.44,
            "roe_4q": 9.959999999999999,
            "gross_profit": 1824263,
            "gross_margin": 43.28,
            "gross_margin_4q_avg": 46.08,
            "net_income": 574179,
            "net_income_4q": null,
            "revenue": 4214904,
            "revenue_4q": null,
            "common_shares": 4525446,
            "book_valuer_per_share": 37.02,
            "book_valuer_per_share_4q_avg": 37.92,
            "equity": 16801503,
            "current_ratio": 316.25,
            "debt_ratio": 22.31,
            "inventory_turnover_ratio": 1.56,
            "account_receivable_turnover_ratio": null,
            "reinvestment_rate": 12.6,
            "research_to_sale_ratio": null,
            "price_fair": 118.5,
            "eps_avg_yearly": 3.39,
            "eps_latest_yearly": 8.52,
            "eps_growth_yearly": 1094.52
        },
        "20082": {
            "year_quarter": 20082,
            "year": 2008,
            "quarter": 2,
            "eps": -0.25,
            "eps_growth_year": -118.38,
            "eps_4q": 1.74,
            "eps_4q_growth_year": -65.96,
            "roe": -0.72,
            "roe_4q": 4.6499999999999995,
            "gross_profit": 1925580,
            "gross_margin": 41.06,
            "gross_margin_4q_avg": 44.57,
            "net_income": -114604,
            "net_income_4q": null,
            "revenue": 4690229,
            "revenue_4q": null,
            "common_shares": 4525446,
            "book_valuer_per_share": 33.12,
            "book_valuer_per_share_4q_avg": 36.36,
            "equity": 15035728,
            "current_ratio": 204.54,
            "debt_ratio": 34.32,
            "inventory_turnover_ratio": 1.53,
            "account_receivable_turnover_ratio": null,
            "reinvestment_rate": 16.06,
            "research_to_sale_ratio": null,
            "price_fair": 119.32,
            "eps_avg_yearly": 3.41,
            "eps_latest_yearly": 8.52,
            "eps_growth_yearly": 1180.94
        },
        "20083": {
            "year_quarter": 20083,
            "year": 2008,
            "quarter": 3,
            "eps": 1.13,
            "eps_growth_year": -46.95,
            "eps_4q": 0.05,
            "eps_4q_growth_year": -99.03,
            "roe": 3.48,
            "roe_4q": 0.5299999999999994,
            "gross_profit": 1988201,
            "gross_margin": 41.35,
            "gross_margin_4q_avg": 42.96,
            "net_income": 529908,
            "net_income_4q": null,
            "revenue": 4807893,
            "revenue_4q": null,
            "common_shares": 4686204,
            "book_valuer_per_share": 32.87,
            "book_valuer_per_share_4q_avg": 34.88,
            "equity": 15450998,
            "current_ratio": 251.49,
            "debt_ratio": 27.57,
            "inventory_turnover_ratio": 1.29,
            "account_receivable_turnover_ratio": null,
            "reinvestment_rate": 15.17,
            "research_to_sale_ratio": null,
            "price_fair": 119.47,
            "eps_avg_yearly": 3.41,
            "eps_latest_yearly": 8.52,
            "eps_growth_yearly": 1276.32
        },
        "20084": {
            "year_quarter": 20084,
            "year": 2008,
            "quarter": 4,
            "eps": -0.24,
            "eps_growth_year": null,
            "eps_4q": 1.92,
            "eps_4q_growth_year": -41.86,
            "roe": -0.82,
            "roe_4q": 5.38,
            "gross_profit": 1157023,
            "gross_margin": 37.43,
            "gross_margin_4q_avg": 40.78,
            "net_income": -125396,
            "net_income_4q": null,
            "revenue": 3091303,
            "revenue_4q": null,
            "common_shares": 4686203,
            "book_valuer_per_share": 32.5,
            "book_valuer_per_share_4q_avg": 33.88,
            "equity": 15261864,
            "current_ratio": 394.55,
            "debt_ratio": 16.47,
            "inventory_turnover_ratio": 0.91,
            "account_receivable_turnover_ratio": 3.49,
            "reinvestment_rate": 16.56,
            "research_to_sale_ratio": null,
            "price_fair": 130.2,
            "eps_avg_yearly": 3.72,
            "eps_latest_yearly": 8.52,
            "eps_growth_yearly": 1428.28
        },
        "20091": {
            "year_quarter": 20091,
            "year": 2009,
            "quarter": 1,
            "eps": 0.77,
            "eps_growth_year": -39.37,
            "eps_4q": 1.42,
            "eps_4q_growth_year": -63.59,
            "roe": 2.31,
            "roe_4q": 4.250000000000001,
            "gross_profit": 1551773,
            "gross_margin": 41.94,
            "gross_margin_4q_avg": 40.45,
            "net_income": 359029,
            "net_income_4q": null,
            "revenue": 3700107,
            "revenue_4q": null,
            "common_shares": 4686203,
            "book_valuer_per_share": 33.75,
            "book_valuer_per_share_4q_avg": 33.06,
            "equity": 15850175,
            "current_ratio": 460.7,
            "debt_ratio": 14.16,
            "inventory_turnover_ratio": 1.37,
            "account_receivable_turnover_ratio": 1.69,
            "reinvestment_rate": 14.78,
            "research_to_sale_ratio": null,
            "price_fair": 138.04,
            "eps_avg_yearly": 3.94,
            "eps_latest_yearly": 8.52,
            "eps_growth_yearly": 131.11
        },
        "20092": {
            "year_quarter": 20092,
            "year": 2009,
            "quarter": 2,
            "eps": 1.01,
            "eps_growth_year": null,
            "eps_4q": 2.66,
            "eps_4q_growth_year": 52.97,
            "roe": 3,
            "roe_4q": 7.970000000000001,
            "gross_profit": 2013228,
            "gross_margin": 40.37,
            "gross_margin_4q_avg": 40.27,
            "net_income": 473980,
            "net_income_4q": null,
            "revenue": 4987332,
            "revenue_4q": null,
            "common_shares": 4686203,
            "book_valuer_per_share": 33.43,
            "book_valuer_per_share_4q_avg": 33.14,
            "equity": 15699289,
            "current_ratio": 281.51,
            "debt_ratio": 25.04,
            "inventory_turnover_ratio": 2.31,
            "account_receivable_turnover_ratio": 1.64,
            "reinvestment_rate": 19.51,
            "research_to_sale_ratio": null,
            "price_fair": 146.16,
            "eps_avg_yearly": 4.18,
            "eps_latest_yearly": 4.04,
            "eps_growth_yearly": 137.09
        },
        "20093": {
            "year_quarter": 20093,
            "year": 2009,
            "quarter": 3,
            "eps": 1.76,
            "eps_growth_year": 55.75,
            "eps_4q": 3.28,
            "eps_4q_growth_year": 5901.96,
            "roe": 5.17,
            "roe_4q": 9.66,
            "gross_profit": 2563904,
            "gross_margin": 40.43,
            "gross_margin_4q_avg": 40.04,
            "net_income": 835765,
            "net_income_4q": null,
            "revenue": 6341901,
            "revenue_4q": null,
            "common_shares": 4769537,
            "book_valuer_per_share": 34.85,
            "book_valuer_per_share_4q_avg": 33.63,
            "equity": 16653617,
            "current_ratio": 253.67,
            "debt_ratio": 28.59,
            "inventory_turnover_ratio": 2.24,
            "account_receivable_turnover_ratio": 1.63,
            "reinvestment_rate": 19.5,
            "research_to_sale_ratio": null,
            "price_fair": 155.82,
            "eps_avg_yearly": 4.45,
            "eps_latest_yearly": 7.04,
            "eps_growth_yearly": 107.26
        },
        "20094": {
            "year_quarter": 20094,
            "year": 2009,
            "quarter": 4,
            "eps": 0.9,
            "eps_growth_year": null,
            "eps_4q": 4.39,
            "eps_4q_growth_year": 129.11,
            "roe": 2.52,
            "roe_4q": 13,
            "gross_profit": 2231186,
            "gross_margin": 42.33,
            "gross_margin_4q_avg": 41.27,
            "net_income": 425867,
            "net_income_4q": null,
            "revenue": 5271205,
            "revenue_4q": null,
            "common_shares": 4769537,
            "book_valuer_per_share": 35.85,
            "book_valuer_per_share_4q_avg": 34.47,
            "equity": 17100187,
            "current_ratio": 282.33,
            "debt_ratio": 25.65,
            "inventory_turnover_ratio": 1.29,
            "account_receivable_turnover_ratio": 3.12,
            "reinvestment_rate": 48.03,
            "research_to_sale_ratio": null,
            "price_fair": 158.76,
            "eps_avg_yearly": 4.54,
            "eps_latest_yearly": 3.6,
            "eps_growth_yearly": 101.92
        },
        "20101": {
            "year_quarter": 20101,
            "year": 2010,
            "quarter": 1,
            "eps": 1.47,
            "eps_growth_year": 90.91,
            "eps_4q": 5.1,
            "eps_4q_growth_year": 258.8,
            "roe": 4.01,
            "roe_4q": 14.7,
            "gross_profit": 2449212,
            "gross_margin": 39.17,
            "gross_margin_4q_avg": 40.58,
            "net_income": 698902,
            "net_income_4q": null,
            "revenue": 6252798,
            "revenue_4q": null,
            "common_shares": 4769537,
            "book_valuer_per_share": 37.22,
            "book_valuer_per_share_4q_avg": 35.34,
            "equity": 17754548,
            "current_ratio": 286.96,
            "debt_ratio": 24.86,
            "inventory_turnover_ratio": 1.35,
            "account_receivable_turnover_ratio": 1.7,
            "reinvestment_rate": 50.62,
            "research_to_sale_ratio": 17.05,
            "price_fair": 170.24,
            "eps_avg_yearly": 4.86,
            "eps_latest_yearly": 5.88,
            "eps_growth_yearly": 129.57
        },
        "20102": {
            "year_quarter": 20102,
            "year": 2010,
            "quarter": 2,
            "eps": 1.08,
            "eps_growth_year": 7.35,
            "eps_4q": 4.95,
            "eps_4q_growth_year": 85.92,
            "roe": 3.19,
            "roe_4q": 14.889999999999999,
            "gross_profit": 2243518,
            "gross_margin": 37.51,
            "gross_margin_4q_avg": 39.86,
            "net_income": 549316,
            "net_income_4q": null,
            "revenue": 5980509,
            "revenue_4q": null,
            "common_shares": 4769537,
            "book_valuer_per_share": 35.05,
            "book_valuer_per_share_4q_avg": 35.74,
            "equity": 16717957,
            "current_ratio": 215.18,
            "debt_ratio": 32.87,
            "inventory_turnover_ratio": 1.2,
            "account_receivable_turnover_ratio": 1.5,
            "reinvestment_rate": 55.6,
            "research_to_sale_ratio": 17.16,
            "price_fair": 176.12,
            "eps_avg_yearly": 5.03,
            "eps_latest_yearly": 4.32,
            "eps_growth_yearly": 118.35
        },
        "20103": {
            "year_quarter": 20103,
            "year": 2010,
            "quarter": 3,
            "eps": 0.86,
            "eps_growth_year": -51.19,
            "eps_4q": 4.31,
            "eps_4q_growth_year": 31.49,
            "roe": 2.47,
            "roe_4q": 12.19,
            "gross_profit": 2085335,
            "gross_margin": 39.16,
            "gross_margin_4q_avg": 39.54,
            "net_income": 416943,
            "net_income_4q": null,
            "revenue": 5325769,
            "revenue_4q": null,
            "common_shares": 4853917,
            "book_valuer_per_share": 35.17,
            "book_valuer_per_share_4q_avg": 35.82,
            "equity": 17073384,
            "current_ratio": 232.14,
            "debt_ratio": 30.78,
            "inventory_turnover_ratio": 0.92,
            "account_receivable_turnover_ratio": 1.41,
            "reinvestment_rate": 61.11,
            "research_to_sale_ratio": 20.16,
            "price_fair": 168.84,
            "eps_avg_yearly": 4.82,
            "eps_latest_yearly": 3.44,
            "eps_growth_yearly": 66.56
        },
        "20104": {
            "year_quarter": 20104,
            "year": 2010,
            "quarter": 4,
            "eps": 0.01,
            "eps_growth_year": -98.49,
            "eps_4q": 3.44,
            "eps_4q_growth_year": -21.58,
            "roe": 0.04,
            "roe_4q": 9.71,
            "gross_profit": 1696940,
            "gross_margin": 35.92,
            "gross_margin_4q_avg": 37.94,
            "net_income": 6609,
            "net_income_4q": null,
            "revenue": 4723821,
            "revenue_4q": null,
            "common_shares": 4853917,
            "book_valuer_per_share": 34.7,
            "book_valuer_per_share_4q_avg": 35.54,
            "equity": 16843171,
            "current_ratio": 334.47,
            "debt_ratio": 20.22,
            "inventory_turnover_ratio": 0.88,
            "account_receivable_turnover_ratio": 1.46,
            "reinvestment_rate": 59.07,
            "research_to_sale_ratio": 17.79,
            "price_fair": 159.6,
            "eps_avg_yearly": 4.56,
            "eps_latest_yearly": 0.04,
            "eps_growth_yearly": 47.61
        },
        "20111": {
            "year_quarter": 20111,
            "year": 2011,
            "quarter": 1,
            "eps": 0.57,
            "eps_growth_year": -61.22,
            "eps_4q": 2.57,
            "eps_4q_growth_year": -49.55,
            "roe": 1.64,
            "roe_4q": 7.34,
            "gross_profit": 1824121,
            "gross_margin": 33.82,
            "gross_margin_4q_avg": 36.6,
            "net_income": 276975,
            "net_income_4q": null,
            "revenue": 5393888,
            "revenue_4q": null,
            "common_shares": 4853918,
            "book_valuer_per_share": 35.06,
            "book_valuer_per_share_4q_avg": 35,
            "equity": 17019582,
            "current_ratio": 295.02,
            "debt_ratio": 22.09,
            "inventory_turnover_ratio": 1.26,
            "account_receivable_turnover_ratio": 1.72,
            "reinvestment_rate": 73.06,
            "research_to_sale_ratio": 16.47,
            "price_fair": 156.1,
            "eps_avg_yearly": 4.46,
            "eps_latest_yearly": 2.28,
            "eps_growth_yearly": 2278.65
        },
        "20112": {
            "year_quarter": 20112,
            "year": 2011,
            "quarter": 2,
            "eps": 1.25,
            "eps_growth_year": 15.18,
            "eps_4q": 2.65,
            "eps_4q_growth_year": -46.56,
            "roe": 3.74,
            "roe_4q": 7.890000000000001,
            "gross_profit": 2423461,
            "gross_margin": 38.26,
            "gross_margin_4q_avg": 36.79,
            "net_income": 625632,
            "net_income_4q": null,
            "revenue": 6334380,
            "revenue_4q": null,
            "common_shares": 4853917,
            "book_valuer_per_share": 33.83,
            "book_valuer_per_share_4q_avg": 34.69,
            "equity": 16418784,
            "current_ratio": 217.09,
            "debt_ratio": 31.8,
            "inventory_turnover_ratio": 1.58,
            "account_receivable_turnover_ratio": 1.72,
            "reinvestment_rate": 70.93,
            "research_to_sale_ratio": 17.54,
            "price_fair": 154.56,
            "eps_avg_yearly": 4.42,
            "eps_latest_yearly": 5,
            "eps_growth_yearly": 2300.03
        },
        "20113": {
            "year_quarter": 20113,
            "year": 2011,
            "quarter": 3,
            "eps": 0.83,
            "eps_growth_year": -3.48,
            "eps_4q": 2.68,
            "eps_4q_growth_year": -37.87,
            "roe": 2.44,
            "roe_4q": 7.859999999999999,
            "gross_profit": 2013623,
            "gross_margin": 40.15,
            "gross_margin_4q_avg": 37.04,
            "net_income": 408032,
            "net_income_4q": null,
            "revenue": 5014854,
            "revenue_4q": null,
            "common_shares": 4921313,
            "book_valuer_per_share": 34.52,
            "book_valuer_per_share_4q_avg": 34.53,
            "equity": 16990331,
            "current_ratio": 197.35,
            "debt_ratio": 36.1,
            "inventory_turnover_ratio": 1.04,
            "account_receivable_turnover_ratio": 1.39,
            "reinvestment_rate": 82.78,
            "research_to_sale_ratio": 22.18,
            "price_fair": 136.36,
            "eps_avg_yearly": 3.9,
            "eps_latest_yearly": 3.32,
            "eps_growth_yearly": 2263.94
        },
        "20114": {
            "year_quarter": 20114,
            "year": 2011,
            "quarter": 4,
            "eps": 0.57,
            "eps_growth_year": 4106.83,
            "eps_4q": 3.24,
            "eps_4q_growth_year": -6.04,
            "roe": 1.65,
            "roe_4q": 9.47,
            "gross_profit": 2136283,
            "gross_margin": 41.46,
            "gross_margin_4q_avg": 38.42,
            "net_income": 281894,
            "net_income_4q": null,
            "revenue": 5153152,
            "revenue_4q": null,
            "common_shares": 4921313,
            "book_valuer_per_share": 35.1,
            "book_valuer_per_share_4q_avg": 34.63,
            "equity": 17273659,
            "current_ratio": 217.06,
            "debt_ratio": 32.38,
            "inventory_turnover_ratio": 0.97,
            "account_receivable_turnover_ratio": 1.64,
            "reinvestment_rate": 57.51,
            "research_to_sale_ratio": 23.99,
            "price_fair": 131.22,
            "eps_avg_yearly": 3.75,
            "eps_latest_yearly": 2.28,
            "eps_growth_yearly": 2046.74
        },
        "20121": {
            "year_quarter": 20121,
            "year": 2012,
            "quarter": 1,
            "eps": 1.14,
            "eps_growth_year": 100,
            "eps_4q": 3.81,
            "eps_4q_growth_year": 48.05,
            "roe": 3.21,
            "roe_4q": 11.04,
            "gross_profit": 2169878,
            "gross_margin": 40.69,
            "gross_margin_4q_avg": 40.14,
            "net_income": 560550,
            "net_income_4q": null,
            "revenue": 5332474,
            "revenue_4q": null,
            "common_shares": 4921313,
            "book_valuer_per_share": 35.9,
            "book_valuer_per_share_4q_avg": 34.84,
            "equity": 17667003,
            "current_ratio": 209.16,
            "debt_ratio": 34.93,
            "inventory_turnover_ratio": 1.13,
            "account_receivable_turnover_ratio": 1.72,
            "reinvestment_rate": 52,
            "research_to_sale_ratio": 20.86,
            "price_fair": 133.58,
            "eps_avg_yearly": 3.82,
            "eps_latest_yearly": 4.56,
            "eps_growth_yearly": 1909.51
        },
        "20122": {
            "year_quarter": 20122,
            "year": 2012,
            "quarter": 2,
            "eps": 1.16,
            "eps_growth_year": -7.25,
            "eps_4q": 3.63,
            "eps_4q_growth_year": 37.15,
            "roe": 3.36,
            "roe_4q": 10.66,
            "gross_profit": 2701555,
            "gross_margin": 40.91,
            "gross_margin_4q_avg": 40.8,
            "net_income": 585883,
            "net_income_4q": null,
            "revenue": 6603443,
            "revenue_4q": null,
            "common_shares": 4921313,
            "book_valuer_per_share": 35.02,
            "book_valuer_per_share_4q_avg": 35.14,
            "equity": 17235742,
            "current_ratio": 180.95,
            "debt_ratio": 41.91,
            "inventory_turnover_ratio": 1.44,
            "account_receivable_turnover_ratio": 1.9,
            "reinvestment_rate": 38.69,
            "research_to_sale_ratio": 18.45,
            "price_fair": 135.8,
            "eps_avg_yearly": 3.88,
            "eps_latest_yearly": 4.64,
            "eps_growth_yearly": 1763.16
        },
        "20123": {
            "year_quarter": 20123,
            "year": 2012,
            "quarter": 3,
            "eps": 1.25,
            "eps_growth_year": 51.01,
            "eps_4q": 4.12,
            "eps_4q_growth_year": 53.76,
            "roe": 3.57,
            "roe_4q": 11.790000000000001,
            "gross_profit": 2758845,
            "gross_margin": 42.44,
            "gross_margin_4q_avg": 41.38,
            "net_income": 624501,
            "net_income_4q": null,
            "revenue": 6500198,
            "revenue_4q": null,
            "common_shares": 4987795,
            "book_valuer_per_share": 35.51,
            "book_valuer_per_share_4q_avg": 35.38,
            "equity": 17714117,
            "current_ratio": 193.05,
            "debt_ratio": 39.51,
            "inventory_turnover_ratio": 1.38,
            "account_receivable_turnover_ratio": 1.66,
            "reinvestment_rate": 37.43,
            "research_to_sale_ratio": 21.77,
            "price_fair": 138.6,
            "eps_avg_yearly": 3.96,
            "eps_latest_yearly": 5,
            "eps_growth_yearly": 1639.44
        },
        "20124": {
            "year_quarter": 20124,
            "year": 2012,
            "quarter": 4,
            "eps": 0.97,
            "eps_growth_year": 68.92,
            "eps_4q": 4.52,
            "eps_4q_growth_year": 39.62,
            "roe": 2.69,
            "roe_4q": 12.829999999999998,
            "gross_profit": 2493166,
            "gross_margin": 40.36,
            "gross_margin_4q_avg": 41.1,
            "net_income": 482602,
            "net_income_4q": null,
            "revenue": 6177421,
            "revenue_4q": null,
            "common_shares": 4987795,
            "book_valuer_per_share": 36.33,
            "book_valuer_per_share_4q_avg": 35.69,
            "equity": 18133108,
            "current_ratio": 235.35,
            "debt_ratio": 31.6,
            "inventory_turnover_ratio": 1.29,
            "account_receivable_turnover_ratio": 1.72,
            "reinvestment_rate": 31.57,
            "research_to_sale_ratio": 20.92,
            "price_fair": 138.41,
            "eps_avg_yearly": 3.95,
            "eps_latest_yearly": 3.88,
            "eps_growth_yearly": 1524.17
        },
        "20131": {
            "year_quarter": 20131,
            "year": 2013,
            "quarter": 1,
            "eps": 1.46,
            "eps_growth_year": 28.07,
            "eps_4q": 4.86,
            "eps_4q_growth_year": 27.46,
            "roe": 3.97,
            "roe_4q": 13.59,
            "gross_profit": 3025187,
            "gross_margin": 44.86,
            "gross_margin_4q_avg": 42.14,
            "net_income": 730563,
            "net_income_4q": null,
            "revenue": 6743689,
            "revenue_4q": null,
            "common_shares": 4987795,
            "book_valuer_per_share": 37.5,
            "book_valuer_per_share_4q_avg": 36.09,
            "equity": 18714974,
            "current_ratio": 245.56,
            "debt_ratio": 33.68,
            "inventory_turnover_ratio": 1.19,
            "account_receivable_turnover_ratio": 2.09,
            "reinvestment_rate": 31.25,
            "research_to_sale_ratio": 22.85,
            "price_fair": 142.54,
            "eps_avg_yearly": 4.07,
            "eps_latest_yearly": 5.84,
            "eps_growth_yearly": 1441.54
        },
        "20132": {
            "year_quarter": 20132,
            "year": 2013,
            "quarter": 2,
            "eps": 1.56,
            "eps_growth_year": 34.69,
            "eps_4q": 5.11,
            "eps_4q_growth_year": 40.88,
            "roe": 4.23,
            "roe_4q": 14.46,
            "gross_profit": 2981683,
            "gross_margin": 42.86,
            "gross_margin_4q_avg": 42.63,
            "net_income": 778592,
            "net_income_4q": null,
            "revenue": 6956161,
            "revenue_4q": null,
            "common_shares": 4987795,
            "book_valuer_per_share": 36.2,
            "book_valuer_per_share_4q_avg": 36.39,
            "equity": 18068071,
            "current_ratio": 183.96,
            "debt_ratio": 45.6,
            "inventory_turnover_ratio": 1.21,
            "account_receivable_turnover_ratio": 2.01,
            "reinvestment_rate": 28.55,
            "research_to_sale_ratio": 23.21,
            "price_fair": 147.35,
            "eps_avg_yearly": 4.21,
            "eps_latest_yearly": 6.24,
            "eps_growth_yearly": 1435.46
        },
        "20133": {
            "year_quarter": 20133,
            "year": 2013,
            "quarter": 3,
            "eps": 1.64,
            "eps_growth_year": 30.98,
            "eps_4q": 5.58,
            "eps_4q_growth_year": 35.64,
            "roe": 4.5,
            "roe_4q": 15.39,
            "gross_profit": 3034404,
            "gross_margin": 42.28,
            "gross_margin_4q_avg": 42.59,
            "net_income": 827206,
            "net_income_4q": null,
            "revenue": 7176916,
            "revenue_4q": null,
            "common_shares": 5049513,
            "book_valuer_per_share": 36.93,
            "book_valuer_per_share_4q_avg": 36.74,
            "equity": 18658678,
            "current_ratio": 191.44,
            "debt_ratio": 44.72,
            "inventory_turnover_ratio": 1.26,
            "account_receivable_turnover_ratio": 1.93,
            "reinvestment_rate": 23.49,
            "research_to_sale_ratio": 22.75,
            "price_fair": 146.3,
            "eps_avg_yearly": 4.18,
            "eps_latest_yearly": 6.56,
            "eps_growth_yearly": 1418.18
        },
        "20134": {
            "year_quarter": 20134,
            "year": 2013,
            "quarter": 4,
            "eps": 1.38,
            "eps_growth_year": 43.08,
            "eps_4q": 6.01,
            "eps_4q_growth_year": 33.05,
            "roe": 3.66,
            "roe_4q": 16.36,
            "gross_profit": 3130648,
            "gross_margin": 42.87,
            "gross_margin_4q_avg": 43.22,
            "net_income": 698968,
            "net_income_4q": null,
            "revenue": 7303244,
            "revenue_4q": null,
            "common_shares": 5049513,
            "book_valuer_per_share": 38.65,
            "book_valuer_per_share_4q_avg": 37.32,
            "equity": 19523759,
            "current_ratio": 200.24,
            "debt_ratio": 42.79,
            "inventory_turnover_ratio": 1.38,
            "account_receivable_turnover_ratio": 1.87,
            "reinvestment_rate": -3.99,
            "research_to_sale_ratio": 25.63,
            "price_fair": 150.5,
            "eps_avg_yearly": 4.3,
            "eps_latest_yearly": 5.52,
            "eps_growth_yearly": 1426.43
        },
        "20141": {
            "year_quarter": 20141,
            "year": 2014,
            "quarter": 1,
            "eps": 1.62,
            "eps_growth_year": 10.96,
            "eps_4q": 6.19,
            "eps_4q_growth_year": 27.36,
            "roe": 4.08,
            "roe_4q": 16.47,
            "gross_profit": 3212685,
            "gross_margin": 43.86,
            "gross_margin_4q_avg": 42.97,
            "net_income": 820013,
            "net_income_4q": null,
            "revenue": 7325508,
            "revenue_4q": null,
            "common_shares": 5049513,
            "book_valuer_per_share": 40.9,
            "book_valuer_per_share_4q_avg": 38.17,
            "equity": 20661294,
            "current_ratio": 197.75,
            "debt_ratio": 43.18,
            "inventory_turnover_ratio": 1.43,
            "account_receivable_turnover_ratio": 1.94,
            "reinvestment_rate": -1.45,
            "research_to_sale_ratio": 23.71,
            "price_fair": 151.81,
            "eps_avg_yearly": 4.34,
            "eps_latest_yearly": 6.48,
            "eps_growth_yearly": 1414.94
        },
        "20142": {
            "year_quarter": 20142,
            "year": 2014,
            "quarter": 2,
            "eps": 2.01,
            "eps_growth_year": 28.85,
            "eps_4q": 6.65,
            "eps_4q_growth_year": 30.1,
            "roe": 5.12,
            "roe_4q": 17.36,
            "gross_profit": 3624216,
            "gross_margin": 44.88,
            "gross_margin_4q_avg": 43.47,
            "net_income": 1013555,
            "net_income_4q": null,
            "revenue": 8075002,
            "revenue_4q": null,
            "common_shares": 5049513,
            "book_valuer_per_share": 37.46,
            "book_valuer_per_share_4q_avg": 38.49,
            "equity": 18923060,
            "current_ratio": 169.95,
            "debt_ratio": 50.19,
            "inventory_turnover_ratio": 1.53,
            "account_receivable_turnover_ratio": 2.09,
            "reinvestment_rate": -5.63,
            "research_to_sale_ratio": 24.76,
            "price_fair": 159.95,
            "eps_avg_yearly": 4.57,
            "eps_latest_yearly": 8.04,
            "eps_growth_yearly": 1427.6
        },
        "20143": {
            "year_quarter": 20143,
            "year": 2014,
            "quarter": 3,
            "eps": 2.98,
            "eps_growth_year": 81.71,
            "eps_4q": 7.99,
            "eps_4q_growth_year": 43.2,
            "roe": 7.59,
            "roe_4q": 20.45,
            "gross_profit": 3613807,
            "gross_margin": 43.54,
            "gross_margin_4q_avg": 43.79,
            "net_income": 1503962,
            "net_income_4q": null,
            "revenue": 8300440,
            "revenue_4q": null,
            "common_shares": 5049513,
            "book_valuer_per_share": 40.97,
            "book_valuer_per_share_4q_avg": 39.5,
            "equity": 20700084,
            "current_ratio": 168.61,
            "debt_ratio": 51.07,
            "inventory_turnover_ratio": 1.6,
            "account_receivable_turnover_ratio": 1.88,
            "reinvestment_rate": -2.68,
            "research_to_sale_ratio": 25.07,
            "price_fair": 178.5,
            "eps_avg_yearly": 5.1,
            "eps_latest_yearly": 11.92,
            "eps_growth_yearly": 1444.75
        },
        "20144": {
            "year_quarter": 20144,
            "year": 2014,
            "quarter": 4,
            "eps": 1.1,
            "eps_growth_year": -20.63,
            "eps_4q": 7.71,
            "eps_4q_growth_year": 28.24,
            "roe": 2.59,
            "roe_4q": 19.380000000000003,
            "gross_profit": 3201153,
            "gross_margin": 42.33,
            "gross_margin_4q_avg": 43.65,
            "net_income": 554821,
            "net_income_4q": null,
            "revenue": 7562348,
            "revenue_4q": null,
            "common_shares": 5049513,
            "book_valuer_per_share": 43.76,
            "book_valuer_per_share_4q_avg": 40.77,
            "equity": 22106156,
            "current_ratio": 187.61,
            "debt_ratio": 46.18,
            "inventory_turnover_ratio": 1.27,
            "account_receivable_turnover_ratio": 1.83,
            "reinvestment_rate": -2.81,
            "research_to_sale_ratio": 26.99,
            "price_fair": 188.04,
            "eps_avg_yearly": 5.37,
            "eps_latest_yearly": 4.4,
            "eps_growth_yearly": 1453.69
        },
        "20151": {
            "year_quarter": 20151,
            "year": 2015,
            "quarter": 1,
            "eps": 1.47,
            "eps_growth_year": -9.26,
            "eps_4q": 7.55,
            "eps_4q_growth_year": 22.04,
            "roe": 3.32,
            "roe_4q": 18.62,
            "gross_profit": 3287467,
            "gross_margin": 44.15,
            "gross_margin_4q_avg": 43.73,
            "net_income": 741110,
            "net_income_4q": null,
            "revenue": 7446052,
            "revenue_4q": null,
            "common_shares": 5049513,
            "book_valuer_per_share": 44.75,
            "book_valuer_per_share_4q_avg": 41.74,
            "equity": 22604697,
            "current_ratio": 174.15,
            "debt_ratio": 50.27,
            "inventory_turnover_ratio": 1.02,
            "account_receivable_turnover_ratio": 2.21,
            "reinvestment_rate": -6.48,
            "research_to_sale_ratio": 26.7,
            "price_fair": 195.91,
            "eps_avg_yearly": 5.6,
            "eps_latest_yearly": 5.88,
            "eps_growth_yearly": 62.1
        },
        "20152": {
            "year_quarter": 20152,
            "year": 2015,
            "quarter": 2,
            "eps": 0.72,
            "eps_growth_year": -64.18,
            "eps_4q": 6.27,
            "eps_4q_growth_year": -5.8,
            "roe": 1.72,
            "roe_4q": 15.219999999999999,
            "gross_profit": 2981014,
            "gross_margin": 41.7,
            "gross_margin_4q_avg": 42.93,
            "net_income": 364871,
            "net_income_4q": null,
            "revenue": 7148073,
            "revenue_4q": null,
            "common_shares": 5049513,
            "book_valuer_per_share": 39.03,
            "book_valuer_per_share_4q_avg": 42.13,
            "equity": 19717318,
            "current_ratio": 147.83,
            "debt_ratio": 57.28,
            "inventory_turnover_ratio": 0.89,
            "account_receivable_turnover_ratio": 2.3,
            "reinvestment_rate": -3.02,
            "research_to_sale_ratio": 28.17,
            "price_fair": 161.33,
            "eps_avg_yearly": 5.47,
            "eps_latest_yearly": 2.88,
            "eps_growth_yearly": 19.52
        },
        "20153": {
            "year_quarter": 20153,
            "year": 2015,
            "quarter": 3,
            "eps": 1.19,
            "eps_growth_year": -60.07,
            "eps_4q": 4.48,
            "eps_4q_growth_year": -43.99,
            "roe": 2.9,
            "roe_4q": 10.53,
            "gross_profit": 3328182,
            "gross_margin": 42.07,
            "gross_margin_4q_avg": 42.56,
            "net_income": 599903,
            "net_income_4q": null,
            "revenue": 7911458,
            "revenue_4q": null,
            "common_shares": 5049513,
            "book_valuer_per_share": 42.73,
            "book_valuer_per_share_4q_avg": 42.57,
            "equity": 21587184,
            "current_ratio": 162.83,
            "debt_ratio": 53.1,
            "inventory_turnover_ratio": 1,
            "account_receivable_turnover_ratio": 2.35,
            "reinvestment_rate": -3.42,
            "research_to_sale_ratio": 29.36,
            "price_fair": 194.43,
            "eps_avg_yearly": 5.56,
            "eps_latest_yearly": 4.76,
            "eps_growth_yearly": 44.24
        },
        "20154": {
            "year_quarter": 20154,
            "year": 2015,
            "quarter": 4,
            "eps": 1.43,
            "eps_growth_year": 30.12,
            "eps_4q": 4.81,
            "eps_4q_growth_year": -37.62,
            "roe": 3.29,
            "roe_4q": 11.229999999999999,
            "gross_profit": 3993702,
            "gross_margin": 43.22,
            "gross_margin_4q_avg": 42.79,
            "net_income": 721989,
            "net_income_4q": null,
            "revenue": 9240226,
            "revenue_4q": null,
            "common_shares": 5049513,
            "book_valuer_per_share": 44.12,
            "book_valuer_per_share_4q_avg": 42.66,
            "equity": 22289881,
            "current_ratio": 158.14,
            "debt_ratio": 52.52,
            "inventory_turnover_ratio": 1.43,
            "account_receivable_turnover_ratio": 2.49,
            "reinvestment_rate": 1.03,
            "research_to_sale_ratio": 27.89,
            "price_fair": 201.95,
            "eps_avg_yearly": 5.77,
            "eps_latest_yearly": 5.72,
            "eps_growth_yearly": 57.11
        },
        "20161": {
            "year_quarter": 20161,
            "year": 2016,
            "quarter": 1,
            "eps": 1.17,
            "eps_growth_year": -20.41,
            "eps_4q": 4.51,
            "eps_4q_growth_year": -40.28,
            "roe": 2.64,
            "roe_4q": 10.55,
            "gross_profit": 3950558,
            "gross_margin": 43.96,
            "gross_margin_4q_avg": 42.74,
            "net_income": 590892,
            "net_income_4q": null,
            "revenue": 8987184,
            "revenue_4q": null,
            "common_shares": 5049513,
            "book_valuer_per_share": 44.43,
            "book_valuer_per_share_4q_avg": 42.58,
            "equity": 22442244,
            "current_ratio": 157.4,
            "debt_ratio": 52.02,
            "inventory_turnover_ratio": 1.53,
            "account_receivable_turnover_ratio": 2.58,
            "reinvestment_rate": 3.23,
            "research_to_sale_ratio": 27.59,
            "price_fair": 202.21,
            "eps_avg_yearly": 5.78,
            "eps_latest_yearly": 4.68,
            "eps_growth_yearly": 27.57
        },
        "20162": {
            "year_quarter": 20162,
            "year": 2016,
            "quarter": 2,
            "eps": 2.02,
            "eps_growth_year": 180.56,
            "eps_4q": 5.8,
            "eps_4q_growth_year": -7.4,
            "roe": 4.65,
            "roe_4q": 13.480000000000002,
            "gross_profit": 4394449,
            "gross_margin": 44.63,
            "gross_margin_4q_avg": 43.47,
            "net_income": 1017762,
            "net_income_4q": null,
            "revenue": 9846807,
            "revenue_4q": null,
            "common_shares": 5049513,
            "book_valuer_per_share": 42.3,
            "book_valuer_per_share_4q_avg": 43.4,
            "equity": 21368676,
            "current_ratio": 143.69,
            "debt_ratio": 58.3,
            "inventory_turnover_ratio": 1.48,
            "account_receivable_turnover_ratio": 2.87,
            "reinvestment_rate": 4.63,
            "research_to_sale_ratio": 26.2,
            "price_fair": 209.74,
            "eps_avg_yearly": 5.99,
            "eps_latest_yearly": 8.08,
            "eps_growth_yearly": 45.29
        },
        "20163": {
            "year_quarter": 20163,
            "year": 2016,
            "quarter": 3,
            "eps": 1.48,
            "eps_growth_year": 24.37,
            "eps_4q": 6.1,
            "eps_4q_growth_year": 36.22,
            "roe": 3.49,
            "roe_4q": 14.07,
            "gross_profit": 4297874,
            "gross_margin": 41.81,
            "gross_margin_4q_avg": 43.41,
            "net_income": 748968,
            "net_income_4q": null,
            "revenue": 10279361,
            "revenue_4q": null,
            "common_shares": 5049513,
            "book_valuer_per_share": 42.6,
            "book_valuer_per_share_4q_avg": 43.36,
            "equity": 21520600,
            "current_ratio": 145.45,
            "debt_ratio": 58.9,
            "inventory_turnover_ratio": 1.5,
            "account_receivable_turnover_ratio": 2.62,
            "reinvestment_rate": 0.48,
            "research_to_sale_ratio": 25.62,
            "price_fair": 211.75,
            "eps_avg_yearly": 6.05,
            "eps_latest_yearly": 5.92,
            "eps_growth_yearly": 36.67
        },
        "20164": {
            "year_quarter": 20164,
            "year": 2016,
            "quarter": 4,
            "eps": 1.35,
            "eps_growth_year": -5.51,
            "eps_4q": 6.02,
            "eps_4q_growth_year": 25.2,
            "roe": 3.08,
            "roe_4q": 13.860000000000001,
            "gross_profit": 4253856,
            "gross_margin": 43.4,
            "gross_margin_4q_avg": 43.45,
            "net_income": 682215,
            "net_income_4q": null,
            "revenue": 9800679,
            "revenue_4q": null,
            "common_shares": 5049513,
            "book_valuer_per_share": 45.18,
            "book_valuer_per_share_4q_avg": 43.63,
            "equity": 22824772,
            "current_ratio": 150.73,
            "debt_ratio": 58.89,
            "inventory_turnover_ratio": 1.31,
            "account_receivable_turnover_ratio": 2.51,
            "reinvestment_rate": -4.86,
            "research_to_sale_ratio": 30.61,
            "price_fair": 215.08,
            "eps_avg_yearly": 6.15,
            "eps_latest_yearly": 5.4,
            "eps_growth_yearly": 40.07
        },
        "20171": {
            "year_quarter": 20171,
            "year": 2017,
            "quarter": 1,
            "eps": 1,
            "eps_growth_year": -14.53,
            "eps_4q": 5.85,
            "eps_4q_growth_year": 29.78,
            "roe": 2.28,
            "roe_4q": 13.5,
            "gross_profit": 4250725,
            "gross_margin": 42.58,
            "gross_margin_4q_avg": 43.11,
            "net_income": 506977,
            "net_income_4q": null,
            "revenue": 9983438,
            "revenue_4q": null,
            "common_shares": 5049513,
            "book_valuer_per_share": 42.98,
            "book_valuer_per_share_4q_avg": 43.27,
            "equity": 21712472,
            "current_ratio": 158.07,
            "debt_ratio": 55.02,
            "inventory_turnover_ratio": 1.25,
            "account_receivable_turnover_ratio": 2.86,
            "reinvestment_rate": -5.38,
            "research_to_sale_ratio": 26.47,
            "price_fair": 186.7,
            "eps_avg_yearly": 6.03,
            "eps_latest_yearly": 4,
            "eps_growth_yearly": 20.96
        },
        "20172": {
            "year_quarter": 20172,
            "year": 2017,
            "quarter": 2,
            "eps": 1.85,
            "eps_growth_year": -8.42,
            "eps_4q": 5.69,
            "eps_4q_growth_year": -2.01,
            "roe": 4.44,
            "roe_4q": 13.290000000000001,
            "gross_profit": 4320579,
            "gross_margin": 43.42,
            "gross_margin_4q_avg": 42.8,
            "net_income": 933546,
            "net_income_4q": null,
            "revenue": 9951521,
            "revenue_4q": null,
            "common_shares": 5049513,
            "book_valuer_per_share": 40.18,
            "book_valuer_per_share_4q_avg": 42.74,
            "equity": 20296577,
            "current_ratio": 142.74,
            "debt_ratio": 61.86,
            "inventory_turnover_ratio": 1.08,
            "account_receivable_turnover_ratio": 2.7,
            "reinvestment_rate": -4.99,
            "research_to_sale_ratio": 27.46,
            "price_fair": 213.59,
            "eps_avg_yearly": 6.1,
            "eps_latest_yearly": 7.4,
            "eps_growth_yearly": 40.5
        },
        "20173": {
            "year_quarter": 20173,
            "year": 2017,
            "quarter": 3,
            "eps": 2.28,
            "eps_growth_year": 54.05,
            "eps_4q": 6.47,
            "eps_4q_growth_year": 6.07,
            "roe": 5.52,
            "roe_4q": 15.32,
            "gross_profit": 4812803,
            "gross_margin": 43.95,
            "gross_margin_4q_avg": 43.34,
            "net_income": 1153985,
            "net_income_4q": null,
            "revenue": 10951458,
            "revenue_4q": null,
            "common_shares": 5065062,
            "book_valuer_per_share": 42.47,
            "book_valuer_per_share_4q_avg": 42.7,
            "equity": 21518740,
            "current_ratio": 149.96,
            "debt_ratio": 59.05,
            "inventory_turnover_ratio": 1.01,
            "account_receivable_turnover_ratio": 2.43,
            "reinvestment_rate": -3.11,
            "research_to_sale_ratio": 27.55,
            "price_fair": 219.19,
            "eps_avg_yearly": 6.26,
            "eps_latest_yearly": 9.12,
            "eps_growth_yearly": 45.03
        },
        "20174": {
            "year_quarter": 20174,
            "year": 2017,
            "quarter": 4,
            "eps": 1.57,
            "eps_growth_year": 16.56,
            "eps_4q": 6.7,
            "eps_4q_growth_year": 11.25,
            "roe": 3.68,
            "roe_4q": 15.92,
            "gross_profit": 4519315,
            "gross_margin": 41.84,
            "gross_margin_4q_avg": 42.95,
            "net_income": 797652,
            "net_income_4q": null,
            "revenue": 10801604,
            "revenue_4q": null,
            "common_shares": 5065062,
            "book_valuer_per_share": 43.14,
            "book_valuer_per_share_4q_avg": 42.19,
            "equity": 21859112,
            "current_ratio": 152.75,
            "debt_ratio": 58.21,
            "inventory_turnover_ratio": 1.07,
            "account_receivable_turnover_ratio": 2.37,
            "reinvestment_rate": -4,
            "research_to_sale_ratio": 28.26,
            "price_fair": 220.85,
            "eps_avg_yearly": 6.31,
            "eps_latest_yearly": 6.28,
            "eps_growth_yearly": 41.21
        },
        "20181": {
            "year_quarter": 20181,
            "year": 2018,
            "quarter": 1,
            "eps": 1.66,
            "eps_growth_year": 66,
            "eps_4q": 7.33,
            "eps_4q_growth_year": 25.27,
            "roe": 3.8,
            "roe_4q": 17.44,
            "gross_profit": 4452580,
            "gross_margin": 41.9,
            "gross_margin_4q_avg": 42.78,
            "net_income": 840660,
            "net_income_4q": null,
            "revenue": 10626366,
            "revenue_4q": null,
            "common_shares": 5080955,
            "book_valuer_per_share": 44.15,
            "book_valuer_per_share_4q_avg": 42.49,
            "equity": 22440507,
            "current_ratio": 157.16,
            "debt_ratio": 56.06,
            "inventory_turnover_ratio": 1.18,
            "account_receivable_turnover_ratio": 2.01,
            "reinvestment_rate": -19.42,
            "research_to_sale_ratio": 27.94,
            "price_fair": 221.2,
            "eps_avg_yearly": 6.32,
            "eps_latest_yearly": 6.64,
            "eps_growth_yearly": 38.29
        },
        "20182": {
            "year_quarter": 20182,
            "year": 2018,
            "quarter": 2,
            "eps": 1.97,
            "eps_growth_year": 6.49,
            "eps_4q": 7.47,
            "eps_4q_growth_year": 31.3,
            "roe": 4.49,
            "roe_4q": 17.49,
            "gross_profit": 4959498,
            "gross_margin": 44.47,
            "gross_margin_4q_avg": 43.04,
            "net_income": 1001633,
            "net_income_4q": null,
            "revenue": 11151893,
            "revenue_4q": null,
            "common_shares": 5080955,
            "book_valuer_per_share": 43.55,
            "book_valuer_per_share_4q_avg": 43.33,
            "equity": 22136029,
            "current_ratio": 145.73,
            "debt_ratio": 61.57,
            "inventory_turnover_ratio": 1.12,
            "account_receivable_turnover_ratio": 1.66,
            "reinvestment_rate": -19.67,
            "research_to_sale_ratio": 27.91,
            "price_fair": 220.85,
            "eps_avg_yearly": 6.31,
            "eps_latest_yearly": 7.88,
            "eps_growth_yearly": 36.94
        },
        "20183": {
            "year_quarter": 20183,
            "year": 2018,
            "quarter": 3,
            "eps": 2.78,
            "eps_growth_year": 21.93,
            "eps_4q": 7.97,
            "eps_4q_growth_year": 23.27,
            "roe": 6.19,
            "roe_4q": 18.16,
            "gross_profit": 5683028,
            "gross_margin": 47.02,
            "gross_margin_4q_avg": 43.81,
            "net_income": 1411851,
            "net_income_4q": null,
            "revenue": 12085896,
            "revenue_4q": null,
            "common_shares": 5080955,
            "book_valuer_per_share": 46.26,
            "book_valuer_per_share_4q_avg": 44.28,
            "equity": 23512164,
            "current_ratio": 147,
            "debt_ratio": 61.78,
            "inventory_turnover_ratio": 1.03,
            "account_receivable_turnover_ratio": 1.64,
            "reinvestment_rate": -20.91,
            "research_to_sale_ratio": 28.18,
            "price_fair": 219.1,
            "eps_avg_yearly": 6.26,
            "eps_latest_yearly": 11.12,
            "eps_growth_yearly": 35.16
        },
        "20184": {
            "year_quarter": 20184,
            "year": 2018,
            "quarter": 4,
            "eps": 2.16,
            "eps_growth_year": 37.05,
            "eps_4q": 8.56,
            "eps_4q_growth_year": 27.86,
            "roe": 4.55,
            "roe_4q": 19.03,
            "gross_profit": 5365764,
            "gross_margin": 44.93,
            "gross_margin_4q_avg": 44.58,
            "net_income": 1096637,
            "net_income_4q": null,
            "revenue": 11941591,
            "revenue_4q": null,
            "common_shares": 5080955,
            "book_valuer_per_share": 48.49,
            "book_valuer_per_share_4q_avg": 45.61,
            "equity": 24646899,
            "current_ratio": 157.38,
            "debt_ratio": 57.69,
            "inventory_turnover_ratio": 1.07,
            "account_receivable_turnover_ratio": 1.58,
            "reinvestment_rate": -17.5,
            "research_to_sale_ratio": 29.17,
            "price_fair": 228.38,
            "eps_avg_yearly": 6.53,
            "eps_latest_yearly": 8.64,
            "eps_growth_yearly": 45.35
        },
        "20191": {
            "year_quarter": 20191,
            "year": 2019,
            "quarter": 1,
            "eps": 2.71,
            "eps_growth_year": 63.25,
            "eps_4q": 9.62,
            "eps_4q_growth_year": 31.23,
            "roe": 5.43,
            "roe_4q": 20.660000000000004,
            "gross_profit": 5645769,
            "gross_margin": 43.99,
            "gross_margin_4q_avg": 45.1,
            "net_income": 1379233,
            "net_income_4q": null,
            "revenue": 12834642,
            "revenue_4q": null,
            "common_shares": 5080955,
            "book_valuer_per_share": 51.47,
            "book_valuer_per_share_4q_avg": 47.44,
            "equity": 26162180,
            "current_ratio": 157.06,
            "debt_ratio": 58.21,
            "inventory_turnover_ratio": 1.14,
            "account_receivable_turnover_ratio": 1.7,
            "reinvestment_rate": -16.17,
            "research_to_sale_ratio": 27.01,
            "price_fair": 239.23,
            "eps_avg_yearly": 6.84,
            "eps_latest_yearly": 10.84,
            "eps_growth_yearly": 43.31
        },
        "20192": {
            "year_quarter": 20192,
            "year": 2019,
            "quarter": 2,
            "eps": 3.63,
            "eps_growth_year": 84.26,
            "eps_4q": 11.28,
            "eps_4q_growth_year": 51.11,
            "roe": 7.25,
            "roe_4q": 23.42,
            "gross_profit": 6731274,
            "gross_margin": 44.34,
            "gross_margin_4q_avg": 45.07,
            "net_income": 1845226,
            "net_income_4q": null,
            "revenue": 15181554,
            "revenue_4q": null,
            "common_shares": 5080955,
            "book_valuer_per_share": 48.73,
            "book_valuer_per_share_4q_avg": 48.74,
            "equity": 24770742,
            "current_ratio": 140.87,
            "debt_ratio": 64.9,
            "inventory_turnover_ratio": 1.14,
            "account_receivable_turnover_ratio": 1.78,
            "reinvestment_rate": -14.36,
            "research_to_sale_ratio": 25.26,
            "price_fair": 264.69,
            "eps_avg_yearly": 7.56,
            "eps_latest_yearly": 14.52,
            "eps_growth_yearly": 64.55
        },
        "20193": {
            "year_quarter": 20193,
            "year": 2019,
            "quarter": 3,
            "eps": 3.78,
            "eps_growth_year": 35.97,
            "eps_4q": 12.29,
            "eps_4q_growth_year": 54.09,
            "roe": 7.48,
            "roe_4q": 24.71,
            "gross_profit": 6879525,
            "gross_margin": 42.88,
            "gross_margin_4q_avg": 44.04,
            "net_income": 1922437,
            "net_income_4q": null,
            "revenue": 16043111,
            "revenue_4q": null,
            "common_shares": 5080955,
            "book_valuer_per_share": 52.41,
            "book_valuer_per_share_4q_avg": 50.28,
            "equity": 26640263,
            "current_ratio": 142.58,
            "debt_ratio": 64.26,
            "inventory_turnover_ratio": 1.15,
            "account_receivable_turnover_ratio": 1.55,
            "reinvestment_rate": -13.53,
            "research_to_sale_ratio": 24.9,
            "price_fair": 287.35,
            "eps_avg_yearly": 8.21,
            "eps_latest_yearly": 15.12,
            "eps_growth_yearly": 49.27
        },
        "20194": {
            "year_quarter": 20194,
            "year": 2019,
            "quarter": 4,
            "eps": 3.23,
            "eps_growth_year": 49.86,
            "eps_4q": 13.36,
            "eps_4q_growth_year": 56.07,
            "roe": 6.1,
            "roe_4q": 26.259999999999998,
            "gross_profit": 7326748,
            "gross_margin": 43.91,
            "gross_margin_4q_avg": 43.78,
            "net_income": 1643479,
            "net_income_4q": null,
            "revenue": 16684699,
            "revenue_4q": null,
            "common_shares": 5080955,
            "book_valuer_per_share": 53.57,
            "book_valuer_per_share_4q_avg": 51.55,
            "equity": 27228684,
            "current_ratio": 146.21,
            "debt_ratio": 62.92,
            "inventory_turnover_ratio": 1.22,
            "account_receivable_turnover_ratio": 1.54,
            "reinvestment_rate": -15.26,
            "research_to_sale_ratio": 25.41,
            "price_fair": 303.1,
            "eps_avg_yearly": 8.66,
            "eps_latest_yearly": 12.92,
            "eps_growth_yearly": 40.59
        },
        "20201": {
            "year_quarter": 20201,
            "year": 2020,
            "quarter": 1,
            "eps": 3.21,
            "eps_growth_year": 18.45,
            "eps_4q": 13.86,
            "eps_4q_growth_year": 44.03,
            "roe": 5.81,
            "roe_4q": 26.64,
            "gross_profit": 6724462,
            "gross_margin": 42.22,
            "gross_margin_4q_avg": 43.34,
            "net_income": 1631222,
            "net_income_4q": null,
            "revenue": 15928032,
            "revenue_4q": null,
            "common_shares": 5080955,
            "book_valuer_per_share": 56.85,
            "book_valuer_per_share_4q_avg": 52.89,
            "equity": 28895033,
            "current_ratio": 148.55,
            "debt_ratio": 61.99,
            "inventory_turnover_ratio": 1.17,
            "account_receivable_turnover_ratio": 1.5,
            "reinvestment_rate": -13.56,
            "research_to_sale_ratio": 25.99,
            "price_fair": 320.95,
            "eps_avg_yearly": 9.17,
            "eps_latest_yearly": 12.84,
            "eps_growth_yearly": 44.98
        },
        "20202": {
            "year_quarter": 20202,
            "year": 2020,
            "quarter": 2,
            "eps": 3.97,
            "eps_growth_year": 9.37,
            "eps_4q": 14.15,
            "eps_4q_growth_year": 25.38,
            "roe": 7.5,
            "roe_4q": 26.889999999999997,
            "gross_profit": 7759454,
            "gross_margin": 44.75,
            "gross_margin_4q_avg": 43.44,
            "net_income": 2027717,
            "net_income_4q": null,
            "revenue": 17338165,
            "revenue_4q": null,
            "common_shares": 5106849,
            "book_valuer_per_share": 49.23,
            "book_valuer_per_share_4q_avg": 53.02,
            "equity": 25150436,
            "current_ratio": 131.66,
            "debt_ratio": 69.2,
            "inventory_turnover_ratio": 1.07,
            "account_receivable_turnover_ratio": 1.49,
            "reinvestment_rate": -9.91,
            "research_to_sale_ratio": 25.81,
            "price_fair": 338.01,
            "eps_avg_yearly": 9.66,
            "eps_latest_yearly": 15.88,
            "eps_growth_yearly": 32.73
        },
        "20203": {
            "year_quarter": 20203,
            "year": 2020,
            "quarter": 3,
            "eps": 4.91,
            "eps_growth_year": 29.89,
            "eps_4q": 15.3,
            "eps_4q_growth_year": 24.48,
            "roe": 9.53,
            "roe_4q": 28.939999999999998,
            "gross_profit": 9266079,
            "gross_margin": 41.35,
            "gross_margin_4q_avg": 43.06,
            "net_income": 2509339,
            "net_income_4q": null,
            "revenue": 22408776,
            "revenue_4q": null,
            "common_shares": 5106849,
            "book_valuer_per_share": 53.8,
            "book_valuer_per_share_4q_avg": 53.36,
            "equity": 27484963,
            "current_ratio": 136.84,
            "debt_ratio": 66.22,
            "inventory_turnover_ratio": 1.5,
            "account_receivable_turnover_ratio": 1.63,
            "reinvestment_rate": -5.92,
            "research_to_sale_ratio": 23.26,
            "price_fair": 368.03,
            "eps_avg_yearly": 10.52,
            "eps_latest_yearly": 19.64,
            "eps_growth_yearly": 45.34
        },
        "20204": {
            "year_quarter": 20204,
            "year": 2020,
            "quarter": 4,
            "eps": 5.14,
            "eps_growth_year": 58.93,
            "eps_4q": 17.22,
            "eps_4q_growth_year": 28.84,
            "roe": 9.22,
            "roe_4q": 32.06,
            "gross_profit": 9498744,
            "gross_margin": 43.01,
            "gross_margin_4q_avg": 42.83,
            "net_income": 2625248,
            "net_income_4q": null,
            "revenue": 22084497,
            "revenue_4q": null,
            "common_shares": 5106849,
            "book_valuer_per_share": 57.69,
            "book_valuer_per_share_4q_avg": 54.39,
            "equity": 29468746,
            "current_ratio": 144.84,
            "debt_ratio": 62.27,
            "inventory_turnover_ratio": 1.52,
            "account_receivable_turnover_ratio": 1.54,
            "reinvestment_rate": -1.96,
            "research_to_sale_ratio": 23.67,
            "price_fair": 401.19,
            "eps_avg_yearly": 11.46,
            "eps_latest_yearly": 20.56,
            "eps_growth_yearly": 48.7
        },
        "20211": {
            "year_quarter": 20211,
            "year": 2021,
            "quarter": 1,
            "eps": 5.98,
            "eps_growth_year": 86.29,
            "eps_4q": 20.01,
            "eps_4q_growth_year": 44.35,
            "roe": 9.76,
            "roe_4q": 36.01,
            "gross_profit": 10452803,
            "gross_margin": 44.78,
            "gross_margin_4q_avg": 43.47,
            "net_income": 3054771,
            "net_income_4q": null,
            "revenue": 23340746,
            "revenue_4q": null,
            "common_shares": 5106849,
            "book_valuer_per_share": 64.85,
            "book_valuer_per_share_4q_avg": 56.39,
            "equity": 33125583,
            "current_ratio": 149.11,
            "debt_ratio": 60.09,
            "inventory_turnover_ratio": 1.4,
            "account_receivable_turnover_ratio": 1.68,
            "reinvestment_rate": 0.72,
            "research_to_sale_ratio": 24.64,
            "price_fair": 444.76,
            "eps_avg_yearly": 12.71,
            "eps_latest_yearly": 23.92,
            "eps_growth_yearly": 59.27
        },
        "20212": {
            "year_quarter": 20212,
            "year": 2021,
            "quarter": 2,
            "eps": 8.43,
            "eps_growth_year": 112.34,
            "eps_4q": 24.47,
            "eps_4q_growth_year": 72.93,
            "roe": 13.77,
            "roe_4q": 42.28,
            "gross_profit": 13025363,
            "gross_margin": 50.41,
            "gross_margin_4q_avg": 44.89,
            "net_income": 4304693,
            "net_income_4q": null,
            "revenue": 25839083,
            "revenue_4q": null,
            "common_shares": 5106849,
            "book_valuer_per_share": 57.57,
            "book_valuer_per_share_4q_avg": 58.48,
            "equity": 29411899,
            "current_ratio": 128.43,
            "debt_ratio": 69.02,
            "inventory_turnover_ratio": 1.12,
            "account_receivable_turnover_ratio": 1.8,
            "reinvestment_rate": 1.87,
            "research_to_sale_ratio": 26.36,
            "price_fair": 502.34,
            "eps_avg_yearly": 14.35,
            "eps_latest_yearly": 33.72,
            "eps_growth_yearly": 48.26
        },
        "20213": {
            "year_quarter": 20213,
            "year": 2021,
            "quarter": 3,
            "eps": 9.57,
            "eps_growth_year": 94.91,
            "eps_4q": 29.12,
            "eps_4q_growth_year": 90.39,
            "roe": 15.27,
            "roe_4q": 48.019999999999996,
            "gross_profit": 15239172,
            "gross_margin": 52.63,
            "gross_margin_4q_avg": 47.71,
            "net_income": 4887870,
            "net_income_4q": null,
            "revenue": 28954850,
            "revenue_4q": null,
            "common_shares": 5106849,
            "book_valuer_per_share": 67.71,
            "book_valuer_per_share_4q_avg": 61.96,
            "equity": 34587696,
            "current_ratio": 135.16,
            "debt_ratio": 66.09,
            "inventory_turnover_ratio": 0.96,
            "account_receivable_turnover_ratio": 1.85,
            "reinvestment_rate": 2.19,
            "research_to_sale_ratio": 26.6,
            "price_fair": 566.13,
            "eps_avg_yearly": 16.18,
            "eps_latest_yearly": 38.28,
            "eps_growth_yearly": 45.83
        },
        "20214": {
            "year_quarter": 20214,
            "year": 2021,
            "quarter": 4,
            "eps": 9.02,
            "eps_growth_year": 75.43,
            "eps_4q": 33,
            "eps_4q_growth_year": 91.65,
            "roe": 12.53,
            "roe_4q": 51.32999999999999,
            "gross_profit": 14471065,
            "gross_margin": 52.87,
            "gross_margin_4q_avg": 50.17,
            "net_income": 4605477,
            "net_income_4q": null,
            "revenue": 27369607,
            "revenue_4q": null,
            "common_shares": 5106849,
            "book_valuer_per_share": 76.26,
            "book_valuer_per_share_4q_avg": 66.6,
            "equity": 38952324,
            "current_ratio": 146.62,
            "debt_ratio": 61.52,
            "inventory_turnover_ratio": 0.8,
            "account_receivable_turnover_ratio": 1.68,
            "reinvestment_rate": 4.13,
            "research_to_sale_ratio": 28.08,
            "price_fair": 631.31,
            "eps_avg_yearly": 18.04,
            "eps_latest_yearly": 36.08,
            "eps_growth_yearly": 52.18
        },
        "20221": {
            "year_quarter": 20221,
            "year": 2022,
            "quarter": 1,
            "eps": 10.15,
            "eps_growth_year": 69.73,
            "eps_4q": 37.02,
            "eps_4q_growth_year": 85.02,
            "roe": 12.14,
            "roe_4q": 53.709999999999994,
            "gross_profit": 15529681,
            "gross_margin": 52.19,
            "gross_margin_4q_avg": 52.03,
            "net_income": 5186282,
            "net_income_4q": null,
            "revenue": 29756311,
            "revenue_4q": null,
            "common_shares": 5128636,
            "book_valuer_per_share": 90.59,
            "book_valuer_per_share_4q_avg": 73.03,
            "equity": 46469153,
            "current_ratio": 159.08,
            "debt_ratio": 57.16,
            "inventory_turnover_ratio": 0.84,
            "account_receivable_turnover_ratio": 1.87,
            "reinvestment_rate": 7.8,
            "research_to_sale_ratio": 26.72,
            "price_fair": 705.6,
            "eps_avg_yearly": 20.16,
            "eps_latest_yearly": 40.6,
            "eps_growth_yearly": 53.88
        },
        "20222": {
            "year_quarter": 20222,
            "year": 2022,
            "quarter": 2,
            "eps": 9.12,
            "eps_growth_year": 8.19,
            "eps_4q": 37.74,
            "eps_4q_growth_year": 54.27,
            "roe": 10.99,
            "roe_4q": 50.93000000000001,
            "gross_profit": 15301398,
            "gross_margin": 50.17,
            "gross_margin_4q_avg": 51.97,
            "net_income": 4677130,
            "net_income_4q": null,
            "revenue": 30499344,
            "revenue_4q": null,
            "common_shares": 5128636,
            "book_valuer_per_share": 75.28,
            "book_valuer_per_share_4q_avg": 77.46,
            "equity": 38618961,
            "current_ratio": 135.55,
            "debt_ratio": 67.68,
            "inventory_turnover_ratio": 0.82,
            "account_receivable_turnover_ratio": 1.86,
            "reinvestment_rate": 7.94,
            "research_to_sale_ratio": 27.19,
            "price_fair": 768.16,
            "eps_avg_yearly": 21.95,
            "eps_latest_yearly": 36.48,
            "eps_growth_yearly": 46.67
        },
        "20223": {
            "year_quarter": 20223,
            "year": 2022,
            "quarter": 3,
            "eps": 8.2,
            "eps_growth_year": -14.32,
            "eps_4q": 36.41,
            "eps_4q_growth_year": 25.04,
            "roe": 9.87,
            "roe_4q": 45.53,
            "gross_profit": 14303787,
            "gross_margin": 48.04,
            "gross_margin_4q_avg": 50.82,
            "net_income": 4207037,
            "net_income_4q": null,
            "revenue": 29772018,
            "revenue_4q": null,
            "common_shares": 5128636,
            "book_valuer_per_share": 90.92,
            "book_valuer_per_share_4q_avg": 83.26,
            "equity": 46637411,
            "current_ratio": 140.1,
            "debt_ratio": 65.31,
            "inventory_turnover_ratio": 0.69,
            "account_receivable_turnover_ratio": 1.72,
            "reinvestment_rate": 9.08,
            "research_to_sale_ratio": 26.7,
            "price_fair": 815.59,
            "eps_avg_yearly": 23.3,
            "eps_latest_yearly": 32.8,
            "eps_growth_yearly": 33.87
        },
        "20224": {
            "year_quarter": 20224,
            "year": 2022,
            "quarter": 4,
            "eps": 4.16,
            "eps_growth_year": -53.87,
            "eps_4q": 31.6,
            "eps_4q_growth_year": -4.26,
            "roe": 4.57,
            "roe_4q": 37.57,
            "gross_profit": 9499970,
            "gross_margin": 43.65,
            "gross_margin_4q_avg": 48.51,
            "net_income": 2133695,
            "net_income_4q": null,
            "revenue": 21762118,
            "revenue_4q": null,
            "common_shares": 5128636,
            "book_valuer_per_share": 91.16,
            "book_valuer_per_share_4q_avg": 86.99,
            "equity": 46762950,
            "current_ratio": 152.68,
            "debt_ratio": 58.87,
            "inventory_turnover_ratio": 0.49,
            "account_receivable_turnover_ratio": 1.46,
            "reinvestment_rate": 9.27,
            "research_to_sale_ratio": 27.06,
            "price_fair": 833.09,
            "eps_avg_yearly": 23.8,
            "eps_latest_yearly": 16.64,
            "eps_growth_yearly": 27.13
        },
        "20231": {
            "year_quarter": 20231,
            "year": 2023,
            "quarter": 1,
            "eps": 3.5,
            "eps_growth_year": -65.52,
            "eps_4q": 24.98,
            "eps_4q_growth_year": -32.52,
            "roe": 3.78,
            "roe_4q": 29.21,
            "gross_profit": 8465558,
            "gross_margin": 43.14,
            "gross_margin_4q_avg": 46.25,
            "net_income": 1793395,
            "net_income_4q": null,
            "revenue": 19624903,
            "revenue_4q": null,
            "common_shares": 5128636,
            "book_valuer_per_share": 93.78,
            "book_valuer_per_share_4q_avg": 87.79,
            "equity": 48104210,
            "current_ratio": 157.17,
            "debt_ratio": 55.3,
            "inventory_turnover_ratio": 0.48,
            "account_receivable_turnover_ratio": 1.7,
            "reinvestment_rate": 10.18,
            "research_to_sale_ratio": 28.4,
            "price_fair": 643.18,
            "eps_avg_yearly": 24,
            "eps_latest_yearly": 14,
            "eps_growth_yearly": 16.8
        },
        "20232": {
            "year_quarter": 20232,
            "year": 2023,
            "quarter": 2,
            "eps": 5.08,
            "eps_growth_year": -44.3,
            "eps_4q": 20.94,
            "eps_4q_growth_year": -44.51,
            "roe": 6.06,
            "roe_4q": 24.28,
            "gross_profit": 10967976,
            "gross_margin": 41.72,
            "gross_margin_4q_avg": 44.14,
            "net_income": 2607032,
            "net_income_4q": null,
            "revenue": 26290803,
            "revenue_4q": null,
            "common_shares": 5128636,
            "book_valuer_per_share": 73.92,
            "book_valuer_per_share_4q_avg": 87.45,
            "equity": 37921602,
            "current_ratio": 129.86,
            "debt_ratio": 66.31,
            "inventory_turnover_ratio": 0.77,
            "account_receivable_turnover_ratio": 1.99,
            "reinvestment_rate": 9.06,
            "research_to_sale_ratio": 26.23,
            "price_fair": 721.07,
            "eps_avg_yearly": 24.36,
            "eps_latest_yearly": 20.32,
            "eps_growth_yearly": 19.6
        },
        "20233": {
            "year_quarter": 20233,
            "year": 2023,
            "quarter": 3,
            "eps": 5.01,
            "eps_growth_year": -38.9,
            "eps_4q": 17.76,
            "eps_4q_growth_year": -51.24,
            "roe": 6.4,
            "roe_4q": 20.810000000000002,
            "gross_profit": 11209646,
            "gross_margin": 42.02,
            "gross_margin_4q_avg": 42.63,
            "net_income": 2571944,
            "net_income_4q": null,
            "revenue": 26678445,
            "revenue_4q": null,
            "common_shares": 5128636,
            "book_valuer_per_share": 82.81,
            "book_valuer_per_share_4q_avg": 85.42,
            "equity": 42478678,
            "current_ratio": 135.76,
            "debt_ratio": 63,
            "inventory_turnover_ratio": 0.93,
            "account_receivable_turnover_ratio": 1.67,
            "reinvestment_rate": 9.52,
            "research_to_sale_ratio": 26.98,
            "price_fair": 696.19,
            "eps_avg_yearly": 24.67,
            "eps_latest_yearly": 20.04,
            "eps_growth_yearly": 18.22
        },
        "20234": {
            "year_quarter": 20234,
            "year": 2023,
            "quarter": 4,
            "eps": 4.25,
            "eps_growth_year": 2.19,
            "eps_4q": 17.85,
            "eps_4q_growth_year": -43.52,
            "roe": 5.15,
            "roe_4q": 21.39,
            "gross_profit": 10104877,
            "gross_margin": 44.74,
            "gross_margin_4q_avg": 42.91,
            "net_income": 2180467,
            "net_income_4q": null,
            "revenue": 22585125,
            "revenue_4q": null,
            "common_shares": 5128636,
            "book_valuer_per_share": 82.34,
            "book_valuer_per_share_4q_avg": 83.21,
            "equity": 42238162,
            "current_ratio": 149.82,
            "debt_ratio": 54.98,
            "inventory_turnover_ratio": 0.94,
            "account_receivable_turnover_ratio": 1.54,
            "reinvestment_rate": 10.41,
            "research_to_sale_ratio": 29.96,
            "price_fair": 699.53,
            "eps_avg_yearly": 24.93,
            "eps_latest_yearly": 17,
            "eps_growth_yearly": 18.07
        }
    },
    "months": {
        "2001-06": {
            "month": "2001-06",
            "price": "165.80",
            "revenue": 481016
        },
        "2001-07": {
            "month": "2001-07",
            "price": "128.76",
            "revenue": 523950
        },
        "2001-08": {
            "month": "2001-08",
            "price": "114.78",
            "revenue": 608337
        },
        "2001-09": {
            "month": "2001-09",
            "price": "94.00",
            "revenue": 787353
        },
        "2001-10": {
            "month": "2001-10",
            "price": "97.14",
            "revenue": 890695
        },
        "2001-11": {
            "month": "2001-11",
            "price": "115.41",
            "revenue": 743595
        },
        "2001-12": {
            "month": "2001-12",
            "price": "146.83",
            "revenue": 653342
        },
        "2002-01": {
            "month": "2002-01",
            "price": "168.05",
            "revenue": 894440
        },
        "2002-02": {
            "month": "2002-02",
            "price": "177.08",
            "revenue": 578432
        },
        "2002-03": {
            "month": "2002-03",
            "price": "180.48",
            "revenue": 806172
        },
        "2002-04": {
            "month": "2002-04",
            "price": "164.10",
            "revenue": 760647
        },
        "2002-05": {
            "month": "2002-05",
            "price": "155.23",
            "revenue": 677079
        },
        "2002-06": {
            "month": "2002-06",
            "price": "137.42",
            "revenue": 575868
        },
        "2002-07": {
            "month": "2002-07",
            "price": "99.02",
            "revenue": 672409
        },
        "2002-08": {
            "month": "2002-08",
            "price": "104.11",
            "revenue": 762843
        },
        "2002-09": {
            "month": "2002-09",
            "price": "96.15",
            "revenue": 922835
        },
        "2002-10": {
            "month": "2002-10",
            "price": "91.23",
            "revenue": 976273
        },
        "2002-11": {
            "month": "2002-11",
            "price": "96.36",
            "revenue": 863477
        },
        "2002-12": {
            "month": "2002-12",
            "price": "100.25",
            "revenue": 668334
        },
        "2003-01": {
            "month": "2003-01",
            "price": "90.37",
            "revenue": 712286
        },
        "2003-02": {
            "month": "2003-02",
            "price": "79.84",
            "revenue": 666113
        },
        "2003-03": {
            "month": "2003-03",
            "price": "75.55",
            "revenue": 899070
        },
        "2003-04": {
            "month": "2003-04",
            "price": "76.32",
            "revenue": 713234
        },
        "2003-05": {
            "month": "2003-05",
            "price": "67.31",
            "revenue": 594894
        },
        "2003-06": {
            "month": "2003-06",
            "price": "75.32",
            "revenue": 588177
        },
        "2003-07": {
            "month": "2003-07",
            "price": "73.50",
            "revenue": 834747
        },
        "2003-08": {
            "month": "2003-08",
            "price": "73.57",
            "revenue": 907740
        },
        "2003-09": {
            "month": "2003-09",
            "price": "73.93",
            "revenue": 940787
        },
        "2003-10": {
            "month": "2003-10",
            "price": "70.77",
            "revenue": 960866
        },
        "2003-11": {
            "month": "2003-11",
            "price": "65.10",
            "revenue": 858230
        },
        "2003-12": {
            "month": "2003-12",
            "price": "60.48",
            "revenue": 601930
        },
        "2004-01": {
            "month": "2004-01",
            "price": "61.47",
            "revenue": 597283
        },
        "2004-02": {
            "month": "2004-02",
            "price": "61.40",
            "revenue": 727281
        },
        "2004-03": {
            "month": "2004-03",
            "price": "57.15",
            "revenue": 793233
        },
        "2004-04": {
            "month": "2004-04",
            "price": "52.99",
            "revenue": 766558
        },
        "2004-05": {
            "month": "2004-05",
            "price": "41.99",
            "revenue": 685950
        },
        "2004-06": {
            "month": "2004-06",
            "price": "41.30",
            "revenue": 703037
        },
        "2004-07": {
            "month": "2004-07",
            "price": "36.43",
            "revenue": 909723
        },
        "2004-08": {
            "month": "2004-08",
            "price": "38.45",
            "revenue": 917593
        },
        "2004-09": {
            "month": "2004-09",
            "price": "38.47",
            "revenue": 873349
        },
        "2004-10": {
            "month": "2004-10",
            "price": "34.90",
            "revenue": 834579
        },
        "2004-11": {
            "month": "2004-11",
            "price": "34.35",
            "revenue": 816114
        },
        "2004-12": {
            "month": "2004-12",
            "price": "34.00",
            "revenue": 686722
        },
        "2005-01": {
            "month": "2005-01",
            "price": "32.60",
            "revenue": 803849
        },
        "2005-02": {
            "month": "2005-02",
            "price": "34.40",
            "revenue": 519636
        },
        "2005-03": {
            "month": "2005-03",
            "price": "33.47",
            "revenue": 814775
        },
        "2005-04": {
            "month": "2005-04",
            "price": "31.42",
            "revenue": 799628
        },
        "2005-05": {
            "month": "2005-05",
            "price": "30.79",
            "revenue": 778830
        },
        "2005-06": {
            "month": "2005-06",
            "price": "34.18",
            "revenue": 730064
        },
        "2005-07": {
            "month": "2005-07",
            "price": "35.84",
            "revenue": 937284
        },
        "2005-08": {
            "month": "2005-08",
            "price": "36.08",
            "revenue": 1023811
        },
        "2005-09": {
            "month": "2005-09",
            "price": "36.69",
            "revenue": 1131338
        },
        "2005-10": {
            "month": "2005-10",
            "price": "36.63",
            "revenue": 1025601
        },
        "2005-11": {
            "month": "2005-11",
            "price": "36.08",
            "revenue": 1066200
        },
        "2005-12": {
            "month": "2005-12",
            "price": "37.78",
            "revenue": 1005310
        },
        "2006-01": {
            "month": "2006-01",
            "price": "40.86",
            "revenue": 936891
        },
        "2006-02": {
            "month": "2006-02",
            "price": "38.20",
            "revenue": 846138
        },
        "2006-03": {
            "month": "2006-03",
            "price": "36.12",
            "revenue": 893260
        },
        "2006-04": {
            "month": "2006-04",
            "price": "37.63",
            "revenue": 946152
        },
        "2006-05": {
            "month": "2006-05",
            "price": "36.44",
            "revenue": 927682
        },
        "2006-06": {
            "month": "2006-06",
            "price": "32.75",
            "revenue": 987307
        },
        "2006-07": {
            "month": "2006-07",
            "price": "33.80",
            "revenue": 1144368
        },
        "2006-08": {
            "month": "2006-08",
            "price": "38.23",
            "revenue": 1308717
        },
        "2006-09": {
            "month": "2006-09",
            "price": "42.43",
            "revenue": 1384269
        },
        "2006-10": {
            "month": "2006-10",
            "price": "41.58",
            "revenue": 1279948
        },
        "2006-11": {
            "month": "2006-11",
            "price": "49.55",
            "revenue": 1013859
        },
        "2006-12": {
            "month": "2006-12",
            "price": "52.98",
            "revenue": 754786
        },
        "2007-01": {
            "month": "2007-01",
            "price": "55.90",
            "revenue": 1146655
        },
        "2007-02": {
            "month": "2007-02",
            "price": "55.36",
            "revenue": 825919
        },
        "2007-03": {
            "month": "2007-03",
            "price": "65.64",
            "revenue": 1271049
        },
        "2007-04": {
            "month": "2007-04",
            "price": "69.22",
            "revenue": 1268858
        },
        "2007-05": {
            "month": "2007-05",
            "price": "75.15",
            "revenue": 1307221
        },
        "2007-06": {
            "month": "2007-06",
            "price": "122.32",
            "revenue": 1226838
        },
        "2007-07": {
            "month": "2007-07",
            "price": "180.73",
            "revenue": 1546244
        },
        "2007-08": {
            "month": "2007-08",
            "price": "171.54",
            "revenue": 1661970
        },
        "2007-09": {
            "month": "2007-09",
            "price": "156.58",
            "revenue": 1739436
        },
        "2007-10": {
            "month": "2007-10",
            "price": "134.75",
            "revenue": 1431175
        },
        "2007-11": {
            "month": "2007-11",
            "price": "115.57",
            "revenue": 1341730
        },
        "2007-12": {
            "month": "2007-12",
            "price": "110.23",
            "revenue": 941750
        },
        "2008-01": {
            "month": "2008-01",
            "price": "98.83",
            "revenue": 1566404
        },
        "2008-02": {
            "month": "2008-02",
            "price": "89.16",
            "revenue": 1089127
        },
        "2008-03": {
            "month": "2008-03",
            "price": "91.98",
            "revenue": 1544209
        },
        "2008-04": {
            "month": "2008-04",
            "price": "89.96",
            "revenue": 1602042
        },
        "2008-05": {
            "month": "2008-05",
            "price": "91.17",
            "revenue": 1624819
        },
        "2008-06": {
            "month": "2008-06",
            "price": "79.21",
            "revenue": 1447494
        },
        "2008-07": {
            "month": "2008-07",
            "price": "69.03",
            "revenue": 1520153
        },
        "2008-08": {
            "month": "2008-08",
            "price": "72.23",
            "revenue": 1588177
        },
        "2008-09": {
            "month": "2008-09",
            "price": "56.37",
            "revenue": 1681517
        },
        "2008-10": {
            "month": "2008-10",
            "price": "53.22",
            "revenue": 1410897
        },
        "2008-11": {
            "month": "2008-11",
            "price": "38.01",
            "revenue": 916523
        },
        "2008-12": {
            "month": "2008-12",
            "price": "32.30",
            "revenue": 753041
        },
        "2009-01": {
            "month": "2009-01",
            "price": "36.17",
            "revenue": 843358
        },
        "2009-02": {
            "month": "2009-02",
            "price": "36.73",
            "revenue": 1274017
        },
        "2009-03": {
            "month": "2009-03",
            "price": "45.12",
            "revenue": 1572548
        },
        "2009-04": {
            "month": "2009-04",
            "price": "49.16",
            "revenue": 1577484
        },
        "2009-05": {
            "month": "2009-05",
            "price": "65.79",
            "revenue": 1542396
        },
        "2009-06": {
            "month": "2009-06",
            "price": "59.14",
            "revenue": 1858934
        },
        "2009-07": {
            "month": "2009-07",
            "price": "71.26",
            "revenue": 2086313
        },
        "2009-08": {
            "month": "2009-08",
            "price": "70.56",
            "revenue": 2097996
        },
        "2009-09": {
            "month": "2009-09",
            "price": "73.81",
            "revenue": 2151632
        },
        "2009-10": {
            "month": "2009-10",
            "price": "73.15",
            "revenue": 1861986
        },
        "2009-11": {
            "month": "2009-11",
            "price": "78.43",
            "revenue": 1751616
        },
        "2009-12": {
            "month": "2009-12",
            "price": "89.90",
            "revenue": 1653510
        },
        "2010-01": {
            "month": "2010-01",
            "price": "91.70",
            "revenue": 2386032
        },
        "2010-02": {
            "month": "2010-02",
            "price": "85.50",
            "revenue": 1591775
        },
        "2010-03": {
            "month": "2010-03",
            "price": "85.53",
            "revenue": 2271279
        },
        "2010-04": {
            "month": "2010-04",
            "price": "85.60",
            "revenue": 2189994
        },
        "2010-05": {
            "month": "2010-05",
            "price": "75.15",
            "revenue": 1970715
        },
        "2010-06": {
            "month": "2010-06",
            "price": "73.22",
            "revenue": 1817145
        },
        "2010-07": {
            "month": "2010-07",
            "price": "76.20",
            "revenue": 1748411
        },
        "2010-08": {
            "month": "2010-08",
            "price": "71.50",
            "revenue": 1821226
        },
        "2010-09": {
            "month": "2010-09",
            "price": "70.37",
            "revenue": 1756048
        },
        "2010-10": {
            "month": "2010-10",
            "price": "70.63",
            "revenue": 1477694
        },
        "2010-11": {
            "month": "2010-11",
            "price": "69.49",
            "revenue": 1563916
        },
        "2010-12": {
            "month": "2010-12",
            "price": "71.43",
            "revenue": 1676705
        },
        "2011-01": {
            "month": "2011-01",
            "price": "69.16",
            "revenue": 1886159
        },
        "2011-02": {
            "month": "2011-02",
            "price": "60.24",
            "revenue": 1479425
        },
        "2011-03": {
            "month": "2011-03",
            "price": "55.02",
            "revenue": 2028304
        },
        "2011-04": {
            "month": "2011-04",
            "price": "56.81",
            "revenue": 2056868
        },
        "2011-05": {
            "month": "2011-05",
            "price": "61.58",
            "revenue": 2344196
        },
        "2011-06": {
            "month": "2011-06",
            "price": "58.53",
            "revenue": 1933315
        },
        "2011-07": {
            "month": "2011-07",
            "price": "52.73",
            "revenue": 1684978
        },
        "2011-08": {
            "month": "2011-08",
            "price": "46.05",
            "revenue": 1655268
        },
        "2011-09": {
            "month": "2011-09",
            "price": "48.17",
            "revenue": 1674609
        },
        "2011-10": {
            "month": "2011-10",
            "price": "50.82",
            "revenue": 1640452
        },
        "2011-11": {
            "month": "2011-11",
            "price": "47.44",
            "revenue": 1673732
        },
        "2011-12": {
            "month": "2011-12",
            "price": "43.65",
            "revenue": 1838968
        },
        "2012-01": {
            "month": "2012-01",
            "price": "48.82",
            "revenue": 1552789
        },
        "2012-02": {
            "month": "2012-02",
            "price": "59.82",
            "revenue": 1649903
        },
        "2012-03": {
            "month": "2012-03",
            "price": "57.86",
            "revenue": 2129782
        },
        "2012-04": {
            "month": "2012-04",
            "price": "56.86",
            "revenue": 2271958
        },
        "2012-05": {
            "month": "2012-05",
            "price": "60.38",
            "revenue": 2335405
        },
        "2012-06": {
            "month": "2012-06",
            "price": "53.74",
            "revenue": 1996080
        },
        "2012-07": {
            "month": "2012-07",
            "price": "54.16",
            "revenue": 2006813
        },
        "2012-08": {
            "month": "2012-08",
            "price": "55.93",
            "revenue": 2162743
        },
        "2012-09": {
            "month": "2012-09",
            "price": "58.67",
            "revenue": 2330642
        },
        "2012-10": {
            "month": "2012-10",
            "price": "56.07",
            "revenue": 2147577
        },
        "2012-11": {
            "month": "2012-11",
            "price": "56.76",
            "revenue": 2123402
        },
        "2012-12": {
            "month": "2012-12",
            "price": "61.10",
            "revenue": 1906442
        },
        "2013-01": {
            "month": "2013-01",
            "price": "61.94",
            "revenue": 2532013
        },
        "2013-02": {
            "month": "2013-02",
            "price": "70.22",
            "revenue": 1848074
        },
        "2013-03": {
            "month": "2013-03",
            "price": "70.40",
            "revenue": 2363601
        },
        "2013-04": {
            "month": "2013-04",
            "price": "73.58",
            "revenue": 2587289
        },
        "2013-05": {
            "month": "2013-05",
            "price": "85.16",
            "revenue": 2325642
        },
        "2013-06": {
            "month": "2013-06",
            "price": "70.50",
            "revenue": 2043230
        },
        "2013-07": {
            "month": "2013-07",
            "price": "71.80",
            "revenue": 2292171
        },
        "2013-08": {
            "month": "2013-08",
            "price": "68.92",
            "revenue": 2344104
        },
        "2013-09": {
            "month": "2013-09",
            "price": "70.88",
            "revenue": 2540641
        },
        "2013-10": {
            "month": "2013-10",
            "price": "70.29",
            "revenue": 2183343
        },
        "2013-11": {
            "month": "2013-11",
            "price": "70.89",
            "revenue": 2580035
        },
        "2013-12": {
            "month": "2013-12",
            "price": "76.14",
            "revenue": 2539866
        },
        "2014-01": {
            "month": "2014-01",
            "price": "82.62",
            "revenue": 2586726
        },
        "2014-02": {
            "month": "2014-02",
            "price": "85.71",
            "revenue": 2246964
        },
        "2014-03": {
            "month": "2014-03",
            "price": "90.52",
            "revenue": 2491817
        },
        "2014-04": {
            "month": "2014-04",
            "price": "89.06",
            "revenue": 2699440
        },
        "2014-05": {
            "month": "2014-05",
            "price": "90.05",
            "revenue": 2729472
        },
        "2014-06": {
            "month": "2014-06",
            "price": "95.95",
            "revenue": 2646091
        },
        "2014-07": {
            "month": "2014-07",
            "price": "94.85",
            "revenue": 2663253
        },
        "2014-08": {
            "month": "2014-08",
            "price": "105.30",
            "revenue": 2785263
        },
        "2014-09": {
            "month": "2014-09",
            "price": "111.83",
            "revenue": 2851923
        },
        "2014-10": {
            "month": "2014-10",
            "price": "106.52",
            "revenue": 2502437
        },
        "2014-11": {
            "month": "2014-11",
            "price": "99.85",
            "revenue": 2571319
        },
        "2014-12": {
            "month": "2014-12",
            "price": "104.96",
            "revenue": 2488593
        },
        "2015-01": {
            "month": "2015-01",
            "price": "101.32",
            "revenue": 2804194
        },
        "2015-02": {
            "month": "2015-02",
            "price": "98.59",
            "revenue": 2092893
        },
        "2015-03": {
            "month": "2015-03",
            "price": "101.55",
            "revenue": 2548965
        },
        "2015-04": {
            "month": "2015-04",
            "price": "97.91",
            "revenue": 2648445
        },
        "2015-05": {
            "month": "2015-05",
            "price": "92.19",
            "revenue": 2370525
        },
        "2015-06": {
            "month": "2015-06",
            "price": "83.07",
            "revenue": 2129102
        },
        "2015-07": {
            "month": "2015-07",
            "price": "73.92",
            "revenue": 2302723
        },
        "2015-08": {
            "month": "2015-08",
            "price": "57.34",
            "revenue": 2569358
        },
        "2015-09": {
            "month": "2015-09",
            "price": "56.56",
            "revenue": 3039378
        },
        "2015-10": {
            "month": "2015-10",
            "price": "66.59",
            "revenue": 2982596
        },
        "2015-11": {
            "month": "2015-11",
            "price": "71.17",
            "revenue": 3366443
        },
        "2015-12": {
            "month": "2015-12",
            "price": "77.57",
            "revenue": 2891187
        },
        "2016-01": {
            "month": "2016-01",
            "price": "75.83",
            "revenue": 3257032
        },
        "2016-02": {
            "month": "2016-02",
            "price": "84.42",
            "revenue": 2289051
        },
        "2016-03": {
            "month": "2016-03",
            "price": "83.55",
            "revenue": 3441101
        },
        "2016-04": {
            "month": "2016-04",
            "price": "87.31",
            "revenue": 3476643
        },
        "2016-05": {
            "month": "2016-05",
            "price": "89.74",
            "revenue": 3325449
        },
        "2016-06": {
            "month": "2016-06",
            "price": "93.51",
            "revenue": 3044714
        },
        "2016-07": {
            "month": "2016-07",
            "price": "107.10",
            "revenue": 3168056
        },
        "2016-08": {
            "month": "2016-08",
            "price": "124.93",
            "revenue": 3461014
        },
        "2016-09": {
            "month": "2016-09",
            "price": "115.47",
            "revenue": 3650291
        },
        "2016-10": {
            "month": "2016-10",
            "price": "108.20",
            "revenue": 3463970
        },
        "2016-11": {
            "month": "2016-11",
            "price": "104.15",
            "revenue": 3343474
        },
        "2016-12": {
            "month": "2016-12",
            "price": "101.45",
            "revenue": 2993236
        },
        "2017-01": {
            "month": "2017-01",
            "price": "105.22",
            "revenue": 3516214
        },
        "2017-02": {
            "month": "2017-02",
            "price": "113.94",
            "revenue": 3046900
        },
        "2017-03": {
            "month": "2017-03",
            "price": "109.37",
            "revenue": 3420324
        },
        "2017-04": {
            "month": "2017-04",
            "price": "105.75",
            "revenue": 3433425
        },
        "2017-05": {
            "month": "2017-05",
            "price": "102.18",
            "revenue": 3299050
        },
        "2017-06": {
            "month": "2017-06",
            "price": "109.74",
            "revenue": 3219047
        },
        "2017-07": {
            "month": "2017-07",
            "price": "113.02",
            "revenue": 3430779
        },
        "2017-08": {
            "month": "2017-08",
            "price": "111.89",
            "revenue": 3597289
        },
        "2017-09": {
            "month": "2017-09",
            "price": "108.18",
            "revenue": 3923389
        },
        "2017-10": {
            "month": "2017-10",
            "price": "110.34",
            "revenue": 3681813
        },
        "2017-11": {
            "month": "2017-11",
            "price": "115.59",
            "revenue": 3764484
        },
        "2017-12": {
            "month": "2017-12",
            "price": "105.45",
            "revenue": 3355307
        },
        "2018-01": {
            "month": "2018-01",
            "price": "117.02",
            "revenue": 3865058
        },
        "2018-02": {
            "month": "2018-02",
            "price": "113.12",
            "revenue": 3065291
        },
        "2018-03": {
            "month": "2018-03",
            "price": "120.61",
            "revenue": 3696017
        },
        "2018-04": {
            "month": "2018-04",
            "price": "125.61",
            "revenue": 3753531
        },
        "2018-05": {
            "month": "2018-05",
            "price": "113.93",
            "revenue": 3778812
        },
        "2018-06": {
            "month": "2018-06",
            "price": "113.38",
            "revenue": 3619550
        },
        "2018-07": {
            "month": "2018-07",
            "price": "118.45",
            "revenue": 3859402
        },
        "2018-08": {
            "month": "2018-08",
            "price": "138.72",
            "revenue": 4082092
        },
        "2018-09": {
            "month": "2018-09",
            "price": "138.76",
            "revenue": 4144402
        },
        "2018-10": {
            "month": "2018-10",
            "price": "114.59",
            "revenue": 3964092
        },
        "2018-11": {
            "month": "2018-11",
            "price": "128.39",
            "revenue": 4050690
        },
        "2018-12": {
            "month": "2018-12",
            "price": "141.88",
            "revenue": 3926809
        },
        "2019-01": {
            "month": "2019-01",
            "price": "148.69",
            "revenue": 4662891
        },
        "2019-02": {
            "month": "2019-02",
            "price": "174.04",
            "revenue": 3677246
        },
        "2019-03": {
            "month": "2019-03",
            "price": "173.65",
            "revenue": 4494505
        },
        "2019-04": {
            "month": "2019-04",
            "price": "196.92",
            "revenue": 4872021
        },
        "2019-05": {
            "month": "2019-05",
            "price": "211.09",
            "revenue": 5308911
        },
        "2019-06": {
            "month": "2019-06",
            "price": "220.05",
            "revenue": 5000623
        },
        "2019-07": {
            "month": "2019-07",
            "price": "224.57",
            "revenue": 4952171
        },
        "2019-08": {
            "month": "2019-08",
            "price": "208.86",
            "revenue": 5189570
        },
        "2019-09": {
            "month": "2019-09",
            "price": "220.03",
            "revenue": 5901369
        },
        "2019-10": {
            "month": "2019-10",
            "price": "232.10",
            "revenue": 5685914
        },
        "2019-11": {
            "month": "2019-11",
            "price": "229.12",
            "revenue": 5485101
        },
        "2019-12": {
            "month": "2019-12",
            "price": "234.55",
            "revenue": 5513684
        },
        "2020-01": {
            "month": "2020-01",
            "price": "250.27",
            "revenue": 5390129
        },
        "2020-02": {
            "month": "2020-02",
            "price": "246.97",
            "revenue": 5107522
        },
        "2020-03": {
            "month": "2020-03",
            "price": "203.93",
            "revenue": 5430381
        },
        "2020-04": {
            "month": "2020-04",
            "price": "228.72",
            "revenue": 5533446
        },
        "2020-05": {
            "month": "2020-05",
            "price": "249.75",
            "revenue": 5725927
        },
        "2020-06": {
            "month": "2020-06",
            "price": "280.65",
            "revenue": 6078792
        },
        "2020-07": {
            "month": "2020-07",
            "price": "354.17",
            "revenue": 6935184
        },
        "2020-08": {
            "month": "2020-08",
            "price": "396.02",
            "revenue": 7300353
        },
        "2020-09": {
            "month": "2020-09",
            "price": "372.70",
            "revenue": 8173239
        },
        "2020-10": {
            "month": "2020-10",
            "price": "372.87",
            "revenue": 7441680
        },
        "2020-11": {
            "month": "2020-11",
            "price": "365.24",
            "revenue": 7803305
        },
        "2020-12": {
            "month": "2020-12",
            "price": "393.93",
            "revenue": 6839511
        },
        "2021-01": {
            "month": "2021-01",
            "price": "447.35",
            "revenue": 8257933
        },
        "2021-02": {
            "month": "2021-02",
            "price": "486.27",
            "revenue": 7027354
        },
        "2021-03": {
            "month": "2021-03",
            "price": "459.14",
            "revenue": 8055459
        },
        "2021-04": {
            "month": "2021-04",
            "price": "506.50",
            "revenue": 7811945
        },
        "2021-05": {
            "month": "2021-05",
            "price": "476.71",
            "revenue": 8576975
        },
        "2021-06": {
            "month": "2021-06",
            "price": "503.90",
            "revenue": 9450162
        },
        "2021-07": {
            "month": "2021-07",
            "price": "545.75",
            "revenue": 9563140
        },
        "2021-08": {
            "month": "2021-08",
            "price": "561.64",
            "revenue": 9626664
        },
        "2021-09": {
            "month": "2021-09",
            "price": "526.10",
            "revenue": 9765046
        },
        "2021-10": {
            "month": "2021-10",
            "price": "476.82",
            "revenue": 9006940
        },
        "2021-11": {
            "month": "2021-11",
            "price": "526.64",
            "revenue": 9185014
        },
        "2021-12": {
            "month": "2021-12",
            "price": "564.32",
            "revenue": 9177653
        },
        "2022-01": {
            "month": "2022-01",
            "price": "544.94",
            "revenue": 10202856
        },
        "2022-02": {
            "month": "2022-02",
            "price": "489.20",
            "revenue": 9104272
        },
        "2022-03": {
            "month": "2022-03",
            "price": "453.91",
            "revenue": 10449183
        },
        "2022-04": {
            "month": "2022-04",
            "price": "401.76",
            "revenue": 10406994
        },
        "2022-05": {
            "month": "2022-05",
            "price": "423.00",
            "revenue": 10450599
        },
        "2022-06": {
            "month": "2022-06",
            "price": "416.81",
            "revenue": 9641751
        },
        "2022-07": {
            "month": "2022-07",
            "price": "340.10",
            "revenue": 9790003
        },
        "2022-08": {
            "month": "2022-08",
            "price": "349.57",
            "revenue": 10398019
        },
        "2022-09": {
            "month": "2022-09",
            "price": "308.57",
            "revenue": 9583996
        },
        "2022-10": {
            "month": "2022-10",
            "price": "256.35",
            "revenue": 8089070
        },
        "2022-11": {
            "month": "2022-11",
            "price": "302.36",
            "revenue": 7295772
        },
        "2022-12": {
            "month": "2022-12",
            "price": "297.11",
            "revenue": 6377276
        },
        "2023-01": {
            "month": "2023-01",
            "price": "312.54",
            "revenue": 5490954
        },
        "2023-02": {
            "month": "2023-02",
            "price": "356.58",
            "revenue": 6196611
        },
        "2023-03": {
            "month": "2023-03",
            "price": "386.89",
            "revenue": 7937338
        },
        "2023-04": {
            "month": "2023-04",
            "price": "375.74",
            "revenue": 8263019
        },
        "2023-05": {
            "month": "2023-05",
            "price": "372.68",
            "revenue": 9019326
        },
        "2023-06": {
            "month": "2023-06",
            "price": "395.25",
            "revenue": 9008458
        },
        "2023-07": {
            "month": "2023-07",
            "price": "402.50",
            "revenue": 8964637
        },
        "2023-08": {
            "month": "2023-08",
            "price": "416.84",
            "revenue": 8855110
        },
        "2023-09": {
            "month": "2023-09",
            "price": "414.38",
            "revenue": 8858698
        },
        "2023-10": {
            "month": "2023-10",
            "price": "408.05",
            "revenue": 7865762
        },
        "2023-11": {
            "month": "2023-11",
            "price": "424.59",
            "revenue": 7806492
        },
        "2023-12": {
            "month": "2023-12",
            "price": "462.71",
            "revenue": 6912871
        }
    }
}
