{
    "summary": {
        "stock_name": "虹光",
        "stock_id": "2380",
        "category": "電腦及週邊設備",
        "main_business": "數位辦公設備",
        "website_url": "http://www.avision.com.tw",
        "ceo": "盛少瀾",
        "pe_ratio": -3,
        "report_year_from": 2001,
        "report_year_to": 2023,
        "age": 23,
        "eps_negative_percentage": 52,
        "eps_growth_avg": {
            "last_all": -15.61,
            "last_2y": null,
            "last_4y": null,
            "last_8y": null,
            "last_12y": -76.14,
            "last_16y": -32.03,
            "last_20y": -10.91,
            "at_2006_last_3y": 20.78,
            "at_2007_last_3y": -0.41,
            "at_2008_last_3y": -7.78,
            "at_2009_last_3y": -47.17,
            "at_2010_last_3y": -9.98,
            "at_2011_last_3y": -26.86,
            "at_2012_last_3y": -33.74,
            "at_2013_last_3y": -17.42,
            "at_2014_last_3y": -76.14,
            "at_2015_last_3y": -100,
            "at_2016_last_3y": null,
            "at_2017_last_3y": null,
            "at_2018_last_3y": null,
            "at_2019_last_3y": null,
            "at_2020_last_3y": null,
            "at_2021_last_3y": null,
            "at_2022_last_3y": null,
            "at_2023_last_3y": null,
            "at_2024_last_3y": null,
            "at_2006_last_all": 4.09,
            "at_2007_last_all": 5.95,
            "at_2008_last_all": -5.26,
            "at_2009_last_all": -14.94,
            "at_2010_last_all": -2.17,
            "at_2011_last_all": -7.18,
            "at_2012_last_all": -15.61,
            "at_2013_last_all": -15.61,
            "at_2014_last_all": -15.61,
            "at_2015_last_all": -15.61,
            "at_2016_last_all": -15.61,
            "at_2017_last_all": -15.61,
            "at_2018_last_all": -15.61,
            "at_2019_last_all": -15.61,
            "at_2020_last_all": -15.61,
            "at_2021_last_all": -15.61,
            "at_2022_last_all": -15.61,
            "at_2023_last_all": -15.61,
            "at_2024_last_all": -15.61
        },
        "latest_eps": -2.15,
        "latest_price": 7.05,
        "latest_roe": -49.61,
        "latest_gross_margin": 26.07,
        "latest_equity": 855683,
        "latest_revenue": 386848,
        "latest_gross_profit": 100860,
        "latest_net_income": -273170,
        "latest_debt_ratio": 64.61,
        "latest_current_ratio": 119.94,
        "latest_account_receivable_turnover_ratio": 0.69,
        "latest_inventory_turnover_ratio": 0.42,
        "latest_reinvestment_rate": null,
        "latest_research_to_sale_ratio": 28.37
    },
    "eps_dividends": {
        "1999": {
            "cash": 0,
            "stock": 5,
            "eps": 0
        },
        "2000": {
            "cash": 0,
            "stock": 4.5,
            "eps": 0
        },
        "2001": {
            "cash": 1,
            "stock": 4,
            "eps": 4.18
        },
        "2002": {
            "cash": 1.25,
            "stock": 1.25,
            "eps": 1.56
        },
        "2003": {
            "cash": 0,
            "stock": 0,
            "eps": 3.21
        },
        "2004": {
            "cash": 2.07,
            "stock": 0,
            "eps": 1.83
        },
        "2005": {
            "cash": 0.94,
            "stock": 0.1,
            "eps": 3.2
        },
        "2006": {
            "cash": 1.81,
            "stock": 0.2,
            "eps": 1.64
        },
        "2007": {
            "cash": 0.94,
            "stock": 0.05,
            "eps": 1.89
        },
        "2008": {
            "cash": 1.05,
            "stock": 0.05,
            "eps": 0.52
        },
        "2009": {
            "cash": 0.3,
            "stock": 0,
            "eps": 0.09
        },
        "2010": {
            "cash": 0.2,
            "stock": 0,
            "eps": 0.44
        },
        "2011": {
            "cash": 0.65,
            "stock": 0,
            "eps": 0.21
        },
        "2012": {
            "cash": 0,
            "stock": 0,
            "eps": -1.41
        },
        "2013": {
            "cash": 0,
            "stock": 0,
            "eps": -1.13
        },
        "2014": {
            "cash": 0,
            "stock": 0,
            "eps": -0.39
        },
        "2015": {
            "cash": 0,
            "stock": 0,
            "eps": -1.02
        },
        "2016": {
            "cash": 0,
            "stock": 0,
            "eps": -1.45
        },
        "2017": {
            "cash": 0,
            "stock": 0,
            "eps": -3.07
        },
        "2018": {
            "cash": 0,
            "stock": 0,
            "eps": -2.06
        },
        "2019": {
            "cash": 0,
            "stock": 0,
            "eps": -1.06
        },
        "2020": {
            "cash": 0,
            "stock": 0,
            "eps": -2.4
        },
        "2021": {
            "cash": 0,
            "stock": 0,
            "eps": -0.68
        },
        "2022": {
            "cash": 0,
            "stock": 0,
            "eps": -0.14
        },
        "2023": {
            "cash": 0,
            "stock": 0,
            "eps": -1.91
        }
    },
    "dividends": {
        "1999-05-26": {
            "cash": 0,
            "stock": 5
        },
        "2000-05-17": {
            "cash": 0,
            "stock": 4.5
        },
        "2001-05-04": {
            "cash": 1,
            "stock": 4
        },
        "2002-06-06": {
            "cash": 1.25,
            "stock": 1.25
        },
        "2004-04-28": {
            "cash": 2.07,
            "stock": 0
        },
        "2005-04-28": {
            "cash": 0.94,
            "stock": 0.1
        },
        "2006-04-17": {
            "cash": 1.81,
            "stock": 0.2
        },
        "2007-04-27": {
            "cash": 0.94,
            "stock": 0.05
        },
        "2008-04-21": {
            "cash": 1.05,
            "stock": 0.05
        },
        "2009-04-20": {
            "cash": 0.3,
            "stock": 0
        },
        "2010-04-26": {
            "cash": 0.2,
            "stock": 0
        },
        "2011-01-01": {
            "cash": 0.25,
            "stock": 0
        },
        "2011-04-22": {
            "cash": 0.4,
            "stock": 0
        }
    },
    "prices": {
        "200101": "76.19",
        "200102": "88.18",
        "200103": "91.77",
        "200104": "99.70",
        "200105": "89.36",
        "200106": "74.28",
        "200107": "60.29",
        "200108": "50.19",
        "200109": "38.46",
        "200110": "35.80",
        "200111": "41.17",
        "200112": "46.99",
        "200201": "48.50",
        "200202": "47.16",
        "200203": "49.62",
        "200204": "47.55",
        "200205": "41.16",
        "200206": "40.32",
        "200207": "29.30",
        "200208": "29.05",
        "200209": "27.36",
        "200210": "23.20",
        "200211": "25.72",
        "200212": "22.54",
        "200301": "21.53",
        "200302": "20.84",
        "200303": "20.38",
        "200304": "20.58",
        "200305": "19.89",
        "200306": "22.66",
        "200307": "28.58",
        "200308": "28.05",
        "200309": "27.36",
        "200310": "26.89",
        "200311": "27.97",
        "200312": "27.59",
        "200401": "28.51",
        "200402": "30.87",
        "200403": "29.20",
        "200404": "28.83",
        "200405": "24.39",
        "200406": "22.69",
        "200407": "20.12",
        "200408": "18.63",
        "200409": "19.52",
        "200410": "18.92",
        "200411": "18.86",
        "200412": "18.47",
        "200501": "16.48",
        "200502": "16.84",
        "200503": "16.73",
        "200504": "16.38",
        "200505": "15.63",
        "200506": "17.58",
        "200507": "26.52",
        "200508": "29.48",
        "200509": "26.65",
        "200510": "23.26",
        "200511": "25.81",
        "200512": "28.25",
        "200601": "28.36",
        "200602": "27.35",
        "200603": "26.68",
        "200604": "27.18",
        "200605": "27.31",
        "200606": "25.05",
        "200607": "23.24",
        "200608": "20.53",
        "200609": "19.95",
        "200610": "20.75",
        "200611": "21.31",
        "200612": "21.93",
        "200701": "22.04",
        "200702": "21.67",
        "200703": "21.34",
        "200704": "23.74",
        "200705": "21.64",
        "200706": "23.25",
        "200707": "23.41",
        "200708": "19.46",
        "200709": "19.34",
        "200710": "20.28",
        "200711": "19.98",
        "200712": "18.84",
        "200801": "18.15",
        "200802": "18.00",
        "200803": "18.26",
        "200804": "18.88",
        "200805": "17.70",
        "200806": "16.39",
        "200807": "13.35",
        "200808": "12.75",
        "200809": "11.03",
        "200810": "9.04",
        "200811": "7.77",
        "200812": "7.43",
        "200901": "7.12",
        "200902": "7.07",
        "200903": "8.12",
        "200904": "9.81",
        "200905": "10.46",
        "200906": "9.84",
        "200907": "10.27",
        "200908": "10.26",
        "200909": "12.09",
        "200910": "13.49",
        "200911": "15.61",
        "200912": "16.02",
        "201001": "16.32",
        "201002": "14.63",
        "201003": "15.72",
        "201004": "16.11",
        "201005": "21.23",
        "201006": "21.13",
        "201007": "19.42",
        "201008": "18.84",
        "201009": "16.65",
        "201010": "16.00",
        "201011": "15.67",
        "201012": "16.95",
        "201101": "18.62",
        "201102": "21.14",
        "201103": "23.72",
        "201104": "22.66",
        "201105": "19.89",
        "201106": "17.89",
        "201107": "16.15",
        "201108": "13.30",
        "201109": "12.08",
        "201110": "12.03",
        "201111": "12.06",
        "201112": "10.49",
        "201201": "11.07",
        "201202": "12.80",
        "201203": "12.76",
        "201204": "10.89",
        "201205": "10.01",
        "201206": "9.34",
        "201207": "9.36",
        "201208": "9.57",
        "201209": "9.84",
        "201210": "8.94",
        "201211": "7.60",
        "201212": "8.85",
        "201301": "8.61",
        "201302": "8.66",
        "201303": "8.47",
        "201304": "8.19",
        "201305": "8.42",
        "201306": "8.59",
        "201307": "8.19",
        "201308": "7.91",
        "201309": "7.91",
        "201310": "8.97",
        "201311": "10.94",
        "201312": "9.97",
        "201401": "10.52",
        "201402": "10.12",
        "201403": "10.47",
        "201404": "10.60",
        "201405": "10.50",
        "201406": "10.69",
        "201407": "10.98",
        "201408": "10.16",
        "201409": "10.02",
        "201410": "8.74",
        "201411": "8.19",
        "201412": "8.81",
        "201501": "9.50",
        "201502": "9.12",
        "201503": "9.12",
        "201504": "8.92",
        "201505": "8.44",
        "201506": "8.19",
        "201507": "7.39",
        "201508": "6.94",
        "201509": "7.18",
        "201510": "7.44",
        "201511": "7.42",
        "201512": "7.41",
        "201601": "7.30",
        "201602": "7.32",
        "201603": "7.42",
        "201604": "7.14",
        "201605": "6.97",
        "201606": "6.97",
        "201607": "7.09",
        "201608": "6.98",
        "201609": "6.95",
        "201610": "6.81",
        "201611": "6.66",
        "201612": "6.54",
        "201701": "6.72",
        "201702": "7.22",
        "201703": "7.22",
        "201704": "7.05",
        "201705": "6.99",
        "201706": "6.78",
        "201707": "6.60",
        "201708": "6.56",
        "201709": "6.80",
        "201710": "6.87",
        "201711": "6.73",
        "201712": "6.73",
        "201801": "6.98",
        "201802": "6.88",
        "201803": "7.09",
        "201804": "6.88",
        "201805": "6.26",
        "201806": "6.59",
        "201807": "6.31",
        "201808": "6.08",
        "201809": "5.47",
        "201810": "4.68",
        "201811": "4.37",
        "201812": "4.54",
        "201901": "4.28",
        "201902": "4.29",
        "201903": "4.10",
        "201904": "3.84",
        "201905": "3.32",
        "201906": "3.26",
        "201907": "3.45",
        "201908": "3.47",
        "201909": "3.40",
        "201910": "4.12",
        "201911": "3.70",
        "201912": "4.02",
        "202001": "4.00",
        "202002": "3.84",
        "202003": "3.46",
        "202004": "3.51",
        "202005": "3.59",
        "202006": "3.66",
        "202007": "4.82",
        "202008": "5.14",
        "202009": "6.02",
        "202010": "6.69",
        "202011": "6.30",
        "202012": "7.15",
        "202101": "7.92",
        "202102": "7.93",
        "202103": "8.70",
        "202104": "13.74",
        "202105": "12.50",
        "202106": "12.27",
        "202107": "11.34",
        "202108": "10.94",
        "202109": "10.43",
        "202110": "9.80",
        "202111": "10.83",
        "202112": "15.05",
        "202201": "15.05",
        "202202": "14.34",
        "202203": "12.25",
        "202204": "11.20",
        "202205": "10.47",
        "202206": "10.37",
        "202207": "9.96",
        "202208": "12.94",
        "202209": "12.68",
        "202210": "11.74",
        "202211": "12.41",
        "202212": "12.32",
        "202301": "10.68",
        "202302": "10.86",
        "202303": "10.58",
        "202304": "10.22",
        "202305": "9.99",
        "202306": "10.08",
        "202307": "10.50",
        "202308": "9.85",
        "202309": "9.57",
        "202310": "9.22",
        "202311": "8.09",
        "202312": "6.74"
    },
    "quarters": {
        "20011": {
            "year_quarter": 20011,
            "year": 2001,
            "quarter": 1,
            "eps": 2.58,
            "eps_growth_year": 163.27,
            "eps_4q": 8.76,
            "eps_4q_growth_year": 63.63,
            "roe": 10.27,
            "roe_4q": 10.27,
            "gross_profit": 487999,
            "gross_margin": 18.9,
            "gross_margin_4q_avg": 18.9,
            "net_income": 324751,
            "net_income_4q": null,
            "revenue": 2582444,
            "revenue_4q": null,
            "common_shares": 1260897,
            "book_valuer_per_share": 26.4,
            "book_valuer_per_share_4q_avg": 26.4,
            "equity": 3329108,
            "current_ratio": 221.32,
            "debt_ratio": 32.91,
            "inventory_turnover_ratio": 3.16,
            "account_receivable_turnover_ratio": null,
            "reinvestment_rate": null,
            "research_to_sale_ratio": null,
            "price_fair": 0,
            "eps_avg_yearly": 0,
            "eps_latest_yearly": 0,
            "eps_growth_yearly": 0
        },
        "20012": {
            "year_quarter": 20012,
            "year": 2001,
            "quarter": 2,
            "eps": 0.81,
            "eps_growth_year": -22.86,
            "eps_4q": 6.12,
            "eps_4q_growth_year": 76.69,
            "roe": 4.43,
            "roe_4q": 14.7,
            "gross_profit": 239146,
            "gross_margin": 14.8,
            "gross_margin_4q_avg": 16.85,
            "net_income": 147952,
            "net_income_4q": null,
            "revenue": 1616386,
            "revenue_4q": null,
            "common_shares": 1836319,
            "book_valuer_per_share": 18.27,
            "book_valuer_per_share_4q_avg": 22.34,
            "equity": 3355133,
            "current_ratio": 276.19,
            "debt_ratio": 22.52,
            "inventory_turnover_ratio": 2.29,
            "account_receivable_turnover_ratio": null,
            "reinvestment_rate": null,
            "research_to_sale_ratio": null,
            "price_fair": 0,
            "eps_avg_yearly": 0,
            "eps_latest_yearly": 0,
            "eps_growth_yearly": 0
        },
        "20013": {
            "year_quarter": 20013,
            "year": 2001,
            "quarter": 3,
            "eps": 0.44,
            "eps_growth_year": -77.89,
            "eps_4q": 5.14,
            "eps_4q_growth_year": 13.82,
            "roe": 2.39,
            "roe_4q": 17.09,
            "gross_profit": 200398,
            "gross_margin": 23.56,
            "gross_margin_4q_avg": 19.09,
            "net_income": 81283,
            "net_income_4q": null,
            "revenue": 850553,
            "revenue_4q": null,
            "common_shares": 1836319,
            "book_valuer_per_share": 18.73,
            "book_valuer_per_share_4q_avg": 21.13,
            "equity": 3439505,
            "current_ratio": 328.84,
            "debt_ratio": 16.39,
            "inventory_turnover_ratio": 1.26,
            "account_receivable_turnover_ratio": null,
            "reinvestment_rate": null,
            "research_to_sale_ratio": null,
            "price_fair": 0,
            "eps_avg_yearly": 0,
            "eps_latest_yearly": 0,
            "eps_growth_yearly": 0
        },
        "20014": {
            "year_quarter": 20014,
            "year": 2001,
            "quarter": 4,
            "eps": 0.35,
            "eps_growth_year": -88.92,
            "eps_4q": 3.39,
            "eps_4q_growth_year": -50.44,
            "roe": 1.84,
            "roe_4q": 18.93,
            "gross_profit": 186540,
            "gross_margin": 19.09,
            "gross_margin_4q_avg": 19.09,
            "net_income": 63677,
            "net_income_4q": null,
            "revenue": 976988,
            "revenue_4q": null,
            "common_shares": 1836319,
            "book_valuer_per_share": 19.05,
            "book_valuer_per_share_4q_avg": 20.61,
            "equity": 3498254,
            "current_ratio": 367.59,
            "debt_ratio": 15.74,
            "inventory_turnover_ratio": 1.61,
            "account_receivable_turnover_ratio": null,
            "reinvestment_rate": null,
            "research_to_sale_ratio": null,
            "price_fair": 0,
            "eps_avg_yearly": 0,
            "eps_latest_yearly": 0,
            "eps_growth_yearly": 0
        },
        "20021": {
            "year_quarter": 20021,
            "year": 2002,
            "quarter": 1,
            "eps": 0.75,
            "eps_growth_year": -70.93,
            "eps_4q": 2.35,
            "eps_4q_growth_year": -73.15,
            "roe": 3.85,
            "roe_4q": 12.51,
            "gross_profit": 150115,
            "gross_margin": 20.83,
            "gross_margin_4q_avg": 19.57,
            "net_income": 137192,
            "net_income_4q": null,
            "revenue": 720676,
            "revenue_4q": null,
            "common_shares": 1836319,
            "book_valuer_per_share": 19.8,
            "book_valuer_per_share_4q_avg": 18.96,
            "equity": 3636053,
            "current_ratio": 480.57,
            "debt_ratio": 11.61,
            "inventory_turnover_ratio": 1.21,
            "account_receivable_turnover_ratio": null,
            "reinvestment_rate": null,
            "research_to_sale_ratio": null,
            "price_fair": 105,
            "eps_avg_yearly": 3,
            "eps_latest_yearly": 3,
            "eps_growth_yearly": 457.14
        },
        "20022": {
            "year_quarter": 20022,
            "year": 2002,
            "quarter": 2,
            "eps": 0.22,
            "eps_growth_year": -72.84,
            "eps_4q": 1.54,
            "eps_4q_growth_year": -74.9,
            "roe": 1.33,
            "roe_4q": 9.41,
            "gross_profit": 200913,
            "gross_margin": 25.33,
            "gross_margin_4q_avg": 22.2,
            "net_income": 47137,
            "net_income_4q": null,
            "revenue": 793337,
            "revenue_4q": null,
            "common_shares": 1836319,
            "book_valuer_per_share": 18.66,
            "book_valuer_per_share_4q_avg": 19.06,
            "equity": 3426938,
            "current_ratio": 316.48,
            "debt_ratio": 16.56,
            "inventory_turnover_ratio": 1.23,
            "account_receivable_turnover_ratio": null,
            "reinvestment_rate": null,
            "research_to_sale_ratio": null,
            "price_fair": 67.9,
            "eps_avg_yearly": 1.94,
            "eps_latest_yearly": 0.88,
            "eps_growth_yearly": 87.24
        },
        "20023": {
            "year_quarter": 20023,
            "year": 2002,
            "quarter": 3,
            "eps": 0.21,
            "eps_growth_year": -52.27,
            "eps_4q": 1.37,
            "eps_4q_growth_year": -73.46,
            "roe": 1.3,
            "roe_4q": 8.32,
            "gross_profit": 187843,
            "gross_margin": 26.25,
            "gross_margin_4q_avg": 22.88,
            "net_income": 45087,
            "net_income_4q": null,
            "revenue": 715466,
            "revenue_4q": null,
            "common_shares": 2116900,
            "book_valuer_per_share": 16.56,
            "book_valuer_per_share_4q_avg": 18.52,
            "equity": 3505061,
            "current_ratio": 355.28,
            "debt_ratio": 13.46,
            "inventory_turnover_ratio": 1.03,
            "account_receivable_turnover_ratio": null,
            "reinvestment_rate": null,
            "research_to_sale_ratio": null,
            "price_fair": 55.07,
            "eps_avg_yearly": 1.57,
            "eps_latest_yearly": 0.84,
            "eps_growth_yearly": 52.1
        },
        "20024": {
            "year_quarter": 20024,
            "year": 2002,
            "quarter": 4,
            "eps": 0.38,
            "eps_growth_year": 8.57,
            "eps_4q": 1.48,
            "eps_4q_growth_year": -56.37,
            "roe": 2.27,
            "roe_4q": 8.75,
            "gross_profit": 170701,
            "gross_margin": 14.55,
            "gross_margin_4q_avg": 21.74,
            "net_income": 79161,
            "net_income_4q": null,
            "revenue": 1173141,
            "revenue_4q": null,
            "common_shares": 2116900,
            "book_valuer_per_share": 16.43,
            "book_valuer_per_share_4q_avg": 17.86,
            "equity": 3477547,
            "current_ratio": 230.29,
            "debt_ratio": 27.33,
            "inventory_turnover_ratio": 1.95,
            "account_receivable_turnover_ratio": null,
            "reinvestment_rate": 29.01,
            "research_to_sale_ratio": null,
            "price_fair": 54.6,
            "eps_avg_yearly": 1.56,
            "eps_latest_yearly": 1.52,
            "eps_growth_yearly": 120.03
        },
        "20031": {
            "year_quarter": 20031,
            "year": 2003,
            "quarter": 1,
            "eps": 0.45,
            "eps_growth_year": -40,
            "eps_4q": 1.28,
            "eps_4q_growth_year": -45.57,
            "roe": 2.65,
            "roe_4q": 7.55,
            "gross_profit": 167560,
            "gross_margin": 22.42,
            "gross_margin_4q_avg": 22.14,
            "net_income": 92936,
            "net_income_4q": null,
            "revenue": 747417,
            "revenue_4q": null,
            "common_shares": 2116900,
            "book_valuer_per_share": 16.76,
            "book_valuer_per_share_4q_avg": 17.1,
            "equity": 3548544,
            "current_ratio": 263.36,
            "debt_ratio": 17.04,
            "inventory_turnover_ratio": 1.15,
            "account_receivable_turnover_ratio": null,
            "reinvestment_rate": 9.41,
            "research_to_sale_ratio": null,
            "price_fair": 56.28,
            "eps_avg_yearly": 1.61,
            "eps_latest_yearly": 1.8,
            "eps_growth_yearly": 110.76
        },
        "20032": {
            "year_quarter": 20032,
            "year": 2003,
            "quarter": 2,
            "eps": 0.62,
            "eps_growth_year": 181.82,
            "eps_4q": 1.65,
            "eps_4q_growth_year": 7.43,
            "roe": 3.75,
            "roe_4q": 9.97,
            "gross_profit": 210439,
            "gross_margin": 21.61,
            "gross_margin_4q_avg": 21.21,
            "net_income": 130595,
            "net_income_4q": null,
            "revenue": 973828,
            "revenue_4q": null,
            "common_shares": 2116900,
            "book_valuer_per_share": 16.14,
            "book_valuer_per_share_4q_avg": 16.47,
            "equity": 3417319,
            "current_ratio": 197.71,
            "debt_ratio": 24.03,
            "inventory_turnover_ratio": 1.44,
            "account_receivable_turnover_ratio": null,
            "reinvestment_rate": 5.99,
            "research_to_sale_ratio": null,
            "price_fair": 61.37,
            "eps_avg_yearly": 1.75,
            "eps_latest_yearly": 2.48,
            "eps_growth_yearly": 117.48
        },
        "20033": {
            "year_quarter": 20033,
            "year": 2003,
            "quarter": 3,
            "eps": 0.96,
            "eps_growth_year": 357.14,
            "eps_4q": 2.39,
            "eps_4q_growth_year": 75.14,
            "roe": 5.8,
            "roe_4q": 14.47,
            "gross_profit": 260128,
            "gross_margin": 22.98,
            "gross_margin_4q_avg": 20.39,
            "net_income": 203077,
            "net_income_4q": null,
            "revenue": 1131891,
            "revenue_4q": null,
            "common_shares": 2162400,
            "book_valuer_per_share": 16.57,
            "book_valuer_per_share_4q_avg": 16.48,
            "equity": 3583868,
            "current_ratio": 189.44,
            "debt_ratio": 26.28,
            "inventory_turnover_ratio": 1.53,
            "account_receivable_turnover_ratio": null,
            "reinvestment_rate": 1.97,
            "research_to_sale_ratio": null,
            "price_fair": 71.8,
            "eps_avg_yearly": 2.05,
            "eps_latest_yearly": 3.84,
            "eps_growth_yearly": 132.04
        },
        "20034": {
            "year_quarter": 20034,
            "year": 2003,
            "quarter": 4,
            "eps": 1.18,
            "eps_growth_year": 210.53,
            "eps_4q": 3.2,
            "eps_4q_growth_year": 116.21,
            "roe": 6.66,
            "roe_4q": 18.86,
            "gross_profit": 347024,
            "gross_margin": 19.59,
            "gross_margin_4q_avg": 21.65,
            "net_income": 248870,
            "net_income_4q": null,
            "revenue": 1771553,
            "revenue_4q": null,
            "common_shares": 2162400,
            "book_valuer_per_share": 17.99,
            "book_valuer_per_share_4q_avg": 16.87,
            "equity": 3889990,
            "current_ratio": 210.52,
            "debt_ratio": 33.91,
            "inventory_turnover_ratio": 2.14,
            "account_receivable_turnover_ratio": null,
            "reinvestment_rate": 15.04,
            "research_to_sale_ratio": null,
            "price_fair": 83.48,
            "eps_avg_yearly": 2.39,
            "eps_latest_yearly": 4.72,
            "eps_growth_yearly": 126.99
        },
        "20041": {
            "year_quarter": 20041,
            "year": 2004,
            "quarter": 1,
            "eps": 0.74,
            "eps_growth_year": 64.44,
            "eps_4q": 3.52,
            "eps_4q_growth_year": 175.09,
            "roe": 3.92,
            "roe_4q": 20.13,
            "gross_profit": 258496,
            "gross_margin": 19.41,
            "gross_margin_4q_avg": 20.9,
            "net_income": 155026,
            "net_income_4q": null,
            "revenue": 1331742,
            "revenue_4q": null,
            "common_shares": 2162400,
            "book_valuer_per_share": 18.58,
            "book_valuer_per_share_4q_avg": 17.32,
            "equity": 4018059,
            "current_ratio": 219.81,
            "debt_ratio": 22.03,
            "inventory_turnover_ratio": 1.67,
            "account_receivable_turnover_ratio": null,
            "reinvestment_rate": -0.57,
            "research_to_sale_ratio": null,
            "price_fair": 85.71,
            "eps_avg_yearly": 2.45,
            "eps_latest_yearly": 2.96,
            "eps_growth_yearly": 96.31
        },
        "20042": {
            "year_quarter": 20042,
            "year": 2004,
            "quarter": 2,
            "eps": 0.79,
            "eps_growth_year": 27.42,
            "eps_4q": 3.61,
            "eps_4q_growth_year": 118.79,
            "roe": 4.37,
            "roe_4q": 20.75,
            "gross_profit": 268203,
            "gross_margin": 25.75,
            "gross_margin_4q_avg": 21.93,
            "net_income": 169898,
            "net_income_4q": null,
            "revenue": 1041431,
            "revenue_4q": null,
            "common_shares": 2162400,
            "book_valuer_per_share": 17.36,
            "book_valuer_per_share_4q_avg": 17.63,
            "equity": 3754525,
            "current_ratio": 208.42,
            "debt_ratio": 24.62,
            "inventory_turnover_ratio": 1.38,
            "account_receivable_turnover_ratio": null,
            "reinvestment_rate": -1.91,
            "research_to_sale_ratio": null,
            "price_fair": 88.2,
            "eps_avg_yearly": 2.52,
            "eps_latest_yearly": 3.16,
            "eps_growth_yearly": 89.38
        },
        "20043": {
            "year_quarter": 20043,
            "year": 2004,
            "quarter": 3,
            "eps": 0.52,
            "eps_growth_year": -45.83,
            "eps_4q": 3.22,
            "eps_4q_growth_year": 34.58,
            "roe": 2.91,
            "roe_4q": 17.86,
            "gross_profit": 244372,
            "gross_margin": 27.6,
            "gross_margin_4q_avg": 23.09,
            "net_income": 110599,
            "net_income_4q": null,
            "revenue": 885361,
            "revenue_4q": null,
            "common_shares": 2211600,
            "book_valuer_per_share": 17.34,
            "book_valuer_per_share_4q_avg": 17.82,
            "equity": 3834576,
            "current_ratio": 293.19,
            "debt_ratio": 17.91,
            "inventory_turnover_ratio": 0.99,
            "account_receivable_turnover_ratio": null,
            "reinvestment_rate": -4.21,
            "research_to_sale_ratio": null,
            "price_fair": 86.8,
            "eps_avg_yearly": 2.48,
            "eps_latest_yearly": 2.08,
            "eps_growth_yearly": 68.83
        },
        "20044": {
            "year_quarter": 20044,
            "year": 2004,
            "quarter": 4,
            "eps": -0.22,
            "eps_growth_year": -118.64,
            "eps_4q": 1.82,
            "eps_4q_growth_year": -43.17,
            "roe": -1.24,
            "roe_4q": 9.96,
            "gross_profit": 280964,
            "gross_margin": 25.62,
            "gross_margin_4q_avg": 24.6,
            "net_income": -47120,
            "net_income_4q": null,
            "revenue": 1096637,
            "revenue_4q": null,
            "common_shares": 2211600,
            "book_valuer_per_share": 17.01,
            "book_valuer_per_share_4q_avg": 17.57,
            "equity": 3762084,
            "current_ratio": 336.74,
            "debt_ratio": 20.61,
            "inventory_turnover_ratio": 1.05,
            "account_receivable_turnover_ratio": null,
            "reinvestment_rate": 7.15,
            "research_to_sale_ratio": null,
            "price_fair": 86.8,
            "eps_avg_yearly": 2.48,
            "eps_latest_yearly": 2.08,
            "eps_growth_yearly": 68.83
        },
        "20051": {
            "year_quarter": 20051,
            "year": 2005,
            "quarter": 1,
            "eps": 0.3,
            "eps_growth_year": -59.46,
            "eps_4q": 1.38,
            "eps_4q_growth_year": -60.78,
            "roe": 1.71,
            "roe_4q": 7.75,
            "gross_profit": 208546,
            "gross_margin": 23.65,
            "gross_margin_4q_avg": 25.66,
            "net_income": 64773,
            "net_income_4q": null,
            "revenue": 881885,
            "revenue_4q": null,
            "common_shares": 2212310,
            "book_valuer_per_share": 17.25,
            "book_valuer_per_share_4q_avg": 17.24,
            "equity": 3816426,
            "current_ratio": 307.78,
            "debt_ratio": 16.82,
            "inventory_turnover_ratio": 0.83,
            "account_receivable_turnover_ratio": null,
            "reinvestment_rate": -6.68,
            "research_to_sale_ratio": null,
            "price_fair": 86.8,
            "eps_avg_yearly": 2.48,
            "eps_latest_yearly": 2.08,
            "eps_growth_yearly": 68.83
        },
        "20052": {
            "year_quarter": 20052,
            "year": 2005,
            "quarter": 2,
            "eps": 0.81,
            "eps_growth_year": 2.53,
            "eps_4q": 1.4,
            "eps_4q_growth_year": -61.27,
            "roe": 4.67,
            "roe_4q": 8.05,
            "gross_profit": 291337,
            "gross_margin": 23.93,
            "gross_margin_4q_avg": 25.2,
            "net_income": 176380,
            "net_income_4q": null,
            "revenue": 1217261,
            "revenue_4q": null,
            "common_shares": 2214024,
            "book_valuer_per_share": 16.89,
            "book_valuer_per_share_4q_avg": 17.12,
            "equity": 3738724,
            "current_ratio": 243.36,
            "debt_ratio": 22.7,
            "inventory_turnover_ratio": 1.24,
            "account_receivable_turnover_ratio": null,
            "reinvestment_rate": -7.7,
            "research_to_sale_ratio": null,
            "price_fair": 89.02,
            "eps_avg_yearly": 2.54,
            "eps_latest_yearly": 3.24,
            "eps_growth_yearly": 119.76
        },
        "20053": {
            "year_quarter": 20053,
            "year": 2005,
            "quarter": 3,
            "eps": 1.14,
            "eps_growth_year": 119.23,
            "eps_4q": 2.03,
            "eps_4q_growth_year": -36.76,
            "roe": 6.33,
            "roe_4q": 11.47,
            "gross_profit": 336781,
            "gross_margin": 26.01,
            "gross_margin_4q_avg": 24.8,
            "net_income": 247187,
            "net_income_4q": null,
            "revenue": 1295015,
            "revenue_4q": null,
            "common_shares": 2241879,
            "book_valuer_per_share": 18.18,
            "book_valuer_per_share_4q_avg": 17.33,
            "equity": 4075337,
            "current_ratio": 319.02,
            "debt_ratio": 18.17,
            "inventory_turnover_ratio": 1.35,
            "account_receivable_turnover_ratio": null,
            "reinvestment_rate": -8.53,
            "research_to_sale_ratio": null,
            "price_fair": 94.45,
            "eps_avg_yearly": 2.7,
            "eps_latest_yearly": 4.56,
            "eps_growth_yearly": 123.08
        },
        "20054": {
            "year_quarter": 20054,
            "year": 2005,
            "quarter": 4,
            "eps": 0.95,
            "eps_growth_year": null,
            "eps_4q": 3.19,
            "eps_4q_growth_year": 75.42,
            "roe": 4.96,
            "roe_4q": 17.669999999999998,
            "gross_profit": 347790,
            "gross_margin": 28.35,
            "gross_margin_4q_avg": 25.49,
            "net_income": 206861,
            "net_income_4q": null,
            "revenue": 1226802,
            "revenue_4q": null,
            "common_shares": 2212074,
            "book_valuer_per_share": 19.3,
            "book_valuer_per_share_4q_avg": 17.91,
            "equity": 4271070,
            "current_ratio": 464.33,
            "debt_ratio": 16.49,
            "inventory_turnover_ratio": 1.08,
            "account_receivable_turnover_ratio": null,
            "reinvestment_rate": -4.44,
            "research_to_sale_ratio": null,
            "price_fair": 97.2,
            "eps_avg_yearly": 2.78,
            "eps_latest_yearly": 3.8,
            "eps_growth_yearly": 109.53
        },
        "20061": {
            "year_quarter": 20061,
            "year": 2006,
            "quarter": 1,
            "eps": 0.49,
            "eps_growth_year": 63.33,
            "eps_4q": 3.37,
            "eps_4q_growth_year": 144.05,
            "roe": 2.38,
            "roe_4q": 18.34,
            "gross_profit": 217954,
            "gross_margin": 21.88,
            "gross_margin_4q_avg": 25.04,
            "net_income": 107256,
            "net_income_4q": null,
            "revenue": 996096,
            "revenue_4q": null,
            "common_shares": 2214867,
            "book_valuer_per_share": 21.36,
            "book_valuer_per_share_4q_avg": 18.93,
            "equity": 4731499,
            "current_ratio": 388.19,
            "debt_ratio": 14.41,
            "inventory_turnover_ratio": 1.07,
            "account_receivable_turnover_ratio": null,
            "reinvestment_rate": -7.95,
            "research_to_sale_ratio": null,
            "price_fair": 94.6,
            "eps_avg_yearly": 2.7,
            "eps_latest_yearly": 1.96,
            "eps_growth_yearly": 63.04
        },
        "20062": {
            "year_quarter": 20062,
            "year": 2006,
            "quarter": 2,
            "eps": 0.69,
            "eps_growth_year": -14.81,
            "eps_4q": 3.15,
            "eps_4q_growth_year": 125.51,
            "roe": 3.41,
            "roe_4q": 17.08,
            "gross_profit": 276606,
            "gross_margin": 20.95,
            "gross_margin_4q_avg": 24.3,
            "net_income": 157134,
            "net_income_4q": null,
            "revenue": 1320428,
            "revenue_4q": null,
            "common_shares": 2175340,
            "book_valuer_per_share": 20.64,
            "book_valuer_per_share_4q_avg": 19.87,
            "equity": 4490867,
            "current_ratio": 211.17,
            "debt_ratio": 25.91,
            "inventory_turnover_ratio": 1.64,
            "account_receivable_turnover_ratio": null,
            "reinvestment_rate": -6.57,
            "research_to_sale_ratio": null,
            "price_fair": 99.3,
            "eps_avg_yearly": 2.84,
            "eps_latest_yearly": 2.76,
            "eps_growth_yearly": 94.89
        },
        "20063": {
            "year_quarter": 20063,
            "year": 2006,
            "quarter": 3,
            "eps": 0.41,
            "eps_growth_year": -64.04,
            "eps_4q": 2.51,
            "eps_4q_growth_year": 23.5,
            "roe": 2.02,
            "roe_4q": 12.77,
            "gross_profit": 204584,
            "gross_margin": 17.78,
            "gross_margin_4q_avg": 22.24,
            "net_income": 91871,
            "net_income_4q": null,
            "revenue": 1150926,
            "revenue_4q": null,
            "common_shares": 2270726,
            "book_valuer_per_share": 20.2,
            "book_valuer_per_share_4q_avg": 20.38,
            "equity": 4586561,
            "current_ratio": 294.31,
            "debt_ratio": 17.45,
            "inventory_turnover_ratio": 1.22,
            "account_receivable_turnover_ratio": null,
            "reinvestment_rate": -6.2,
            "research_to_sale_ratio": null,
            "price_fair": 101.3,
            "eps_avg_yearly": 2.89,
            "eps_latest_yearly": 1.64,
            "eps_growth_yearly": 84.6
        },
        "20064": {
            "year_quarter": 20064,
            "year": 2006,
            "quarter": 4,
            "eps": 0.05,
            "eps_growth_year": -94.74,
            "eps_4q": 1.59,
            "eps_4q_growth_year": -50.12,
            "roe": 0.25,
            "roe_4q": 8.059999999999999,
            "gross_profit": 212422,
            "gross_margin": 17.57,
            "gross_margin_4q_avg": 19.55,
            "net_income": 11548,
            "net_income_4q": null,
            "revenue": 1208687,
            "revenue_4q": null,
            "common_shares": 2240881,
            "book_valuer_per_share": 20.25,
            "book_valuer_per_share_4q_avg": 20.61,
            "equity": 4540797,
            "current_ratio": 339.02,
            "debt_ratio": 19.6,
            "inventory_turnover_ratio": 1.07,
            "account_receivable_turnover_ratio": null,
            "reinvestment_rate": -5.46,
            "research_to_sale_ratio": null,
            "price_fair": 98,
            "eps_avg_yearly": 2.8,
            "eps_latest_yearly": 0.2,
            "eps_growth_yearly": 36.38
        },
        "20071": {
            "year_quarter": 20071,
            "year": 2007,
            "quarter": 1,
            "eps": 0.36,
            "eps_growth_year": -26.53,
            "eps_4q": 1.51,
            "eps_4q_growth_year": -55.21,
            "roe": 1.79,
            "roe_4q": 7.470000000000001,
            "gross_profit": 207870,
            "gross_margin": 19.04,
            "gross_margin_4q_avg": 18.84,
            "net_income": 81595,
            "net_income_4q": null,
            "revenue": 1091598,
            "revenue_4q": null,
            "common_shares": 2244466,
            "book_valuer_per_share": 20.3,
            "book_valuer_per_share_4q_avg": 20.35,
            "equity": 4555706,
            "current_ratio": 314.91,
            "debt_ratio": 16.61,
            "inventory_turnover_ratio": 1.08,
            "account_receivable_turnover_ratio": null,
            "reinvestment_rate": -6.29,
            "research_to_sale_ratio": null,
            "price_fair": 97.1,
            "eps_avg_yearly": 2.77,
            "eps_latest_yearly": 1.44,
            "eps_growth_yearly": 208.26
        },
        "20072": {
            "year_quarter": 20072,
            "year": 2007,
            "quarter": 2,
            "eps": 0.39,
            "eps_growth_year": -43.48,
            "eps_4q": 1.21,
            "eps_4q_growth_year": -61.8,
            "roe": 1.99,
            "roe_4q": 6.050000000000001,
            "gross_profit": 223162,
            "gross_margin": 17.65,
            "gross_margin_4q_avg": 18.01,
            "net_income": 88510,
            "net_income_4q": null,
            "revenue": 1264181,
            "revenue_4q": null,
            "common_shares": 2247380,
            "book_valuer_per_share": 19.25,
            "book_valuer_per_share_4q_avg": 20,
            "equity": 4325083,
            "current_ratio": 246.57,
            "debt_ratio": 21.89,
            "inventory_turnover_ratio": 1.74,
            "account_receivable_turnover_ratio": null,
            "reinvestment_rate": -7.09,
            "research_to_sale_ratio": null,
            "price_fair": 94.8,
            "eps_avg_yearly": 2.71,
            "eps_latest_yearly": 1.56,
            "eps_growth_yearly": 199.85
        },
        "20073": {
            "year_quarter": 20073,
            "year": 2007,
            "quarter": 3,
            "eps": 0.98,
            "eps_growth_year": 139.02,
            "eps_4q": 1.78,
            "eps_4q_growth_year": -29.12,
            "roe": 5.08,
            "roe_4q": 9.11,
            "gross_profit": 296203,
            "gross_margin": 22.33,
            "gross_margin_4q_avg": 19.15,
            "net_income": 222192,
            "net_income_4q": null,
            "revenue": 1326263,
            "revenue_4q": null,
            "common_shares": 2281087,
            "book_valuer_per_share": 19.36,
            "book_valuer_per_share_4q_avg": 19.79,
            "equity": 4416457,
            "current_ratio": 275.28,
            "debt_ratio": 20.53,
            "inventory_turnover_ratio": 1.51,
            "account_receivable_turnover_ratio": null,
            "reinvestment_rate": -7.06,
            "research_to_sale_ratio": null,
            "price_fair": 95,
            "eps_avg_yearly": 2.71,
            "eps_latest_yearly": 3.92,
            "eps_growth_yearly": 227.4
        },
        "20074": {
            "year_quarter": 20074,
            "year": 2007,
            "quarter": 4,
            "eps": 0.16,
            "eps_growth_year": 220,
            "eps_4q": 1.88,
            "eps_4q_growth_year": 17.97,
            "roe": 0.82,
            "roe_4q": 9.68,
            "gross_profit": 278876,
            "gross_margin": 20.36,
            "gross_margin_4q_avg": 19.85,
            "net_income": 36519,
            "net_income_4q": null,
            "revenue": 1369986,
            "revenue_4q": null,
            "common_shares": 2283205,
            "book_valuer_per_share": 19.5,
            "book_valuer_per_share_4q_avg": 19.6,
            "equity": 4456284,
            "current_ratio": 330.56,
            "debt_ratio": 22.14,
            "inventory_turnover_ratio": 1,
            "account_receivable_turnover_ratio": null,
            "reinvestment_rate": 0.61,
            "research_to_sale_ratio": null,
            "price_fair": 84.8,
            "eps_avg_yearly": 2.42,
            "eps_latest_yearly": 0.64,
            "eps_growth_yearly": 196.95
        },
        "20081": {
            "year_quarter": 20081,
            "year": 2008,
            "quarter": 1,
            "eps": -0.24,
            "eps_growth_year": -166.67,
            "eps_4q": 1.31,
            "eps_4q_growth_year": -13.31,
            "roe": -1.23,
            "roe_4q": 6.66,
            "gross_profit": 335084,
            "gross_margin": 25.36,
            "gross_margin_4q_avg": 21.43,
            "net_income": -53887,
            "net_income_4q": null,
            "revenue": 1321437,
            "revenue_4q": null,
            "common_shares": 2265546,
            "book_valuer_per_share": 19.13,
            "book_valuer_per_share_4q_avg": 19.31,
            "equity": 4335867,
            "current_ratio": 301.55,
            "debt_ratio": 23.67,
            "inventory_turnover_ratio": 0.7,
            "account_receivable_turnover_ratio": null,
            "reinvestment_rate": 27.61,
            "research_to_sale_ratio": null,
            "price_fair": 83.35,
            "eps_avg_yearly": 2.38,
            "eps_latest_yearly": 0.64,
            "eps_growth_yearly": 223.57
        },
        "20082": {
            "year_quarter": 20082,
            "year": 2008,
            "quarter": 2,
            "eps": 0.26,
            "eps_growth_year": -33.33,
            "eps_4q": 1.15,
            "eps_4q_growth_year": -4.71,
            "roe": 1.42,
            "roe_4q": 6.09,
            "gross_profit": 269853,
            "gross_margin": 20.73,
            "gross_margin_4q_avg": 22.2,
            "net_income": 60148,
            "net_income_4q": null,
            "revenue": 1301744,
            "revenue_4q": null,
            "common_shares": 2265806,
            "book_valuer_per_share": 18.3,
            "book_valuer_per_share_4q_avg": 19.07,
            "equity": 4148240,
            "current_ratio": 278.45,
            "debt_ratio": 24.97,
            "inventory_turnover_ratio": 0.79,
            "account_receivable_turnover_ratio": null,
            "reinvestment_rate": 34.44,
            "research_to_sale_ratio": null,
            "price_fair": 81.08,
            "eps_avg_yearly": 2.32,
            "eps_latest_yearly": 0.64,
            "eps_growth_yearly": 239.95
        },
        "20083": {
            "year_quarter": 20083,
            "year": 2008,
            "quarter": 3,
            "eps": 0.43,
            "eps_growth_year": -56.12,
            "eps_4q": 0.62,
            "eps_4q_growth_year": -65.02,
            "roe": 2.31,
            "roe_4q": 3.32,
            "gross_profit": 278458,
            "gross_margin": 25.29,
            "gross_margin_4q_avg": 22.94,
            "net_income": 97433,
            "net_income_4q": null,
            "revenue": 1100865,
            "revenue_4q": null,
            "common_shares": 2299806,
            "book_valuer_per_share": 18.57,
            "book_valuer_per_share_4q_avg": 18.88,
            "equity": 4272454,
            "current_ratio": 291.06,
            "debt_ratio": 23.34,
            "inventory_turnover_ratio": 0.63,
            "account_receivable_turnover_ratio": null,
            "reinvestment_rate": 41.94,
            "research_to_sale_ratio": null,
            "price_fair": 80.03,
            "eps_avg_yearly": 2.29,
            "eps_latest_yearly": 1.72,
            "eps_growth_yearly": 273.14
        },
        "20084": {
            "year_quarter": 20084,
            "year": 2008,
            "quarter": 4,
            "eps": 0.07,
            "eps_growth_year": -56.25,
            "eps_4q": 0.47,
            "eps_4q_growth_year": -74.74,
            "roe": 0.42,
            "roe_4q": 2.9200000000000004,
            "gross_profit": 245094,
            "gross_margin": 22.45,
            "gross_margin_4q_avg": 23.46,
            "net_income": 17818,
            "net_income_4q": null,
            "revenue": 1091855,
            "revenue_4q": null,
            "common_shares": 2269806,
            "book_valuer_per_share": 18.95,
            "book_valuer_per_share_4q_avg": 18.74,
            "equity": 4305163,
            "current_ratio": 336.45,
            "debt_ratio": 25.12,
            "inventory_turnover_ratio": 0.62,
            "account_receivable_turnover_ratio": 2.24,
            "reinvestment_rate": 26.52,
            "research_to_sale_ratio": null,
            "price_fair": 74.63,
            "eps_avg_yearly": 2.13,
            "eps_latest_yearly": 0.28,
            "eps_growth_yearly": 226.37
        },
        "20091": {
            "year_quarter": 20091,
            "year": 2009,
            "quarter": 1,
            "eps": 0.07,
            "eps_growth_year": null,
            "eps_4q": 0.91,
            "eps_4q_growth_year": -30.33,
            "roe": 0.34,
            "roe_4q": 4.49,
            "gross_profit": 214526,
            "gross_margin": 27.59,
            "gross_margin_4q_avg": 24.02,
            "net_income": 14515,
            "net_income_4q": null,
            "revenue": 777579,
            "revenue_4q": null,
            "common_shares": 2242306,
            "book_valuer_per_share": 19.47,
            "book_valuer_per_share_4q_avg": 18.82,
            "equity": 4358494,
            "current_ratio": 583.7,
            "debt_ratio": 17.18,
            "inventory_turnover_ratio": 0.45,
            "account_receivable_turnover_ratio": 0.89,
            "reinvestment_rate": 50.18,
            "research_to_sale_ratio": null,
            "price_fair": 70,
            "eps_avg_yearly": 2,
            "eps_latest_yearly": 0.28,
            "eps_growth_yearly": 210.2
        },
        "20092": {
            "year_quarter": 20092,
            "year": 2009,
            "quarter": 2,
            "eps": -0.21,
            "eps_growth_year": -180.77,
            "eps_4q": 0.36,
            "eps_4q_growth_year": -68.47,
            "roe": -1.26,
            "roe_4q": 1.81,
            "gross_profit": 196588,
            "gross_margin": 23.17,
            "gross_margin_4q_avg": 24.63,
            "net_income": -54142,
            "net_income_4q": null,
            "revenue": 848302,
            "revenue_4q": null,
            "common_shares": 2242306,
            "book_valuer_per_share": 18.66,
            "book_valuer_per_share_4q_avg": 18.91,
            "equity": 4206884,
            "current_ratio": 503.94,
            "debt_ratio": 17,
            "inventory_turnover_ratio": 0.6,
            "account_receivable_turnover_ratio": 1.09,
            "reinvestment_rate": 55.75,
            "research_to_sale_ratio": null,
            "price_fair": 66.66,
            "eps_avg_yearly": 1.9,
            "eps_latest_yearly": 0.28,
            "eps_growth_yearly": 174.06
        },
        "20093": {
            "year_quarter": 20093,
            "year": 2009,
            "quarter": 3,
            "eps": 0.16,
            "eps_growth_year": -62.79,
            "eps_4q": 0.12,
            "eps_4q_growth_year": -80.5,
            "roe": 0.6,
            "roe_4q": 0.09999999999999998,
            "gross_profit": 293794,
            "gross_margin": 32.05,
            "gross_margin_4q_avg": 26.32,
            "net_income": 25281,
            "net_income_4q": null,
            "revenue": 916798,
            "revenue_4q": null,
            "common_shares": 2242306,
            "book_valuer_per_share": 18.71,
            "book_valuer_per_share_4q_avg": 18.95,
            "equity": 4208460,
            "current_ratio": 438.17,
            "debt_ratio": 17.65,
            "inventory_turnover_ratio": 0.65,
            "account_receivable_turnover_ratio": 1.08,
            "reinvestment_rate": 65.82,
            "research_to_sale_ratio": null,
            "price_fair": 58.92,
            "eps_avg_yearly": 1.68,
            "eps_latest_yearly": 0.28,
            "eps_growth_yearly": 174.98
        },
        "20094": {
            "year_quarter": 20094,
            "year": 2009,
            "quarter": 4,
            "eps": 0.07,
            "eps_growth_year": 0,
            "eps_4q": 0.09,
            "eps_4q_growth_year": -82.08,
            "roe": -0.01,
            "roe_4q": -0.33,
            "gross_profit": 259535,
            "gross_margin": 29.23,
            "gross_margin_4q_avg": 28.01,
            "net_income": -454,
            "net_income_4q": null,
            "revenue": 887770,
            "revenue_4q": null,
            "common_shares": 2242306,
            "book_valuer_per_share": 18.79,
            "book_valuer_per_share_4q_avg": 18.91,
            "equity": 4206820,
            "current_ratio": 457.52,
            "debt_ratio": 16.13,
            "inventory_turnover_ratio": 0.71,
            "account_receivable_turnover_ratio": 2.79,
            "reinvestment_rate": 88.34,
            "research_to_sale_ratio": null,
            "price_fair": 48.65,
            "eps_avg_yearly": 1.39,
            "eps_latest_yearly": 0.28,
            "eps_growth_yearly": 161.79
        },
        "20101": {
            "year_quarter": 20101,
            "year": 2010,
            "quarter": 1,
            "eps": 0.08,
            "eps_growth_year": 14.29,
            "eps_4q": 0.1,
            "eps_4q_growth_year": -89.29,
            "roe": 0.34,
            "roe_4q": -0.33000000000000007,
            "gross_profit": 238385,
            "gross_margin": 33.82,
            "gross_margin_4q_avg": 29.57,
            "net_income": 14292,
            "net_income_4q": null,
            "revenue": 704793,
            "revenue_4q": null,
            "common_shares": 2242306,
            "book_valuer_per_share": 18.78,
            "book_valuer_per_share_4q_avg": 18.74,
            "equity": 4200586,
            "current_ratio": 439.07,
            "debt_ratio": 16.61,
            "inventory_turnover_ratio": 0.51,
            "account_receivable_turnover_ratio": 1.13,
            "reinvestment_rate": 138.84,
            "research_to_sale_ratio": 18.49,
            "price_fair": 43.87,
            "eps_avg_yearly": 1.25,
            "eps_latest_yearly": 0.32,
            "eps_growth_yearly": 182.69
        },
        "20102": {
            "year_quarter": 20102,
            "year": 2010,
            "quarter": 2,
            "eps": 0.17,
            "eps_growth_year": null,
            "eps_4q": 0.48,
            "eps_4q_growth_year": 33.79,
            "roe": 0.78,
            "roe_4q": 1.71,
            "gross_profit": 287440,
            "gross_margin": 31.08,
            "gross_margin_4q_avg": 31.55,
            "net_income": 32707,
            "net_income_4q": null,
            "revenue": 924822,
            "revenue_4q": null,
            "common_shares": 2242306,
            "book_valuer_per_share": 18.87,
            "book_valuer_per_share_4q_avg": 18.79,
            "equity": 4214623,
            "current_ratio": 394.29,
            "debt_ratio": 18.19,
            "inventory_turnover_ratio": 0.62,
            "account_receivable_turnover_ratio": 1.26,
            "reinvestment_rate": 161.96,
            "research_to_sale_ratio": 13.17,
            "price_fair": 37.8,
            "eps_avg_yearly": 1.08,
            "eps_latest_yearly": 0.68,
            "eps_growth_yearly": 206.59
        },
        "20103": {
            "year_quarter": 20103,
            "year": 2010,
            "quarter": 3,
            "eps": 0.19,
            "eps_growth_year": 20.45,
            "eps_4q": 0.52,
            "eps_4q_growth_year": 326.18,
            "roe": 0.96,
            "roe_4q": 2.0700000000000003,
            "gross_profit": 318123,
            "gross_margin": 34.82,
            "gross_margin_4q_avg": 32.24,
            "net_income": 40608,
            "net_income_4q": null,
            "revenue": 913518,
            "revenue_4q": null,
            "common_shares": 2242306,
            "book_valuer_per_share": 18.93,
            "book_valuer_per_share_4q_avg": 18.84,
            "equity": 4224168,
            "current_ratio": 392.49,
            "debt_ratio": 18.76,
            "inventory_turnover_ratio": 0.55,
            "account_receivable_turnover_ratio": 1.12,
            "reinvestment_rate": 172.25,
            "research_to_sale_ratio": 13.28,
            "price_fair": 35.23,
            "eps_avg_yearly": 1.01,
            "eps_latest_yearly": 0.76,
            "eps_growth_yearly": 224.03
        },
        "20104": {
            "year_quarter": 20104,
            "year": 2010,
            "quarter": 4,
            "eps": -0,
            "eps_growth_year": -106.72,
            "eps_4q": 0.44,
            "eps_4q_growth_year": 419.28,
            "roe": -0.12,
            "roe_4q": 1.9600000000000002,
            "gross_profit": 307055,
            "gross_margin": 31.67,
            "gross_margin_4q_avg": 32.85,
            "net_income": -4942,
            "net_income_4q": null,
            "revenue": 969515,
            "revenue_4q": null,
            "common_shares": 2242306,
            "book_valuer_per_share": 18.49,
            "book_valuer_per_share_4q_avg": 18.77,
            "equity": 4121644,
            "current_ratio": 381.2,
            "debt_ratio": 19.45,
            "inventory_turnover_ratio": 0.59,
            "account_receivable_turnover_ratio": 1.46,
            "reinvestment_rate": 107.21,
            "research_to_sale_ratio": 11.22,
            "price_fair": 37.8,
            "eps_avg_yearly": 1.08,
            "eps_latest_yearly": 0.76,
            "eps_growth_yearly": 276.33
        },
        "20111": {
            "year_quarter": 20111,
            "year": 2011,
            "quarter": 1,
            "eps": 0.19,
            "eps_growth_year": 137.5,
            "eps_4q": 0.56,
            "eps_4q_growth_year": 468.66,
            "roe": 1.02,
            "roe_4q": 2.6399999999999997,
            "gross_profit": 273649,
            "gross_margin": 31.42,
            "gross_margin_4q_avg": 32.25,
            "net_income": 42544,
            "net_income_4q": null,
            "revenue": 870936,
            "revenue_4q": null,
            "common_shares": 2242306,
            "book_valuer_per_share": 18.77,
            "book_valuer_per_share_4q_avg": 18.77,
            "equity": 4183793,
            "current_ratio": 375.46,
            "debt_ratio": 19.94,
            "inventory_turnover_ratio": 0.51,
            "account_receivable_turnover_ratio": 1.41,
            "reinvestment_rate": 174.45,
            "research_to_sale_ratio": 14.66,
            "price_fair": 36.54,
            "eps_avg_yearly": 1.04,
            "eps_latest_yearly": 0.76,
            "eps_growth_yearly": 55.96
        },
        "20112": {
            "year_quarter": 20112,
            "year": 2011,
            "quarter": 2,
            "eps": -0.15,
            "eps_growth_year": -185.49,
            "eps_4q": 0.23,
            "eps_4q_growth_year": -52.17,
            "roe": -0.82,
            "roe_4q": 1.04,
            "gross_profit": 262422,
            "gross_margin": 31.94,
            "gross_margin_4q_avg": 32.46,
            "net_income": -33636,
            "net_income_4q": null,
            "revenue": 821658,
            "revenue_4q": null,
            "common_shares": 2242306,
            "book_valuer_per_share": 18.23,
            "book_valuer_per_share_4q_avg": 18.61,
            "equity": 4064030,
            "current_ratio": 352.54,
            "debt_ratio": 21.1,
            "inventory_turnover_ratio": 0.44,
            "account_receivable_turnover_ratio": 1.18,
            "reinvestment_rate": 218.27,
            "research_to_sale_ratio": 13.29,
            "price_fair": 34.53,
            "eps_avg_yearly": 0.99,
            "eps_latest_yearly": 0.76,
            "eps_growth_yearly": 58.48
        },
        "20113": {
            "year_quarter": 20113,
            "year": 2011,
            "quarter": 3,
            "eps": 0.24,
            "eps_growth_year": 24.2,
            "eps_4q": 0.28,
            "eps_4q_growth_year": -46.24,
            "roe": 1.27,
            "roe_4q": 1.35,
            "gross_profit": 255356,
            "gross_margin": 30.51,
            "gross_margin_4q_avg": 31.39,
            "net_income": 52375,
            "net_income_4q": null,
            "revenue": 837008,
            "revenue_4q": null,
            "common_shares": 2242306,
            "book_valuer_per_share": 18.73,
            "book_valuer_per_share_4q_avg": 18.56,
            "equity": 4175424,
            "current_ratio": 371.12,
            "debt_ratio": 19.87,
            "inventory_turnover_ratio": 0.42,
            "account_receivable_turnover_ratio": 1.07,
            "reinvestment_rate": 346.89,
            "research_to_sale_ratio": 14.57,
            "price_fair": 1.86,
            "eps_avg_yearly": 0.62,
            "eps_latest_yearly": 0.76,
            "eps_growth_yearly": -9.85
        },
        "20114": {
            "year_quarter": 20114,
            "year": 2011,
            "quarter": 4,
            "eps": -0.07,
            "eps_growth_year": null,
            "eps_4q": 0.22,
            "eps_4q_growth_year": -50.62,
            "roe": -0.5,
            "roe_4q": 0.9700000000000001,
            "gross_profit": 219339,
            "gross_margin": 24.06,
            "gross_margin_4q_avg": 29.48,
            "net_income": -20755,
            "net_income_4q": null,
            "revenue": 911678,
            "revenue_4q": null,
            "common_shares": 2202106,
            "book_valuer_per_share": 18.88,
            "book_valuer_per_share_4q_avg": 18.65,
            "equity": 4127586,
            "current_ratio": 437.5,
            "debt_ratio": 17.16,
            "inventory_turnover_ratio": 0.5,
            "account_receivable_turnover_ratio": 1.17,
            "reinvestment_rate": 232.76,
            "research_to_sale_ratio": 13.66,
            "price_fair": 21.6,
            "eps_avg_yearly": 0.62,
            "eps_latest_yearly": 0.76,
            "eps_growth_yearly": 36.55
        },
        "20121": {
            "year_quarter": 20121,
            "year": 2012,
            "quarter": 1,
            "eps": -0.52,
            "eps_growth_year": -373.68,
            "eps_4q": -0.5,
            "eps_4q_growth_year": -190.4,
            "roe": -2.84,
            "roe_4q": -2.8899999999999997,
            "gross_profit": 170554,
            "gross_margin": 24.49,
            "gross_margin_4q_avg": 27.75,
            "net_income": -115283,
            "net_income_4q": null,
            "revenue": 696334,
            "revenue_4q": null,
            "common_shares": 2202106,
            "book_valuer_per_share": 18.27,
            "book_valuer_per_share_4q_avg": 18.53,
            "equity": 3993075,
            "current_ratio": 440.83,
            "debt_ratio": 17.14,
            "inventory_turnover_ratio": 0.4,
            "account_receivable_turnover_ratio": 0.98,
            "reinvestment_rate": 242.48,
            "research_to_sale_ratio": 16.86,
            "price_fair": 21.6,
            "eps_avg_yearly": 0.62,
            "eps_latest_yearly": 0.76,
            "eps_growth_yearly": 36.55
        },
        "20122": {
            "year_quarter": 20122,
            "year": 2012,
            "quarter": 2,
            "eps": -0.43,
            "eps_growth_year": null,
            "eps_4q": -0.78,
            "eps_4q_growth_year": -434.98,
            "roe": -2.41,
            "roe_4q": -4.48,
            "gross_profit": 249225,
            "gross_margin": 28.36,
            "gross_margin_4q_avg": 26.86,
            "net_income": -94487,
            "net_income_4q": null,
            "revenue": 878929,
            "revenue_4q": null,
            "common_shares": 2202106,
            "book_valuer_per_share": 17.65,
            "book_valuer_per_share_4q_avg": 18.38,
            "equity": 3855285,
            "current_ratio": 358.9,
            "debt_ratio": 20.25,
            "inventory_turnover_ratio": 0.49,
            "account_receivable_turnover_ratio": 1.2,
            "reinvestment_rate": 641.79,
            "research_to_sale_ratio": 13.89,
            "price_fair": 21.6,
            "eps_avg_yearly": 0.62,
            "eps_latest_yearly": 0.76,
            "eps_growth_yearly": 36.55
        },
        "20123": {
            "year_quarter": 20123,
            "year": 2012,
            "quarter": 3,
            "eps": 0.03,
            "eps_growth_year": -86.34,
            "eps_4q": -0.99,
            "eps_4q_growth_year": -454.67,
            "roe": 0.18,
            "roe_4q": -5.57,
            "gross_profit": 330697,
            "gross_margin": 28.75,
            "gross_margin_4q_avg": 26.42,
            "net_income": 6841,
            "net_income_4q": null,
            "revenue": 1150284,
            "revenue_4q": null,
            "common_shares": 2202106,
            "book_valuer_per_share": 17.45,
            "book_valuer_per_share_4q_avg": 18.06,
            "equity": 3810397,
            "current_ratio": 311.36,
            "debt_ratio": 23.34,
            "inventory_turnover_ratio": 0.62,
            "account_receivable_turnover_ratio": 1.3,
            "reinvestment_rate": null,
            "research_to_sale_ratio": 10.28,
            "price_fair": 1.3,
            "eps_avg_yearly": 0.43,
            "eps_latest_yearly": 0.76,
            "eps_growth_yearly": -0.95
        },
        "20124": {
            "year_quarter": 20124,
            "year": 2012,
            "quarter": 4,
            "eps": -0.49,
            "eps_growth_year": null,
            "eps_4q": -1.42,
            "eps_4q_growth_year": -751.45,
            "roe": -2.77,
            "roe_4q": -7.84,
            "gross_profit": 185556,
            "gross_margin": 19.47,
            "gross_margin_4q_avg": 25.27,
            "net_income": -104737,
            "net_income_4q": null,
            "revenue": 953169,
            "revenue_4q": null,
            "common_shares": 2202106,
            "book_valuer_per_share": 17.27,
            "book_valuer_per_share_4q_avg": 17.66,
            "equity": 3740690,
            "current_ratio": 326.52,
            "debt_ratio": 22.42,
            "inventory_turnover_ratio": 0.57,
            "account_receivable_turnover_ratio": 1,
            "reinvestment_rate": null,
            "research_to_sale_ratio": 11.81,
            "price_fair": 16.24,
            "eps_avg_yearly": 0.46,
            "eps_latest_yearly": 0.76,
            "eps_growth_yearly": 65.84
        },
        "20131": {
            "year_quarter": 20131,
            "year": 2013,
            "quarter": 1,
            "eps": -0.43,
            "eps_growth_year": null,
            "eps_4q": -1.32,
            "eps_4q_growth_year": null,
            "roe": -2.55,
            "roe_4q": -7.550000000000001,
            "gross_profit": 131070,
            "gross_margin": 21.63,
            "gross_margin_4q_avg": 24.55,
            "net_income": -93757,
            "net_income_4q": null,
            "revenue": 605964,
            "revenue_4q": null,
            "common_shares": 2202106,
            "book_valuer_per_share": 16.72,
            "book_valuer_per_share_4q_avg": 17.27,
            "equity": 3620401,
            "current_ratio": 365.25,
            "debt_ratio": 20.65,
            "inventory_turnover_ratio": 0.36,
            "account_receivable_turnover_ratio": 0.75,
            "reinvestment_rate": null,
            "research_to_sale_ratio": 20.34,
            "price_fair": 17.85,
            "eps_avg_yearly": 0.51,
            "eps_latest_yearly": 0.76,
            "eps_growth_yearly": 82.3
        },
        "20132": {
            "year_quarter": 20132,
            "year": 2013,
            "quarter": 2,
            "eps": -0.42,
            "eps_growth_year": null,
            "eps_4q": -1.31,
            "eps_4q_growth_year": null,
            "roe": -2.53,
            "roe_4q": -7.67,
            "gross_profit": 153691,
            "gross_margin": 23.04,
            "gross_margin_4q_avg": 23.22,
            "net_income": -91054,
            "net_income_4q": null,
            "revenue": 666961,
            "revenue_4q": null,
            "common_shares": 2202106,
            "book_valuer_per_share": 16.48,
            "book_valuer_per_share_4q_avg": 16.98,
            "equity": 3570195,
            "current_ratio": 339.68,
            "debt_ratio": 21.98,
            "inventory_turnover_ratio": 0.42,
            "account_receivable_turnover_ratio": 0.88,
            "reinvestment_rate": null,
            "research_to_sale_ratio": 18.1,
            "price_fair": 17.85,
            "eps_avg_yearly": 0.51,
            "eps_latest_yearly": 0.76,
            "eps_growth_yearly": 82.3
        },
        "20133": {
            "year_quarter": 20133,
            "year": 2013,
            "quarter": 3,
            "eps": -0.18,
            "eps_growth_year": -650.36,
            "eps_4q": -1.53,
            "eps_4q_growth_year": null,
            "roe": -1.12,
            "roe_4q": -8.969999999999999,
            "gross_profit": 188319,
            "gross_margin": 23.93,
            "gross_margin_4q_avg": 22.02,
            "net_income": -39844,
            "net_income_4q": null,
            "revenue": 786808,
            "revenue_4q": null,
            "common_shares": 2202106,
            "book_valuer_per_share": 16.26,
            "book_valuer_per_share_4q_avg": 16.68,
            "equity": 3521795,
            "current_ratio": 358.76,
            "debt_ratio": 20.95,
            "inventory_turnover_ratio": 0.53,
            "account_receivable_turnover_ratio": 1.04,
            "reinvestment_rate": null,
            "research_to_sale_ratio": 15.58,
            "price_fair": 17.85,
            "eps_avg_yearly": 0.51,
            "eps_latest_yearly": 0.76,
            "eps_growth_yearly": 82.3
        },
        "20134": {
            "year_quarter": 20134,
            "year": 2013,
            "quarter": 4,
            "eps": -0.1,
            "eps_growth_year": null,
            "eps_4q": -1.14,
            "eps_4q_growth_year": null,
            "roe": -0.6,
            "roe_4q": -6.8,
            "gross_profit": 168903,
            "gross_margin": 22.27,
            "gross_margin_4q_avg": 22.72,
            "net_income": -21370,
            "net_income_4q": null,
            "revenue": 758412,
            "revenue_4q": null,
            "common_shares": 2202176,
            "book_valuer_per_share": 16.5,
            "book_valuer_per_share_4q_avg": 16.49,
            "equity": 3572787,
            "current_ratio": 399.86,
            "debt_ratio": 18.91,
            "inventory_turnover_ratio": 0.56,
            "account_receivable_turnover_ratio": 1.21,
            "reinvestment_rate": null,
            "research_to_sale_ratio": 16.62,
            "price_fair": 20.53,
            "eps_avg_yearly": 0.59,
            "eps_latest_yearly": 0.76,
            "eps_growth_yearly": 184.73
        },
        "20141": {
            "year_quarter": 20141,
            "year": 2014,
            "quarter": 1,
            "eps": -0.06,
            "eps_growth_year": null,
            "eps_4q": -0.76,
            "eps_4q_growth_year": null,
            "roe": -0.36,
            "roe_4q": -4.609999999999999,
            "gross_profit": 183718,
            "gross_margin": 27.38,
            "gross_margin_4q_avg": 24.16,
            "net_income": -12865,
            "net_income_4q": null,
            "revenue": 671047,
            "revenue_4q": null,
            "common_shares": 2202214,
            "book_valuer_per_share": 16.44,
            "book_valuer_per_share_4q_avg": 16.42,
            "equity": 3560971,
            "current_ratio": 398.71,
            "debt_ratio": 18.96,
            "inventory_turnover_ratio": 0.47,
            "account_receivable_turnover_ratio": 1.19,
            "reinvestment_rate": null,
            "research_to_sale_ratio": 17.38,
            "price_fair": 25.2,
            "eps_avg_yearly": 0.72,
            "eps_latest_yearly": 0.76,
            "eps_growth_yearly": 248.53
        },
        "20142": {
            "year_quarter": 20142,
            "year": 2014,
            "quarter": 2,
            "eps": -0.3,
            "eps_growth_year": null,
            "eps_4q": -0.64,
            "eps_4q_growth_year": null,
            "roe": -1.84,
            "roe_4q": -3.9200000000000004,
            "gross_profit": 199029,
            "gross_margin": 24.98,
            "gross_margin_4q_avg": 24.64,
            "net_income": -65058,
            "net_income_4q": null,
            "revenue": 796789,
            "revenue_4q": null,
            "common_shares": 2202214,
            "book_valuer_per_share": 16.12,
            "book_valuer_per_share_4q_avg": 16.33,
            "equity": 3491977,
            "current_ratio": 351.11,
            "debt_ratio": 21.05,
            "inventory_turnover_ratio": 0.62,
            "account_receivable_turnover_ratio": 1.33,
            "reinvestment_rate": null,
            "research_to_sale_ratio": 15.46,
            "price_fair": 26.6,
            "eps_avg_yearly": 0.76,
            "eps_latest_yearly": 0.76,
            "eps_growth_yearly": 47.06
        },
        "20143": {
            "year_quarter": 20143,
            "year": 2014,
            "quarter": 3,
            "eps": -0.12,
            "eps_growth_year": null,
            "eps_4q": -0.58,
            "eps_4q_growth_year": null,
            "roe": -0.74,
            "roe_4q": -3.54,
            "gross_profit": 204652,
            "gross_margin": 30.26,
            "gross_margin_4q_avg": 26.22,
            "net_income": -25863,
            "net_income_4q": null,
            "revenue": 676212,
            "revenue_4q": null,
            "common_shares": 2202244,
            "book_valuer_per_share": 16.12,
            "book_valuer_per_share_4q_avg": 16.3,
            "equity": 3491609,
            "current_ratio": 376.39,
            "debt_ratio": 19.19,
            "inventory_turnover_ratio": 0.52,
            "account_receivable_turnover_ratio": 1.17,
            "reinvestment_rate": null,
            "research_to_sale_ratio": 18.22,
            "price_fair": 0,
            "eps_avg_yearly": 0,
            "eps_latest_yearly": 0,
            "eps_growth_yearly": 0
        },
        "20144": {
            "year_quarter": 20144,
            "year": 2014,
            "quarter": 4,
            "eps": 0.09,
            "eps_growth_year": null,
            "eps_4q": -0.39,
            "eps_4q_growth_year": null,
            "roe": 0.54,
            "roe_4q": -2.4,
            "gross_profit": 172214,
            "gross_margin": 26.56,
            "gross_margin_4q_avg": 27.3,
            "net_income": 18877,
            "net_income_4q": null,
            "revenue": 648358,
            "revenue_4q": null,
            "common_shares": 2202244,
            "book_valuer_per_share": 16.34,
            "book_valuer_per_share_4q_avg": 16.26,
            "equity": 3539409,
            "current_ratio": 401.57,
            "debt_ratio": 19.57,
            "inventory_turnover_ratio": 0.52,
            "account_receivable_turnover_ratio": 1.14,
            "reinvestment_rate": null,
            "research_to_sale_ratio": 18.43,
            "price_fair": 0,
            "eps_avg_yearly": 0,
            "eps_latest_yearly": 0,
            "eps_growth_yearly": 0
        },
        "20151": {
            "year_quarter": 20151,
            "year": 2015,
            "quarter": 1,
            "eps": -0.26,
            "eps_growth_year": null,
            "eps_4q": -0.59,
            "eps_4q_growth_year": null,
            "roe": -1.58,
            "roe_4q": -3.62,
            "gross_profit": 201663,
            "gross_margin": 32.51,
            "gross_margin_4q_avg": 28.58,
            "net_income": -55477,
            "net_income_4q": null,
            "revenue": 620302,
            "revenue_4q": null,
            "common_shares": 2202259,
            "book_valuer_per_share": 16.03,
            "book_valuer_per_share_4q_avg": 16.15,
            "equity": 3473750,
            "current_ratio": 451.39,
            "debt_ratio": 17.83,
            "inventory_turnover_ratio": 0.47,
            "account_receivable_turnover_ratio": 1.12,
            "reinvestment_rate": null,
            "research_to_sale_ratio": 19.28,
            "price_fair": 0,
            "eps_avg_yearly": 0,
            "eps_latest_yearly": 0,
            "eps_growth_yearly": 0
        },
        "20152": {
            "year_quarter": 20152,
            "year": 2015,
            "quarter": 2,
            "eps": -0.25,
            "eps_growth_year": null,
            "eps_4q": -0.54,
            "eps_4q_growth_year": null,
            "roe": -1.57,
            "roe_4q": -3.3500000000000005,
            "gross_profit": 183490,
            "gross_margin": 28.69,
            "gross_margin_4q_avg": 29.51,
            "net_income": -53606,
            "net_income_4q": null,
            "revenue": 639470,
            "revenue_4q": null,
            "common_shares": 2202259,
            "book_valuer_per_share": 15.57,
            "book_valuer_per_share_4q_avg": 16.02,
            "equity": 3373869,
            "current_ratio": 431.52,
            "debt_ratio": 18.37,
            "inventory_turnover_ratio": 0.52,
            "account_receivable_turnover_ratio": 1.22,
            "reinvestment_rate": null,
            "research_to_sale_ratio": 19.47,
            "price_fair": 0,
            "eps_avg_yearly": 0,
            "eps_latest_yearly": 0,
            "eps_growth_yearly": 0
        },
        "20153": {
            "year_quarter": 20153,
            "year": 2015,
            "quarter": 3,
            "eps": -0.08,
            "eps_growth_year": null,
            "eps_4q": -0.5,
            "eps_4q_growth_year": null,
            "roe": -0.51,
            "roe_4q": -3.12,
            "gross_profit": 190737,
            "gross_margin": 30.51,
            "gross_margin_4q_avg": 29.57,
            "net_income": -17247,
            "net_income_4q": null,
            "revenue": 625148,
            "revenue_4q": null,
            "common_shares": 2188519,
            "book_valuer_per_share": 15.75,
            "book_valuer_per_share_4q_avg": 15.92,
            "equity": 3387729,
            "current_ratio": 463.15,
            "debt_ratio": 17.94,
            "inventory_turnover_ratio": 0.51,
            "account_receivable_turnover_ratio": 1.16,
            "reinvestment_rate": null,
            "research_to_sale_ratio": 20.27,
            "price_fair": 0,
            "eps_avg_yearly": 0,
            "eps_latest_yearly": 0,
            "eps_growth_yearly": 0
        },
        "20154": {
            "year_quarter": 20154,
            "year": 2015,
            "quarter": 4,
            "eps": -0.43,
            "eps_growth_year": -595.31,
            "eps_4q": -1.03,
            "eps_4q_growth_year": null,
            "roe": -2.77,
            "roe_4q": -6.430000000000001,
            "gross_profit": 170307,
            "gross_margin": 29.86,
            "gross_margin_4q_avg": 30.39,
            "net_income": -91806,
            "net_income_4q": null,
            "revenue": 570349,
            "revenue_4q": null,
            "common_shares": 2168519,
            "book_valuer_per_share": 15.26,
            "book_valuer_per_share_4q_avg": 15.65,
            "equity": 3243926,
            "current_ratio": 462.38,
            "debt_ratio": 18.26,
            "inventory_turnover_ratio": 0.51,
            "account_receivable_turnover_ratio": 1.11,
            "reinvestment_rate": null,
            "research_to_sale_ratio": 22.77,
            "price_fair": 0,
            "eps_avg_yearly": 0,
            "eps_latest_yearly": 0,
            "eps_growth_yearly": 0
        },
        "20161": {
            "year_quarter": 20161,
            "year": 2016,
            "quarter": 1,
            "eps": -0.5,
            "eps_growth_year": null,
            "eps_4q": -1.27,
            "eps_4q_growth_year": null,
            "roe": -3.31,
            "roe_4q": -8.16,
            "gross_profit": 150372,
            "gross_margin": 31.43,
            "gross_margin_4q_avg": 30.12,
            "net_income": -105110,
            "net_income_4q": null,
            "revenue": 478436,
            "revenue_4q": null,
            "common_shares": 2128109,
            "book_valuer_per_share": 14.76,
            "book_valuer_per_share_4q_avg": 15.34,
            "equity": 3105591,
            "current_ratio": 458.29,
            "debt_ratio": 18.2,
            "inventory_turnover_ratio": 0.44,
            "account_receivable_turnover_ratio": 1.01,
            "reinvestment_rate": null,
            "research_to_sale_ratio": 26.87,
            "price_fair": 0,
            "eps_avg_yearly": 0,
            "eps_latest_yearly": 0,
            "eps_growth_yearly": 0
        },
        "20162": {
            "year_quarter": 20162,
            "year": 2016,
            "quarter": 2,
            "eps": -0.27,
            "eps_growth_year": null,
            "eps_4q": -1.3,
            "eps_4q_growth_year": null,
            "roe": -1.84,
            "roe_4q": -8.43,
            "gross_profit": 180095,
            "gross_margin": 29.8,
            "gross_margin_4q_avg": 30.4,
            "net_income": -56284,
            "net_income_4q": null,
            "revenue": 604251,
            "revenue_4q": null,
            "common_shares": 2105719,
            "book_valuer_per_share": 14.41,
            "book_valuer_per_share_4q_avg": 15.05,
            "equity": 2999514,
            "current_ratio": 358.23,
            "debt_ratio": 22.01,
            "inventory_turnover_ratio": 0.58,
            "account_receivable_turnover_ratio": 1.21,
            "reinvestment_rate": null,
            "research_to_sale_ratio": 21.77,
            "price_fair": 0,
            "eps_avg_yearly": 0,
            "eps_latest_yearly": 0,
            "eps_growth_yearly": 0
        },
        "20163": {
            "year_quarter": 20163,
            "year": 2016,
            "quarter": 3,
            "eps": -0.34,
            "eps_growth_year": null,
            "eps_4q": -1.56,
            "eps_4q_growth_year": null,
            "roe": -2.41,
            "roe_4q": -10.33,
            "gross_profit": 196428,
            "gross_margin": 32.39,
            "gross_margin_4q_avg": 30.87,
            "net_income": -71368,
            "net_income_4q": null,
            "revenue": 606471,
            "revenue_4q": null,
            "common_shares": 2082209,
            "book_valuer_per_share": 14.05,
            "book_valuer_per_share_4q_avg": 14.62,
            "equity": 2923376,
            "current_ratio": 339.95,
            "debt_ratio": 22.6,
            "inventory_turnover_ratio": 0.56,
            "account_receivable_turnover_ratio": 1.1,
            "reinvestment_rate": null,
            "research_to_sale_ratio": 21.39,
            "price_fair": 0,
            "eps_avg_yearly": 0,
            "eps_latest_yearly": 0,
            "eps_growth_yearly": 0
        },
        "20164": {
            "year_quarter": 20164,
            "year": 2016,
            "quarter": 4,
            "eps": -0.34,
            "eps_growth_year": null,
            "eps_4q": -1.46,
            "eps_4q_growth_year": null,
            "roe": -2.48,
            "roe_4q": -10.040000000000001,
            "gross_profit": 146517,
            "gross_margin": 25.15,
            "gross_margin_4q_avg": 29.69,
            "net_income": -70934,
            "net_income_4q": null,
            "revenue": 582683,
            "revenue_4q": null,
            "common_shares": 2082209,
            "book_valuer_per_share": 13.41,
            "book_valuer_per_share_4q_avg": 14.16,
            "equity": 2789680,
            "current_ratio": 328.78,
            "debt_ratio": 23.73,
            "inventory_turnover_ratio": 0.58,
            "account_receivable_turnover_ratio": 1.1,
            "reinvestment_rate": null,
            "research_to_sale_ratio": 22.19,
            "price_fair": 0,
            "eps_avg_yearly": 0,
            "eps_latest_yearly": 0,
            "eps_growth_yearly": 0
        },
        "20171": {
            "year_quarter": 20171,
            "year": 2017,
            "quarter": 1,
            "eps": -0.63,
            "eps_growth_year": null,
            "eps_4q": -1.58,
            "eps_4q_growth_year": null,
            "roe": -4.86,
            "roe_4q": -11.59,
            "gross_profit": 118168,
            "gross_margin": 26.16,
            "gross_margin_4q_avg": 28.38,
            "net_income": -130896,
            "net_income_4q": null,
            "revenue": 451672,
            "revenue_4q": null,
            "common_shares": 2082209,
            "book_valuer_per_share": 12.51,
            "book_valuer_per_share_4q_avg": 13.6,
            "equity": 2601801,
            "current_ratio": 375.07,
            "debt_ratio": 20.66,
            "inventory_turnover_ratio": 0.45,
            "account_receivable_turnover_ratio": 0.94,
            "reinvestment_rate": null,
            "research_to_sale_ratio": 27.12,
            "price_fair": 0,
            "eps_avg_yearly": 0,
            "eps_latest_yearly": 0,
            "eps_growth_yearly": 0
        },
        "20172": {
            "year_quarter": 20172,
            "year": 2017,
            "quarter": 2,
            "eps": -0.53,
            "eps_growth_year": null,
            "eps_4q": -1.84,
            "eps_4q_growth_year": null,
            "roe": -4.34,
            "roe_4q": -14.09,
            "gross_profit": 105911,
            "gross_margin": 26.3,
            "gross_margin_4q_avg": 27.5,
            "net_income": -110716,
            "net_income_4q": null,
            "revenue": 402744,
            "revenue_4q": null,
            "common_shares": 2082209,
            "book_valuer_per_share": 12.04,
            "book_valuer_per_share_4q_avg": 13,
            "equity": 2503771,
            "current_ratio": 317.45,
            "debt_ratio": 22.21,
            "inventory_turnover_ratio": 0.41,
            "account_receivable_turnover_ratio": 0.88,
            "reinvestment_rate": null,
            "research_to_sale_ratio": 30.98,
            "price_fair": 0,
            "eps_avg_yearly": 0,
            "eps_latest_yearly": 0,
            "eps_growth_yearly": 0
        },
        "20173": {
            "year_quarter": 20173,
            "year": 2017,
            "quarter": 3,
            "eps": -0.71,
            "eps_growth_year": null,
            "eps_4q": -2.21,
            "eps_4q_growth_year": null,
            "roe": -5.96,
            "roe_4q": -17.64,
            "gross_profit": 113638,
            "gross_margin": 19.61,
            "gross_margin_4q_avg": 24.31,
            "net_income": -146829,
            "net_income_4q": null,
            "revenue": 579606,
            "revenue_4q": null,
            "common_shares": 2082209,
            "book_valuer_per_share": 11.64,
            "book_valuer_per_share_4q_avg": 12.4,
            "equity": 2420400,
            "current_ratio": 257.67,
            "debt_ratio": 26.45,
            "inventory_turnover_ratio": 0.65,
            "account_receivable_turnover_ratio": 1.13,
            "reinvestment_rate": null,
            "research_to_sale_ratio": 21.82,
            "price_fair": 0,
            "eps_avg_yearly": 0,
            "eps_latest_yearly": 0,
            "eps_growth_yearly": 0
        },
        "20174": {
            "year_quarter": 20174,
            "year": 2017,
            "quarter": 4,
            "eps": -1.2,
            "eps_growth_year": null,
            "eps_4q": -3.06,
            "eps_4q_growth_year": null,
            "roe": -10.84,
            "roe_4q": -26,
            "gross_profit": 99281,
            "gross_margin": 16.68,
            "gross_margin_4q_avg": 22.19,
            "net_income": -248732,
            "net_income_4q": null,
            "revenue": 595110,
            "revenue_4q": null,
            "common_shares": 2082209,
            "book_valuer_per_share": 10.43,
            "book_valuer_per_share_4q_avg": 11.66,
            "equity": 2169835,
            "current_ratio": 213.42,
            "debt_ratio": 31.82,
            "inventory_turnover_ratio": 0.71,
            "account_receivable_turnover_ratio": 1.05,
            "reinvestment_rate": null,
            "research_to_sale_ratio": 21.46,
            "price_fair": 0,
            "eps_avg_yearly": 0,
            "eps_latest_yearly": 0,
            "eps_growth_yearly": 0
        },
        "20181": {
            "year_quarter": 20181,
            "year": 2018,
            "quarter": 1,
            "eps": -0.57,
            "eps_growth_year": null,
            "eps_4q": -3.01,
            "eps_4q_growth_year": null,
            "roe": -5.6,
            "roe_4q": -26.74,
            "gross_profit": 108198,
            "gross_margin": 19.31,
            "gross_margin_4q_avg": 20.48,
            "net_income": -119311,
            "net_income_4q": null,
            "revenue": 560315,
            "revenue_4q": null,
            "common_shares": 2082209,
            "book_valuer_per_share": 10.05,
            "book_valuer_per_share_4q_avg": 11.04,
            "equity": 2091282,
            "current_ratio": 195.6,
            "debt_ratio": 34.63,
            "inventory_turnover_ratio": 0.65,
            "account_receivable_turnover_ratio": 0.95,
            "reinvestment_rate": null,
            "research_to_sale_ratio": 22.75,
            "price_fair": 0,
            "eps_avg_yearly": 0,
            "eps_latest_yearly": 0,
            "eps_growth_yearly": 0
        },
        "20182": {
            "year_quarter": 20182,
            "year": 2018,
            "quarter": 2,
            "eps": -0.56,
            "eps_growth_year": null,
            "eps_4q": -3.03,
            "eps_4q_growth_year": null,
            "roe": -5.71,
            "roe_4q": -28.11,
            "gross_profit": 107502,
            "gross_margin": 22.16,
            "gross_margin_4q_avg": 19.44,
            "net_income": -115321,
            "net_income_4q": null,
            "revenue": 485177,
            "revenue_4q": null,
            "common_shares": 2082209,
            "book_valuer_per_share": 9.38,
            "book_valuer_per_share_4q_avg": 10.38,
            "equity": 1950468,
            "current_ratio": 182.27,
            "debt_ratio": 36.94,
            "inventory_turnover_ratio": 0.54,
            "account_receivable_turnover_ratio": 0.75,
            "reinvestment_rate": null,
            "research_to_sale_ratio": 26.49,
            "price_fair": 0,
            "eps_avg_yearly": 0,
            "eps_latest_yearly": 0,
            "eps_growth_yearly": 0
        },
        "20183": {
            "year_quarter": 20183,
            "year": 2018,
            "quarter": 3,
            "eps": -0.44,
            "eps_growth_year": null,
            "eps_4q": -2.76,
            "eps_4q_growth_year": null,
            "roe": -4.84,
            "roe_4q": -26.99,
            "gross_profit": 144808,
            "gross_margin": 29.24,
            "gross_margin_4q_avg": 21.85,
            "net_income": -90461,
            "net_income_4q": null,
            "revenue": 495159,
            "revenue_4q": null,
            "common_shares": 2082209,
            "book_valuer_per_share": 8.6,
            "book_valuer_per_share_4q_avg": 9.62,
            "equity": 1788462,
            "current_ratio": 169.85,
            "debt_ratio": 39.13,
            "inventory_turnover_ratio": 0.51,
            "account_receivable_turnover_ratio": 0.8,
            "reinvestment_rate": null,
            "research_to_sale_ratio": 25.86,
            "price_fair": 0,
            "eps_avg_yearly": 0,
            "eps_latest_yearly": 0,
            "eps_growth_yearly": 0
        },
        "20184": {
            "year_quarter": 20184,
            "year": 2018,
            "quarter": 4,
            "eps": -0.49,
            "eps_growth_year": null,
            "eps_4q": -2.05,
            "eps_4q_growth_year": null,
            "roe": -5.88,
            "roe_4q": -22.03,
            "gross_profit": 154747,
            "gross_margin": 26.4,
            "gross_margin_4q_avg": 24.28,
            "net_income": -101325,
            "net_income_4q": null,
            "revenue": 586127,
            "revenue_4q": null,
            "common_shares": 2082209,
            "book_valuer_per_share": 7.98,
            "book_valuer_per_share_4q_avg": 9,
            "equity": 1660862,
            "current_ratio": 155.16,
            "debt_ratio": 42.33,
            "inventory_turnover_ratio": 0.68,
            "account_receivable_turnover_ratio": 1.04,
            "reinvestment_rate": null,
            "research_to_sale_ratio": 21.57,
            "price_fair": 0,
            "eps_avg_yearly": 0,
            "eps_latest_yearly": 0,
            "eps_growth_yearly": 0
        },
        "20191": {
            "year_quarter": 20191,
            "year": 2019,
            "quarter": 1,
            "eps": -0.59,
            "eps_growth_year": null,
            "eps_4q": -2.06,
            "eps_4q_growth_year": null,
            "roe": -7.36,
            "roe_4q": -23.79,
            "gross_profit": 118939,
            "gross_margin": 29.39,
            "gross_margin_4q_avg": 26.8,
            "net_income": -122001,
            "net_income_4q": null,
            "revenue": 404725,
            "revenue_4q": null,
            "common_shares": 2082209,
            "book_valuer_per_share": 7.96,
            "book_valuer_per_share_4q_avg": 8.48,
            "equity": 1655983,
            "current_ratio": 152.37,
            "debt_ratio": 46.33,
            "inventory_turnover_ratio": 0.46,
            "account_receivable_turnover_ratio": 0.79,
            "reinvestment_rate": null,
            "research_to_sale_ratio": 29.56,
            "price_fair": 0,
            "eps_avg_yearly": 0,
            "eps_latest_yearly": 0,
            "eps_growth_yearly": 0
        },
        "20192": {
            "year_quarter": 20192,
            "year": 2019,
            "quarter": 2,
            "eps": -0.66,
            "eps_growth_year": null,
            "eps_4q": -2.02,
            "eps_4q_growth_year": null,
            "roe": -6.74,
            "roe_4q": -24.82,
            "gross_profit": 103991,
            "gross_margin": 22.35,
            "gross_margin_4q_avg": 26.85,
            "net_income": -107394,
            "net_income_4q": null,
            "revenue": 465216,
            "revenue_4q": null,
            "common_shares": 2082209,
            "book_valuer_per_share": 7.36,
            "book_valuer_per_share_4q_avg": 7.98,
            "equity": 1531076,
            "current_ratio": 149.09,
            "debt_ratio": 48.82,
            "inventory_turnover_ratio": 0.52,
            "account_receivable_turnover_ratio": 1.04,
            "reinvestment_rate": null,
            "research_to_sale_ratio": 24.55,
            "price_fair": 0,
            "eps_avg_yearly": 0,
            "eps_latest_yearly": 0,
            "eps_growth_yearly": 0
        },
        "20193": {
            "year_quarter": 20193,
            "year": 2019,
            "quarter": 3,
            "eps": -0.61,
            "eps_growth_year": null,
            "eps_4q": -2.64,
            "eps_4q_growth_year": null,
            "roe": -6.73,
            "roe_4q": -26.71,
            "gross_profit": 84599,
            "gross_margin": 22.06,
            "gross_margin_4q_avg": 25.05,
            "net_income": -98462,
            "net_income_4q": null,
            "revenue": 383451,
            "revenue_4q": null,
            "common_shares": 1624441,
            "book_valuer_per_share": 8.6,
            "book_valuer_per_share_4q_avg": 7.98,
            "equity": 1395461,
            "current_ratio": 152.33,
            "debt_ratio": 49.9,
            "inventory_turnover_ratio": 0.41,
            "account_receivable_turnover_ratio": 0.96,
            "reinvestment_rate": null,
            "research_to_sale_ratio": 30.81,
            "price_fair": 0,
            "eps_avg_yearly": 0,
            "eps_latest_yearly": 0,
            "eps_growth_yearly": 0
        },
        "20194": {
            "year_quarter": 20194,
            "year": 2019,
            "quarter": 4,
            "eps": 0.8,
            "eps_growth_year": null,
            "eps_4q": -1.22,
            "eps_4q_growth_year": null,
            "roe": 9.08,
            "roe_4q": -11.75,
            "gross_profit": 61116,
            "gross_margin": 16.09,
            "gross_margin_4q_avg": 22.47,
            "net_income": 129563,
            "net_income_4q": null,
            "revenue": 379943,
            "revenue_4q": null,
            "common_shares": 1624441,
            "book_valuer_per_share": 8.99,
            "book_valuer_per_share_4q_avg": 8.23,
            "equity": 1459068,
            "current_ratio": 173.03,
            "debt_ratio": 45.17,
            "inventory_turnover_ratio": 0.44,
            "account_receivable_turnover_ratio": 1.15,
            "reinvestment_rate": null,
            "research_to_sale_ratio": 29.46,
            "price_fair": 0,
            "eps_avg_yearly": 0,
            "eps_latest_yearly": 0,
            "eps_growth_yearly": 0
        },
        "20201": {
            "year_quarter": 20201,
            "year": 2020,
            "quarter": 1,
            "eps": -1.14,
            "eps_growth_year": null,
            "eps_4q": -1.46,
            "eps_4q_growth_year": null,
            "roe": -13.47,
            "roe_4q": -17.86,
            "gross_profit": 29978,
            "gross_margin": 10.25,
            "gross_margin_4q_avg": 17.69,
            "net_income": -185586,
            "net_income_4q": null,
            "revenue": 292514,
            "revenue_4q": null,
            "common_shares": 1794441,
            "book_valuer_per_share": 7.23,
            "book_valuer_per_share_4q_avg": 8.05,
            "equity": 1296157,
            "current_ratio": 164.42,
            "debt_ratio": 47.09,
            "inventory_turnover_ratio": 0.39,
            "account_receivable_turnover_ratio": 1.02,
            "reinvestment_rate": null,
            "research_to_sale_ratio": 36.22,
            "price_fair": 0,
            "eps_avg_yearly": 0,
            "eps_latest_yearly": 0,
            "eps_growth_yearly": 0
        },
        "20202": {
            "year_quarter": 20202,
            "year": 2020,
            "quarter": 2,
            "eps": -0.73,
            "eps_growth_year": null,
            "eps_4q": -1.59,
            "eps_4q_growth_year": null,
            "roe": -10.61,
            "roe_4q": -21.729999999999997,
            "gross_profit": 52229,
            "gross_margin": 17.71,
            "gross_margin_4q_avg": 16.53,
            "net_income": -130910,
            "net_income_4q": null,
            "revenue": 294983,
            "revenue_4q": null,
            "common_shares": 1794441,
            "book_valuer_per_share": 6.53,
            "book_valuer_per_share_4q_avg": 7.84,
            "equity": 1170897,
            "current_ratio": 152.64,
            "debt_ratio": 49.37,
            "inventory_turnover_ratio": 0.38,
            "account_receivable_turnover_ratio": 1.11,
            "reinvestment_rate": null,
            "research_to_sale_ratio": 37.73,
            "price_fair": 0,
            "eps_avg_yearly": 0,
            "eps_latest_yearly": 0,
            "eps_growth_yearly": 0
        },
        "20203": {
            "year_quarter": 20203,
            "year": 2020,
            "quarter": 3,
            "eps": -0.47,
            "eps_growth_year": null,
            "eps_4q": -1.52,
            "eps_4q_growth_year": null,
            "roe": -7.5,
            "roe_4q": -22.5,
            "gross_profit": 106502,
            "gross_margin": 20.79,
            "gross_margin_4q_avg": 16.21,
            "net_income": -84924,
            "net_income_4q": null,
            "revenue": 512200,
            "revenue_4q": null,
            "common_shares": 1794441,
            "book_valuer_per_share": 6.09,
            "book_valuer_per_share_4q_avg": 7.21,
            "equity": 1092444,
            "current_ratio": 134.32,
            "debt_ratio": 57.61,
            "inventory_turnover_ratio": 0.64,
            "account_receivable_turnover_ratio": 2.13,
            "reinvestment_rate": null,
            "research_to_sale_ratio": 22.13,
            "price_fair": 0,
            "eps_avg_yearly": 0,
            "eps_latest_yearly": 0,
            "eps_growth_yearly": 0
        },
        "20204": {
            "year_quarter": 20204,
            "year": 2020,
            "quarter": 4,
            "eps": -0.06,
            "eps_growth_year": -107.82,
            "eps_4q": -2.3,
            "eps_4q_growth_year": null,
            "roe": -1.02,
            "roe_4q": -32.6,
            "gross_profit": 137382,
            "gross_margin": 18.67,
            "gross_margin_4q_avg": 16.86,
            "net_income": -11233,
            "net_income_4q": null,
            "revenue": 735675,
            "revenue_4q": null,
            "common_shares": 1794441,
            "book_valuer_per_share": 6.14,
            "book_valuer_per_share_4q_avg": 6.5,
            "equity": 1100865,
            "current_ratio": 130.66,
            "debt_ratio": 59.18,
            "inventory_turnover_ratio": 1.04,
            "account_receivable_turnover_ratio": 2.31,
            "reinvestment_rate": null,
            "research_to_sale_ratio": 13.86,
            "price_fair": 0,
            "eps_avg_yearly": 0,
            "eps_latest_yearly": 0,
            "eps_growth_yearly": 0
        },
        "20211": {
            "year_quarter": 20211,
            "year": 2021,
            "quarter": 1,
            "eps": -0.35,
            "eps_growth_year": null,
            "eps_4q": -1.61,
            "eps_4q_growth_year": null,
            "roe": -5.85,
            "roe_4q": -24.979999999999997,
            "gross_profit": 123812,
            "gross_margin": 19.48,
            "gross_margin_4q_avg": 19.16,
            "net_income": -61873,
            "net_income_4q": null,
            "revenue": 635673,
            "revenue_4q": null,
            "common_shares": 1794441,
            "book_valuer_per_share": 5.66,
            "book_valuer_per_share_4q_avg": 6.11,
            "equity": 1014673,
            "current_ratio": 124.19,
            "debt_ratio": 62.05,
            "inventory_turnover_ratio": 0.87,
            "account_receivable_turnover_ratio": 1.65,
            "reinvestment_rate": null,
            "research_to_sale_ratio": 16.22,
            "price_fair": 0,
            "eps_avg_yearly": 0,
            "eps_latest_yearly": 0,
            "eps_growth_yearly": 0
        },
        "20212": {
            "year_quarter": 20212,
            "year": 2021,
            "quarter": 2,
            "eps": 0.2,
            "eps_growth_year": null,
            "eps_4q": -0.68,
            "eps_4q_growth_year": null,
            "roe": 3.45,
            "roe_4q": -10.92,
            "gross_profit": 221250,
            "gross_margin": 24.53,
            "gross_margin_4q_avg": 20.87,
            "net_income": 35357,
            "net_income_4q": null,
            "revenue": 901825,
            "revenue_4q": null,
            "common_shares": 1794441,
            "book_valuer_per_share": 5.77,
            "book_valuer_per_share_4q_avg": 5.92,
            "equity": 1034543,
            "current_ratio": 126.45,
            "debt_ratio": 62.4,
            "inventory_turnover_ratio": 0.97,
            "account_receivable_turnover_ratio": 2.45,
            "reinvestment_rate": null,
            "research_to_sale_ratio": 11,
            "price_fair": 0,
            "eps_avg_yearly": 0,
            "eps_latest_yearly": 0,
            "eps_growth_yearly": 0
        },
        "20213": {
            "year_quarter": 20213,
            "year": 2021,
            "quarter": 3,
            "eps": -0.29,
            "eps_growth_year": null,
            "eps_4q": -0.48,
            "eps_4q_growth_year": null,
            "roe": -5.11,
            "roe_4q": -8.53,
            "gross_profit": 131748,
            "gross_margin": 19.9,
            "gross_margin_4q_avg": 20.65,
            "net_income": -53563,
            "net_income_4q": null,
            "revenue": 661984,
            "revenue_4q": null,
            "common_shares": 1894441,
            "book_valuer_per_share": 5.54,
            "book_valuer_per_share_4q_avg": 5.78,
            "equity": 1060642,
            "current_ratio": 130.96,
            "debt_ratio": 60.07,
            "inventory_turnover_ratio": 0.69,
            "account_receivable_turnover_ratio": 1.71,
            "reinvestment_rate": null,
            "research_to_sale_ratio": 15.77,
            "price_fair": 0,
            "eps_avg_yearly": 0,
            "eps_latest_yearly": 0,
            "eps_growth_yearly": 0
        },
        "20214": {
            "year_quarter": 20214,
            "year": 2021,
            "quarter": 4,
            "eps": -0.24,
            "eps_growth_year": null,
            "eps_4q": -0.67,
            "eps_4q_growth_year": null,
            "roe": -4.45,
            "roe_4q": -11.96,
            "gross_profit": 126928,
            "gross_margin": 20.19,
            "gross_margin_4q_avg": 21.03,
            "net_income": -45808,
            "net_income_4q": null,
            "revenue": 628634,
            "revenue_4q": null,
            "common_shares": 1894441,
            "book_valuer_per_share": 5.22,
            "book_valuer_per_share_4q_avg": 5.55,
            "equity": 1000265,
            "current_ratio": 126.05,
            "debt_ratio": 61.31,
            "inventory_turnover_ratio": 0.6,
            "account_receivable_turnover_ratio": 1.59,
            "reinvestment_rate": null,
            "research_to_sale_ratio": 15.16,
            "price_fair": 0,
            "eps_avg_yearly": 0,
            "eps_latest_yearly": 0,
            "eps_growth_yearly": 0
        },
        "20221": {
            "year_quarter": 20221,
            "year": 2022,
            "quarter": 1,
            "eps": -0.22,
            "eps_growth_year": null,
            "eps_4q": -0.56,
            "eps_4q_growth_year": null,
            "roe": -4.29,
            "roe_4q": -10.400000000000002,
            "gross_profit": 161161,
            "gross_margin": 22.24,
            "gross_margin_4q_avg": 21.72,
            "net_income": -42184,
            "net_income_4q": null,
            "revenue": 724687,
            "revenue_4q": null,
            "common_shares": 1894441,
            "book_valuer_per_share": 5.06,
            "book_valuer_per_share_4q_avg": 5.4,
            "equity": 967322,
            "current_ratio": 128.43,
            "debt_ratio": 65.19,
            "inventory_turnover_ratio": 0.63,
            "account_receivable_turnover_ratio": 1.47,
            "reinvestment_rate": null,
            "research_to_sale_ratio": 11.68,
            "price_fair": 0,
            "eps_avg_yearly": 0,
            "eps_latest_yearly": 0,
            "eps_growth_yearly": 0
        },
        "20222": {
            "year_quarter": 20222,
            "year": 2022,
            "quarter": 2,
            "eps": 0.05,
            "eps_growth_year": -75,
            "eps_4q": -0.68,
            "eps_4q_growth_year": null,
            "roe": 0.83,
            "roe_4q": -13.02,
            "gross_profit": 146544,
            "gross_margin": 23.33,
            "gross_margin_4q_avg": 21.42,
            "net_income": 8178,
            "net_income_4q": null,
            "revenue": 628087,
            "revenue_4q": null,
            "common_shares": 1932211,
            "book_valuer_per_share": 5.1,
            "book_valuer_per_share_4q_avg": 5.23,
            "equity": 994570,
            "current_ratio": 132.24,
            "debt_ratio": 63.76,
            "inventory_turnover_ratio": 0.55,
            "account_receivable_turnover_ratio": 1.15,
            "reinvestment_rate": null,
            "research_to_sale_ratio": 14.01,
            "price_fair": 0,
            "eps_avg_yearly": 0,
            "eps_latest_yearly": 0,
            "eps_growth_yearly": 0
        },
        "20223": {
            "year_quarter": 20223,
            "year": 2022,
            "quarter": 3,
            "eps": 0.28,
            "eps_growth_year": null,
            "eps_4q": -0.12,
            "eps_4q_growth_year": null,
            "roe": 5.16,
            "roe_4q": -2.75,
            "gross_profit": 240671,
            "gross_margin": 27.59,
            "gross_margin_4q_avg": 23.34,
            "net_income": 52531,
            "net_income_4q": null,
            "revenue": 872368,
            "revenue_4q": null,
            "common_shares": 1932211,
            "book_valuer_per_share": 5.32,
            "book_valuer_per_share_4q_avg": 5.18,
            "equity": 1040289,
            "current_ratio": 133.61,
            "debt_ratio": 63.85,
            "inventory_turnover_ratio": 0.75,
            "account_receivable_turnover_ratio": 1.49,
            "reinvestment_rate": null,
            "research_to_sale_ratio": 12.42,
            "price_fair": 39.2,
            "eps_avg_yearly": 1.12,
            "eps_latest_yearly": 1.12,
            "eps_growth_yearly": 1840
        },
        "20224": {
            "year_quarter": 20224,
            "year": 2022,
            "quarter": 4,
            "eps": -0.25,
            "eps_growth_year": null,
            "eps_4q": -0.15,
            "eps_4q_growth_year": null,
            "roe": -4.95,
            "roe_4q": -3.25,
            "gross_profit": 190120,
            "gross_margin": 31.31,
            "gross_margin_4q_avg": 26.12,
            "net_income": -55125,
            "net_income_4q": null,
            "revenue": 607298,
            "revenue_4q": null,
            "common_shares": 2132211,
            "book_valuer_per_share": 5.49,
            "book_valuer_per_share_4q_avg": 5.24,
            "equity": 1188088,
            "current_ratio": 143.56,
            "debt_ratio": 59.68,
            "inventory_turnover_ratio": 0.52,
            "account_receivable_turnover_ratio": 0.83,
            "reinvestment_rate": null,
            "research_to_sale_ratio": 19.88,
            "price_fair": 39.2,
            "eps_avg_yearly": 1.12,
            "eps_latest_yearly": 1.12,
            "eps_growth_yearly": 1840
        },
        "20231": {
            "year_quarter": 20231,
            "year": 2023,
            "quarter": 1,
            "eps": -0.45,
            "eps_growth_year": null,
            "eps_4q": -0.41,
            "eps_4q_growth_year": null,
            "roe": -8.39,
            "roe_4q": -7.35,
            "gross_profit": 72730,
            "gross_margin": 18.69,
            "gross_margin_4q_avg": 25.23,
            "net_income": -95974,
            "net_income_4q": null,
            "revenue": 389191,
            "revenue_4q": null,
            "common_shares": 2132211,
            "book_valuer_per_share": 5.12,
            "book_valuer_per_share_4q_avg": 5.26,
            "equity": 1098628,
            "current_ratio": 145.68,
            "debt_ratio": 56.59,
            "inventory_turnover_ratio": 0.42,
            "account_receivable_turnover_ratio": 0.59,
            "reinvestment_rate": null,
            "research_to_sale_ratio": 21.83,
            "price_fair": 39.2,
            "eps_avg_yearly": 1.12,
            "eps_latest_yearly": 1.12,
            "eps_growth_yearly": 1840
        },
        "20232": {
            "year_quarter": 20232,
            "year": 2023,
            "quarter": 2,
            "eps": -0.21,
            "eps_growth_year": -520,
            "eps_4q": -0.64,
            "eps_4q_growth_year": null,
            "roe": -4.17,
            "roe_4q": -12.350000000000001,
            "gross_profit": 104000,
            "gross_margin": 20.76,
            "gross_margin_4q_avg": 24.59,
            "net_income": -46025,
            "net_income_4q": null,
            "revenue": 500890,
            "revenue_4q": null,
            "common_shares": 2169341,
            "book_valuer_per_share": 5.06,
            "book_valuer_per_share_4q_avg": 5.25,
            "equity": 1109533,
            "current_ratio": 142.11,
            "debt_ratio": 57.64,
            "inventory_turnover_ratio": 0.56,
            "account_receivable_turnover_ratio": 0.84,
            "reinvestment_rate": null,
            "research_to_sale_ratio": 22.31,
            "price_fair": 39.2,
            "eps_avg_yearly": 1.12,
            "eps_latest_yearly": 1.12,
            "eps_growth_yearly": 1840
        },
        "20233": {
            "year_quarter": 20233,
            "year": 2023,
            "quarter": 3,
            "eps": -1.25,
            "eps_growth_year": -546.43,
            "eps_4q": -2.15,
            "eps_4q_growth_year": null,
            "roe": -27.8,
            "roe_4q": -45.31,
            "gross_profit": 100860,
            "gross_margin": 26.07,
            "gross_margin_4q_avg": 24.21,
            "net_income": -273170,
            "net_income_4q": null,
            "revenue": 386848,
            "revenue_4q": null,
            "common_shares": 2169341,
            "book_valuer_per_share": 3.92,
            "book_valuer_per_share_4q_avg": 4.9,
            "equity": 855683,
            "current_ratio": 119.94,
            "debt_ratio": 64.61,
            "inventory_turnover_ratio": 0.42,
            "account_receivable_turnover_ratio": 0.69,
            "reinvestment_rate": null,
            "research_to_sale_ratio": 28.37,
            "price_fair": 39.2,
            "eps_avg_yearly": 1.12,
            "eps_latest_yearly": 1.12,
            "eps_growth_yearly": 1840
        }
    },
    "months": {
        "2001-06": {
            "month": "2001-06",
            "price": "74.28",
            "revenue": 418801
        },
        "2001-07": {
            "month": "2001-07",
            "price": "60.29",
            "revenue": 251339
        },
        "2001-08": {
            "month": "2001-08",
            "price": "50.19",
            "revenue": 260070
        },
        "2001-09": {
            "month": "2001-09",
            "price": "38.46",
            "revenue": 339145
        },
        "2001-10": {
            "month": "2001-10",
            "price": "35.80",
            "revenue": 398483
        },
        "2001-11": {
            "month": "2001-11",
            "price": "41.17",
            "revenue": 322406
        },
        "2001-12": {
            "month": "2001-12",
            "price": "46.99",
            "revenue": 256099
        },
        "2002-01": {
            "month": "2002-01",
            "price": "48.50",
            "revenue": 244148
        },
        "2002-02": {
            "month": "2002-02",
            "price": "47.16",
            "revenue": 238520
        },
        "2002-03": {
            "month": "2002-03",
            "price": "49.62",
            "revenue": 238006
        },
        "2002-04": {
            "month": "2002-04",
            "price": "47.55",
            "revenue": 268951
        },
        "2002-05": {
            "month": "2002-05",
            "price": "41.16",
            "revenue": 280672
        },
        "2002-06": {
            "month": "2002-06",
            "price": "40.32",
            "revenue": 243712
        },
        "2002-07": {
            "month": "2002-07",
            "price": "29.30",
            "revenue": 234037
        },
        "2002-08": {
            "month": "2002-08",
            "price": "29.05",
            "revenue": 271199
        },
        "2002-09": {
            "month": "2002-09",
            "price": "27.36",
            "revenue": 210228
        },
        "2002-10": {
            "month": "2002-10",
            "price": "23.20",
            "revenue": 345447
        },
        "2002-11": {
            "month": "2002-11",
            "price": "25.72",
            "revenue": 429365
        },
        "2002-12": {
            "month": "2002-12",
            "price": "22.54",
            "revenue": 398330
        },
        "2003-01": {
            "month": "2003-01",
            "price": "21.53",
            "revenue": 254689
        },
        "2003-02": {
            "month": "2003-02",
            "price": "20.84",
            "revenue": 245687
        },
        "2003-03": {
            "month": "2003-03",
            "price": "20.38",
            "revenue": 247040
        },
        "2003-04": {
            "month": "2003-04",
            "price": "20.58",
            "revenue": 316291
        },
        "2003-05": {
            "month": "2003-05",
            "price": "19.89",
            "revenue": 311923
        },
        "2003-06": {
            "month": "2003-06",
            "price": "22.66",
            "revenue": 345612
        },
        "2003-07": {
            "month": "2003-07",
            "price": "28.58",
            "revenue": 342518
        },
        "2003-08": {
            "month": "2003-08",
            "price": "28.05",
            "revenue": 377722
        },
        "2003-09": {
            "month": "2003-09",
            "price": "27.36",
            "revenue": 411651
        },
        "2003-10": {
            "month": "2003-10",
            "price": "26.89",
            "revenue": 566061
        },
        "2003-11": {
            "month": "2003-11",
            "price": "27.97",
            "revenue": 623509
        },
        "2003-12": {
            "month": "2003-12",
            "price": "27.59",
            "revenue": 581984
        },
        "2004-01": {
            "month": "2004-01",
            "price": "28.51",
            "revenue": 461691
        },
        "2004-02": {
            "month": "2004-02",
            "price": "30.87",
            "revenue": 446346
        },
        "2004-03": {
            "month": "2004-03",
            "price": "29.20",
            "revenue": 423705
        },
        "2004-04": {
            "month": "2004-04",
            "price": "28.83",
            "revenue": 383251
        },
        "2004-05": {
            "month": "2004-05",
            "price": "24.39",
            "revenue": 354483
        },
        "2004-06": {
            "month": "2004-06",
            "price": "22.69",
            "revenue": 303697
        },
        "2004-07": {
            "month": "2004-07",
            "price": "20.12",
            "revenue": 231854
        },
        "2004-08": {
            "month": "2004-08",
            "price": "18.63",
            "revenue": 305989
        },
        "2004-09": {
            "month": "2004-09",
            "price": "19.52",
            "revenue": 347517
        },
        "2004-10": {
            "month": "2004-10",
            "price": "18.92",
            "revenue": 361387
        },
        "2004-11": {
            "month": "2004-11",
            "price": "18.86",
            "revenue": 366012
        },
        "2004-12": {
            "month": "2004-12",
            "price": "18.47",
            "revenue": 369238
        },
        "2005-01": {
            "month": "2005-01",
            "price": "16.48",
            "revenue": 302445
        },
        "2005-02": {
            "month": "2005-02",
            "price": "16.84",
            "revenue": 244683
        },
        "2005-03": {
            "month": "2005-03",
            "price": "16.73",
            "revenue": 334757
        },
        "2005-04": {
            "month": "2005-04",
            "price": "16.38",
            "revenue": 352995
        },
        "2005-05": {
            "month": "2005-05",
            "price": "15.63",
            "revenue": 403923
        },
        "2005-06": {
            "month": "2005-06",
            "price": "17.58",
            "revenue": 460342
        },
        "2005-07": {
            "month": "2005-07",
            "price": "26.52",
            "revenue": 462958
        },
        "2005-08": {
            "month": "2005-08",
            "price": "29.48",
            "revenue": 467450
        },
        "2005-09": {
            "month": "2005-09",
            "price": "26.65",
            "revenue": 389371
        },
        "2005-10": {
            "month": "2005-10",
            "price": "23.26",
            "revenue": 331344
        },
        "2005-11": {
            "month": "2005-11",
            "price": "25.81",
            "revenue": 461599
        },
        "2005-12": {
            "month": "2005-12",
            "price": "28.25",
            "revenue": 438013
        },
        "2006-01": {
            "month": "2006-01",
            "price": "28.36",
            "revenue": 371090
        },
        "2006-02": {
            "month": "2006-02",
            "price": "27.35",
            "revenue": 282122
        },
        "2006-03": {
            "month": "2006-03",
            "price": "26.68",
            "revenue": 342883
        },
        "2006-04": {
            "month": "2006-04",
            "price": "27.18",
            "revenue": 410507
        },
        "2006-05": {
            "month": "2006-05",
            "price": "27.31",
            "revenue": 449933
        },
        "2006-06": {
            "month": "2006-06",
            "price": "25.05",
            "revenue": 459987
        },
        "2006-07": {
            "month": "2006-07",
            "price": "23.24",
            "revenue": 373838
        },
        "2006-08": {
            "month": "2006-08",
            "price": "20.53",
            "revenue": 381943
        },
        "2006-09": {
            "month": "2006-09",
            "price": "19.95",
            "revenue": 395144
        },
        "2006-10": {
            "month": "2006-10",
            "price": "20.75",
            "revenue": 372345
        },
        "2006-11": {
            "month": "2006-11",
            "price": "21.31",
            "revenue": 389298
        },
        "2006-12": {
            "month": "2006-12",
            "price": "21.93",
            "revenue": 447044
        },
        "2007-01": {
            "month": "2007-01",
            "price": "22.04",
            "revenue": 379613
        },
        "2007-02": {
            "month": "2007-02",
            "price": "21.67",
            "revenue": 290338
        },
        "2007-03": {
            "month": "2007-03",
            "price": "21.34",
            "revenue": 421646
        },
        "2007-04": {
            "month": "2007-04",
            "price": "23.74",
            "revenue": 415688
        },
        "2007-05": {
            "month": "2007-05",
            "price": "21.64",
            "revenue": 416378
        },
        "2007-06": {
            "month": "2007-06",
            "price": "23.25",
            "revenue": 425784
        },
        "2007-07": {
            "month": "2007-07",
            "price": "23.41",
            "revenue": 375037
        },
        "2007-08": {
            "month": "2007-08",
            "price": "19.46",
            "revenue": 470345
        },
        "2007-09": {
            "month": "2007-09",
            "price": "19.34",
            "revenue": 487212
        },
        "2007-10": {
            "month": "2007-10",
            "price": "20.28",
            "revenue": 444706
        },
        "2007-11": {
            "month": "2007-11",
            "price": "19.98",
            "revenue": 478482
        },
        "2007-12": {
            "month": "2007-12",
            "price": "18.84",
            "revenue": 446798
        },
        "2008-01": {
            "month": "2008-01",
            "price": "18.15",
            "revenue": 419861
        },
        "2008-02": {
            "month": "2008-02",
            "price": "18.00",
            "revenue": 314922
        },
        "2008-03": {
            "month": "2008-03",
            "price": "18.26",
            "revenue": 502941
        },
        "2008-04": {
            "month": "2008-04",
            "price": "18.88",
            "revenue": 427830
        },
        "2008-05": {
            "month": "2008-05",
            "price": "17.70",
            "revenue": 415658
        },
        "2008-06": {
            "month": "2008-06",
            "price": "16.39",
            "revenue": 319782
        },
        "2008-07": {
            "month": "2008-07",
            "price": "13.35",
            "revenue": 380330
        },
        "2008-08": {
            "month": "2008-08",
            "price": "12.75",
            "revenue": 326516
        },
        "2008-09": {
            "month": "2008-09",
            "price": "11.03",
            "revenue": 352180
        },
        "2008-10": {
            "month": "2008-10",
            "price": "9.04",
            "revenue": 331577
        },
        "2008-11": {
            "month": "2008-11",
            "price": "7.77",
            "revenue": 337777
        },
        "2008-12": {
            "month": "2008-12",
            "price": "7.43",
            "revenue": 348034
        },
        "2009-01": {
            "month": "2009-01",
            "price": "7.12",
            "revenue": 218377
        },
        "2009-02": {
            "month": "2009-02",
            "price": "7.07",
            "revenue": 225446
        },
        "2009-03": {
            "month": "2009-03",
            "price": "8.12",
            "revenue": 352533
        },
        "2009-04": {
            "month": "2009-04",
            "price": "9.81",
            "revenue": 263813
        },
        "2009-05": {
            "month": "2009-05",
            "price": "10.46",
            "revenue": 253508
        },
        "2009-06": {
            "month": "2009-06",
            "price": "9.84",
            "revenue": 295468
        },
        "2009-07": {
            "month": "2009-07",
            "price": "10.27",
            "revenue": 337511
        },
        "2009-08": {
            "month": "2009-08",
            "price": "10.26",
            "revenue": 302252
        },
        "2009-09": {
            "month": "2009-09",
            "price": "12.09",
            "revenue": 308035
        },
        "2009-10": {
            "month": "2009-10",
            "price": "13.49",
            "revenue": 249893
        },
        "2009-11": {
            "month": "2009-11",
            "price": "15.61",
            "revenue": 293647
        },
        "2009-12": {
            "month": "2009-12",
            "price": "16.02",
            "revenue": 340098
        },
        "2010-01": {
            "month": "2010-01",
            "price": "16.32",
            "revenue": 236117
        },
        "2010-02": {
            "month": "2010-02",
            "price": "14.63",
            "revenue": 208420
        },
        "2010-03": {
            "month": "2010-03",
            "price": "15.72",
            "revenue": 290180
        },
        "2010-04": {
            "month": "2010-04",
            "price": "16.11",
            "revenue": 310626
        },
        "2010-05": {
            "month": "2010-05",
            "price": "21.23",
            "revenue": 321461
        },
        "2010-06": {
            "month": "2010-06",
            "price": "21.13",
            "revenue": 275087
        },
        "2010-07": {
            "month": "2010-07",
            "price": "19.42",
            "revenue": 294457
        },
        "2010-08": {
            "month": "2010-08",
            "price": "18.84",
            "revenue": 298459
        },
        "2010-09": {
            "month": "2010-09",
            "price": "16.65",
            "revenue": 326752
        },
        "2010-10": {
            "month": "2010-10",
            "price": "16.00",
            "revenue": 313089
        },
        "2010-11": {
            "month": "2010-11",
            "price": "15.67",
            "revenue": 342806
        },
        "2010-12": {
            "month": "2010-12",
            "price": "16.95",
            "revenue": 329645
        },
        "2011-01": {
            "month": "2011-01",
            "price": "18.62",
            "revenue": 265026
        },
        "2011-02": {
            "month": "2011-02",
            "price": "21.14",
            "revenue": 251372
        },
        "2011-03": {
            "month": "2011-03",
            "price": "23.72",
            "revenue": 360628
        },
        "2011-04": {
            "month": "2011-04",
            "price": "22.66",
            "revenue": 246417
        },
        "2011-05": {
            "month": "2011-05",
            "price": "19.89",
            "revenue": 308008
        },
        "2011-06": {
            "month": "2011-06",
            "price": "17.89",
            "revenue": 269187
        },
        "2011-07": {
            "month": "2011-07",
            "price": "16.15",
            "revenue": 231255
        },
        "2011-08": {
            "month": "2011-08",
            "price": "13.30",
            "revenue": 270035
        },
        "2011-09": {
            "month": "2011-09",
            "price": "12.08",
            "revenue": 340947
        },
        "2011-10": {
            "month": "2011-10",
            "price": "12.03",
            "revenue": 293180
        },
        "2011-11": {
            "month": "2011-11",
            "price": "12.06",
            "revenue": 296732
        },
        "2011-12": {
            "month": "2011-12",
            "price": "10.49",
            "revenue": 337392
        },
        "2012-01": {
            "month": "2012-01",
            "price": "11.07",
            "revenue": 202102
        },
        "2012-02": {
            "month": "2012-02",
            "price": "12.80",
            "revenue": 251099
        },
        "2012-03": {
            "month": "2012-03",
            "price": "12.76",
            "revenue": 244716
        },
        "2012-04": {
            "month": "2012-04",
            "price": "10.89",
            "revenue": 307224
        },
        "2012-05": {
            "month": "2012-05",
            "price": "10.01",
            "revenue": 284951
        },
        "2012-06": {
            "month": "2012-06",
            "price": "9.34",
            "revenue": 289691
        },
        "2012-07": {
            "month": "2012-07",
            "price": "9.36",
            "revenue": 356650
        },
        "2012-08": {
            "month": "2012-08",
            "price": "9.57",
            "revenue": 315440
        },
        "2012-09": {
            "month": "2012-09",
            "price": "9.84",
            "revenue": 395888
        },
        "2012-10": {
            "month": "2012-10",
            "price": "8.94",
            "revenue": 262119
        },
        "2012-11": {
            "month": "2012-11",
            "price": "7.60",
            "revenue": 392978
        },
        "2012-12": {
            "month": "2012-12",
            "price": "8.85",
            "revenue": 300966
        },
        "2013-01": {
            "month": "2013-01",
            "price": "8.61",
            "revenue": 232945
        },
        "2013-02": {
            "month": "2013-02",
            "price": "8.66",
            "revenue": 194591
        },
        "2013-03": {
            "month": "2013-03",
            "price": "8.47",
            "revenue": 197404
        },
        "2013-04": {
            "month": "2013-04",
            "price": "8.19",
            "revenue": 198474
        },
        "2013-05": {
            "month": "2013-05",
            "price": "8.42",
            "revenue": 249874
        },
        "2013-06": {
            "month": "2013-06",
            "price": "8.59",
            "revenue": 231307
        },
        "2013-07": {
            "month": "2013-07",
            "price": "8.19",
            "revenue": 315889
        },
        "2013-08": {
            "month": "2013-08",
            "price": "7.91",
            "revenue": 252559
        },
        "2013-09": {
            "month": "2013-09",
            "price": "7.91",
            "revenue": 208418
        },
        "2013-10": {
            "month": "2013-10",
            "price": "8.97",
            "revenue": 264461
        },
        "2013-11": {
            "month": "2013-11",
            "price": "10.94",
            "revenue": 253293
        },
        "2013-12": {
            "month": "2013-12",
            "price": "9.97",
            "revenue": 237984
        },
        "2014-01": {
            "month": "2014-01",
            "price": "10.52",
            "revenue": 213371
        },
        "2014-02": {
            "month": "2014-02",
            "price": "10.12",
            "revenue": 184245
        },
        "2014-03": {
            "month": "2014-03",
            "price": "10.47",
            "revenue": 254924
        },
        "2014-04": {
            "month": "2014-04",
            "price": "10.60",
            "revenue": 285719
        },
        "2014-05": {
            "month": "2014-05",
            "price": "10.50",
            "revenue": 259490
        },
        "2014-06": {
            "month": "2014-06",
            "price": "10.69",
            "revenue": 250074
        },
        "2014-07": {
            "month": "2014-07",
            "price": "10.98",
            "revenue": 215155
        },
        "2014-08": {
            "month": "2014-08",
            "price": "10.16",
            "revenue": 210651
        },
        "2014-09": {
            "month": "2014-09",
            "price": "10.02",
            "revenue": 209744
        },
        "2014-10": {
            "month": "2014-10",
            "price": "8.74",
            "revenue": 235108
        },
        "2014-11": {
            "month": "2014-11",
            "price": "8.19",
            "revenue": 211003
        },
        "2014-12": {
            "month": "2014-12",
            "price": "8.81",
            "revenue": 265646
        },
        "2015-01": {
            "month": "2015-01",
            "price": "9.50",
            "revenue": 210359
        },
        "2015-02": {
            "month": "2015-02",
            "price": "9.12",
            "revenue": 147512
        },
        "2015-03": {
            "month": "2015-03",
            "price": "9.12",
            "revenue": 257082
        },
        "2015-04": {
            "month": "2015-04",
            "price": "8.92",
            "revenue": 220739
        },
        "2015-05": {
            "month": "2015-05",
            "price": "8.44",
            "revenue": 222761
        },
        "2015-06": {
            "month": "2015-06",
            "price": "8.19",
            "revenue": 190523
        },
        "2015-07": {
            "month": "2015-07",
            "price": "7.39",
            "revenue": 247281
        },
        "2015-08": {
            "month": "2015-08",
            "price": "6.94",
            "revenue": 167328
        },
        "2015-09": {
            "month": "2015-09",
            "price": "7.18",
            "revenue": 208967
        },
        "2015-10": {
            "month": "2015-10",
            "price": "7.44",
            "revenue": 195750
        },
        "2015-11": {
            "month": "2015-11",
            "price": "7.42",
            "revenue": 200418
        },
        "2015-12": {
            "month": "2015-12",
            "price": "7.41",
            "revenue": 195060
        },
        "2016-01": {
            "month": "2016-01",
            "price": "7.30",
            "revenue": 170668
        },
        "2016-02": {
            "month": "2016-02",
            "price": "7.32",
            "revenue": 117130
        },
        "2016-03": {
            "month": "2016-03",
            "price": "7.42",
            "revenue": 187553
        },
        "2016-04": {
            "month": "2016-04",
            "price": "7.14",
            "revenue": 188127
        },
        "2016-05": {
            "month": "2016-05",
            "price": "6.97",
            "revenue": 211204
        },
        "2016-06": {
            "month": "2016-06",
            "price": "6.97",
            "revenue": 202379
        },
        "2016-07": {
            "month": "2016-07",
            "price": "7.09",
            "revenue": 192714
        },
        "2016-08": {
            "month": "2016-08",
            "price": "6.98",
            "revenue": 212650
        },
        "2016-09": {
            "month": "2016-09",
            "price": "6.95",
            "revenue": 195871
        },
        "2016-10": {
            "month": "2016-10",
            "price": "6.81",
            "revenue": 211052
        },
        "2016-11": {
            "month": "2016-11",
            "price": "6.66",
            "revenue": 208660
        },
        "2016-12": {
            "month": "2016-12",
            "price": "6.54",
            "revenue": 174758
        },
        "2017-01": {
            "month": "2017-01",
            "price": "6.72",
            "revenue": 173350
        },
        "2017-02": {
            "month": "2017-02",
            "price": "7.22",
            "revenue": 123967
        },
        "2017-03": {
            "month": "2017-03",
            "price": "7.22",
            "revenue": 152576
        },
        "2017-04": {
            "month": "2017-04",
            "price": "7.05",
            "revenue": 111537
        },
        "2017-05": {
            "month": "2017-05",
            "price": "6.99",
            "revenue": 134626
        },
        "2017-06": {
            "month": "2017-06",
            "price": "6.78",
            "revenue": 145691
        },
        "2017-07": {
            "month": "2017-07",
            "price": "6.60",
            "revenue": 171603
        },
        "2017-08": {
            "month": "2017-08",
            "price": "6.56",
            "revenue": 179528
        },
        "2017-09": {
            "month": "2017-09",
            "price": "6.80",
            "revenue": 220083
        },
        "2017-10": {
            "month": "2017-10",
            "price": "6.87",
            "revenue": 187632
        },
        "2017-11": {
            "month": "2017-11",
            "price": "6.73",
            "revenue": 228847
        },
        "2017-12": {
            "month": "2017-12",
            "price": "6.73",
            "revenue": 179766
        },
        "2018-01": {
            "month": "2018-01",
            "price": "6.98",
            "revenue": 219426
        },
        "2018-02": {
            "month": "2018-02",
            "price": "6.88",
            "revenue": 109364
        },
        "2018-03": {
            "month": "2018-03",
            "price": "7.09",
            "revenue": 228876
        },
        "2018-04": {
            "month": "2018-04",
            "price": "6.88",
            "revenue": 156846
        },
        "2018-05": {
            "month": "2018-05",
            "price": "6.26",
            "revenue": 157876
        },
        "2018-06": {
            "month": "2018-06",
            "price": "6.59",
            "revenue": 160419
        },
        "2018-07": {
            "month": "2018-07",
            "price": "6.31",
            "revenue": 189270
        },
        "2018-08": {
            "month": "2018-08",
            "price": "6.08",
            "revenue": 149879
        },
        "2018-09": {
            "month": "2018-09",
            "price": "5.47",
            "revenue": 154056
        },
        "2018-10": {
            "month": "2018-10",
            "price": "4.68",
            "revenue": 169092
        },
        "2018-11": {
            "month": "2018-11",
            "price": "4.37",
            "revenue": 208247
        },
        "2018-12": {
            "month": "2018-12",
            "price": "4.54",
            "revenue": 179837
        },
        "2019-01": {
            "month": "2019-01",
            "price": "4.28",
            "revenue": 139927
        },
        "2019-02": {
            "month": "2019-02",
            "price": "4.29",
            "revenue": 101014
        },
        "2019-03": {
            "month": "2019-03",
            "price": "4.10",
            "revenue": 151725
        },
        "2019-04": {
            "month": "2019-04",
            "price": "3.84",
            "revenue": 147291
        },
        "2019-05": {
            "month": "2019-05",
            "price": "3.32",
            "revenue": 157807
        },
        "2019-06": {
            "month": "2019-06",
            "price": "3.26",
            "revenue": 161659
        },
        "2019-07": {
            "month": "2019-07",
            "price": "3.45",
            "revenue": 137806
        },
        "2019-08": {
            "month": "2019-08",
            "price": "3.47",
            "revenue": 99631
        },
        "2019-09": {
            "month": "2019-09",
            "price": "3.40",
            "revenue": 115528
        },
        "2019-10": {
            "month": "2019-10",
            "price": "4.12",
            "revenue": 105550
        },
        "2019-11": {
            "month": "2019-11",
            "price": "3.70",
            "revenue": 141085
        },
        "2019-12": {
            "month": "2019-12",
            "price": "4.02",
            "revenue": 142616
        },
        "2020-01": {
            "month": "2020-01",
            "price": "4.00",
            "revenue": 94856
        },
        "2020-02": {
            "month": "2020-02",
            "price": "3.84",
            "revenue": 84369
        },
        "2020-03": {
            "month": "2020-03",
            "price": "3.46",
            "revenue": 115604
        },
        "2020-04": {
            "month": "2020-04",
            "price": "3.51",
            "revenue": 90226
        },
        "2020-05": {
            "month": "2020-05",
            "price": "3.59",
            "revenue": 78064
        },
        "2020-06": {
            "month": "2020-06",
            "price": "3.66",
            "revenue": 118622
        },
        "2020-07": {
            "month": "2020-07",
            "price": "4.82",
            "revenue": 164829
        },
        "2020-08": {
            "month": "2020-08",
            "price": "5.14",
            "revenue": 163044
        },
        "2020-09": {
            "month": "2020-09",
            "price": "6.02",
            "revenue": 178860
        },
        "2020-10": {
            "month": "2020-10",
            "price": "6.69",
            "revenue": 189693
        },
        "2020-11": {
            "month": "2020-11",
            "price": "6.30",
            "revenue": 277808
        },
        "2020-12": {
            "month": "2020-12",
            "price": "7.15",
            "revenue": 266767
        },
        "2021-01": {
            "month": "2021-01",
            "price": "7.92",
            "revenue": 228040
        },
        "2021-02": {
            "month": "2021-02",
            "price": "7.93",
            "revenue": 123639
        },
        "2021-03": {
            "month": "2021-03",
            "price": "8.70",
            "revenue": 279749
        },
        "2021-04": {
            "month": "2021-04",
            "price": "13.74",
            "revenue": 286603
        },
        "2021-05": {
            "month": "2021-05",
            "price": "12.50",
            "revenue": 284132
        },
        "2021-06": {
            "month": "2021-06",
            "price": "12.27",
            "revenue": 329761
        },
        "2021-07": {
            "month": "2021-07",
            "price": "11.34",
            "revenue": 260198
        },
        "2021-08": {
            "month": "2021-08",
            "price": "10.94",
            "revenue": 205634
        },
        "2021-09": {
            "month": "2021-09",
            "price": "10.43",
            "revenue": 180988
        },
        "2021-10": {
            "month": "2021-10",
            "price": "9.80",
            "revenue": 195149
        },
        "2021-11": {
            "month": "2021-11",
            "price": "10.83",
            "revenue": 217679
        },
        "2021-12": {
            "month": "2021-12",
            "price": "15.05",
            "revenue": 225020
        },
        "2022-01": {
            "month": "2022-01",
            "price": "15.05",
            "revenue": 254733
        },
        "2022-02": {
            "month": "2022-02",
            "price": "14.34",
            "revenue": 170332
        },
        "2022-03": {
            "month": "2022-03",
            "price": "12.25",
            "revenue": 299470
        },
        "2022-04": {
            "month": "2022-04",
            "price": "11.20",
            "revenue": 135322
        },
        "2022-05": {
            "month": "2022-05",
            "price": "10.47",
            "revenue": 220015
        },
        "2022-06": {
            "month": "2022-06",
            "price": "10.37",
            "revenue": 277576
        },
        "2022-07": {
            "month": "2022-07",
            "price": "9.96",
            "revenue": 210220
        },
        "2022-08": {
            "month": "2022-08",
            "price": "12.94",
            "revenue": 259548
        },
        "2022-09": {
            "month": "2022-09",
            "price": "12.68",
            "revenue": 344485
        },
        "2022-10": {
            "month": "2022-10",
            "price": "11.74",
            "revenue": 256419
        },
        "2022-11": {
            "month": "2022-11",
            "price": "12.41",
            "revenue": 230391
        },
        "2022-12": {
            "month": "2022-12",
            "price": "12.32",
            "revenue": 176834
        },
        "2023-01": {
            "month": "2023-01",
            "price": "10.68",
            "revenue": 124611
        },
        "2023-02": {
            "month": "2023-02",
            "price": "10.86",
            "revenue": 131650
        },
        "2023-03": {
            "month": "2023-03",
            "price": "10.58",
            "revenue": 177744
        },
        "2023-04": {
            "month": "2023-04",
            "price": "10.22",
            "revenue": 133477
        },
        "2023-05": {
            "month": "2023-05",
            "price": "9.99",
            "revenue": 145887
        },
        "2023-06": {
            "month": "2023-06",
            "price": "10.08",
            "revenue": 224487
        },
        "2023-07": {
            "month": "2023-07",
            "price": "10.50",
            "revenue": 171181
        },
        "2023-08": {
            "month": "2023-08",
            "price": "9.85",
            "revenue": 150032
        },
        "2023-09": {
            "month": "2023-09",
            "price": "9.57",
            "revenue": 142782
        },
        "2023-10": {
            "month": "2023-10",
            "price": "9.22",
            "revenue": 223946
        },
        "2023-11": {
            "month": "2023-11",
            "price": "8.09",
            "revenue": 251441
        },
        "2023-12": {
            "month": "2023-12",
            "price": "6.74",
            "revenue": 216800
        }
    }
}
