{
    "summary": {
        "stock_name": "廣達",
        "stock_id": "2382",
        "category": "電腦及週邊設備",
        "main_business": "電子<br>筆記型電腦及相關產品",
        "website_url": "http://www.quantatw.com",
        "ceo": "梁次震",
        "pe_ratio": 24,
        "report_year_from": 2001,
        "report_year_to": 2023,
        "age": 22,
        "eps_negative_percentage": 0,
        "eps_growth_avg": {
            "last_all": 3.96,
            "last_2y": 25.87,
            "last_4y": 17.72,
            "last_8y": 7.09,
            "last_12y": 5.58,
            "last_16y": 8.17,
            "last_20y": 3.96,
            "at_2006_last_3y": -3.12,
            "at_2007_last_3y": 4.25,
            "at_2008_last_3y": 10.52,
            "at_2009_last_3y": 16.6,
            "at_2010_last_3y": 2.27,
            "at_2011_last_3y": 10.28,
            "at_2012_last_3y": 9.31,
            "at_2013_last_3y": 2.17,
            "at_2014_last_3y": 13.13,
            "at_2015_last_3y": -5.99,
            "at_2016_last_3y": -9.72,
            "at_2017_last_3y": -6.19,
            "at_2018_last_3y": -5.15,
            "at_2019_last_3y": -2.32,
            "at_2020_last_3y": 16.09,
            "at_2021_last_3y": 25.64,
            "at_2022_last_3y": 20.8,
            "at_2023_last_3y": 20.8,
            "at_2006_last_all": -8.23,
            "at_2007_last_all": -0.4,
            "at_2008_last_all": 0.21,
            "at_2009_last_all": 1.32,
            "at_2010_last_all": -3.56,
            "at_2011_last_all": 3.87,
            "at_2012_last_all": 3.52,
            "at_2013_last_all": 1.6,
            "at_2014_last_all": 1.57,
            "at_2015_last_all": 1.05,
            "at_2016_last_all": -0.01,
            "at_2017_last_all": -0.34,
            "at_2018_last_all": -0.01,
            "at_2019_last_all": 0.3,
            "at_2020_last_all": 3.38,
            "at_2021_last_all": 4.85,
            "at_2022_last_all": 3.96,
            "at_2023_last_all": 3.96
        },
        "latest_eps": 9.04,
        "latest_price": 219,
        "latest_roe": 21.61,
        "latest_gross_margin": 8.52,
        "latest_equity": 172263133,
        "latest_revenue": 245029412,
        "latest_gross_profit": 20882329,
        "latest_net_income": 10273449,
        "latest_debt_ratio": 74.21,
        "latest_current_ratio": 120.55,
        "latest_account_receivable_turnover_ratio": 0.97,
        "latest_inventory_turnover_ratio": 1.41,
        "latest_reinvestment_rate": 14.17,
        "latest_research_to_sale_ratio": 2.17
    },
    "eps_dividends": {
        "1999": {
            "cash": 1.2,
            "stock": 1.68,
            "eps": 0
        },
        "2001": {
            "cash": 2,
            "stock": 2.5,
            "eps": 6.53
        },
        "2002": {
            "cash": 2.5,
            "stock": 1.5,
            "eps": 4.66
        },
        "2003": {
            "cash": 2,
            "stock": 1,
            "eps": 5.09
        },
        "2004": {
            "cash": 2,
            "stock": 1,
            "eps": 4.01
        },
        "2005": {
            "cash": 2.5,
            "stock": 0.5,
            "eps": 3.4
        },
        "2006": {
            "cash": 2.5,
            "stock": 0.2,
            "eps": 3.9
        },
        "2007": {
            "cash": 2.5,
            "stock": 0.2,
            "eps": 5.41
        },
        "2008": {
            "cash": 3.5,
            "stock": 0.3,
            "eps": 5.62
        },
        "2009": {
            "cash": 3.5,
            "stock": 0.1,
            "eps": 6.13
        },
        "2010": {
            "cash": 3.68,
            "stock": 0,
            "eps": 3.52
        },
        "2011": {
            "cash": 7.6,
            "stock": 0,
            "eps": 6.01
        },
        "2012": {
            "cash": 0,
            "stock": 0,
            "eps": 6.01
        },
        "2013": {
            "cash": 4,
            "stock": 0,
            "eps": 4.84
        },
        "2014": {
            "cash": 3.8,
            "stock": 0,
            "eps": 4.9
        },
        "2015": {
            "cash": 4,
            "stock": 0,
            "eps": 4.62
        },
        "2016": {
            "cash": 3.8,
            "stock": 0,
            "eps": 3.93
        },
        "2017": {
            "cash": 3.5,
            "stock": 0,
            "eps": 3.72
        },
        "2018": {
            "cash": 3.4,
            "stock": 0,
            "eps": 3.92
        },
        "2019": {
            "cash": 3.55,
            "stock": 0,
            "eps": 4.14
        },
        "2020": {
            "cash": 3.7,
            "stock": 0,
            "eps": 6.57
        },
        "2021": {
            "cash": 5.2,
            "stock": 0,
            "eps": 8.73
        },
        "2022": {
            "cash": 6.6,
            "stock": 0,
            "eps": 7.51
        },
        "2023": {
            "cash": 6,
            "stock": 0,
            "eps": 4.31
        }
    },
    "dividends": {
        "1999-04-28": {
            "cash": 1.2,
            "stock": 1.68
        },
        "2001-06-20": {
            "cash": 2,
            "stock": 2.5
        },
        "2002-06-03": {
            "cash": 2.5,
            "stock": 1.5
        },
        "2003-04-29": {
            "cash": 2,
            "stock": 1
        },
        "2004-06-15": {
            "cash": 2,
            "stock": 1
        },
        "2005-05-03": {
            "cash": 2.5,
            "stock": 0.5
        },
        "2006-05-02": {
            "cash": 2.5,
            "stock": 0.2
        },
        "2007-03-26": {
            "cash": 2.5,
            "stock": 0.2
        },
        "2008-04-29": {
            "cash": 3.5,
            "stock": 0.3
        },
        "2009-04-29": {
            "cash": 3.5,
            "stock": 0.1
        },
        "2010-04-26": {
            "cash": 3.68,
            "stock": 0
        },
        "2011-01-01": {
            "cash": 4,
            "stock": 0
        },
        "2011-05-03": {
            "cash": 3.6,
            "stock": 0
        },
        "2013-05-14": {
            "cash": 4,
            "stock": 0
        },
        "2014-09-01": {
            "cash": 3.8,
            "stock": 0
        },
        "2015-08-26": {
            "cash": 4,
            "stock": 0
        },
        "2016-08-26": {
            "cash": 3.8,
            "stock": 0
        },
        "2017-08-25": {
            "cash": 3.5,
            "stock": 0
        },
        "2018-08-24": {
            "cash": 3.4,
            "stock": 0
        },
        "2019-08-23": {
            "cash": 3.55,
            "stock": 0
        },
        "2020-08-27": {
            "cash": 3.7,
            "stock": 0
        },
        "2021-08-19": {
            "cash": 5.2,
            "stock": 0
        },
        "2022-08-25": {
            "cash": 6.6,
            "stock": 0
        },
        "2023-05-19": {
            "cash": 6,
            "stock": 0
        }
    },
    "prices": {
        "200101": "89.50",
        "200102": "97.47",
        "200103": "110.66",
        "200104": "113.78",
        "200105": "109.05",
        "200106": "115.90",
        "200107": "106.24",
        "200108": "82.50",
        "200109": "70.35",
        "200110": "70.60",
        "200111": "80.02",
        "200112": "102.83",
        "200201": "135.50",
        "200202": "126.67",
        "200203": "126.31",
        "200204": "122.17",
        "200205": "105.09",
        "200206": "94.30",
        "200207": "84.78",
        "200208": "79.82",
        "200209": "68.35",
        "200210": "65.05",
        "200211": "73.05",
        "200212": "65.32",
        "200301": "65.82",
        "200302": "59.56",
        "200303": "64.12",
        "200304": "66.95",
        "200305": "64.17",
        "200306": "72.80",
        "200307": "81.91",
        "200308": "84.86",
        "200309": "84.48",
        "200310": "89.64",
        "200311": "86.90",
        "200312": "83.50",
        "200401": "85.00",
        "200402": "80.10",
        "200403": "79.63",
        "200404": "78.48",
        "200405": "68.95",
        "200406": "70.05",
        "200407": "63.50",
        "200408": "57.52",
        "200409": "59.40",
        "200410": "56.75",
        "200411": "56.20",
        "200412": "54.48",
        "200501": "52.11",
        "200502": "55.92",
        "200503": "52.33",
        "200504": "52.61",
        "200505": "55.99",
        "200506": "59.80",
        "200507": "61.04",
        "200508": "57.02",
        "200509": "52.82",
        "200510": "50.58",
        "200511": "50.50",
        "200512": "49.19",
        "200601": "48.27",
        "200602": "49.52",
        "200603": "50.83",
        "200604": "55.87",
        "200605": "52.11",
        "200606": "49.32",
        "200607": "47.83",
        "200608": "46.10",
        "200609": "49.19",
        "200610": "51.72",
        "200611": "54.07",
        "200612": "56.50",
        "200701": "56.73",
        "200702": "56.72",
        "200703": "51.77",
        "200704": "50.54",
        "200705": "48.68",
        "200706": "50.81",
        "200707": "54.80",
        "200708": "53.01",
        "200709": "51.71",
        "200710": "52.07",
        "200711": "50.43",
        "200712": "46.35",
        "200801": "40.47",
        "200802": "39.31",
        "200803": "40.77",
        "200804": "46.70",
        "200805": "51.09",
        "200806": "48.35",
        "200807": "45.80",
        "200808": "46.99",
        "200809": "43.24",
        "200810": "34.56",
        "200811": "36.48",
        "200812": "36.31",
        "200901": "31.97",
        "200902": "35.42",
        "200903": "39.47",
        "200904": "44.89",
        "200905": "52.13",
        "200906": "51.66",
        "200907": "61.52",
        "200908": "61.66",
        "200909": "70.68",
        "200910": "66.06",
        "200911": "65.36",
        "200912": "68.04",
        "201001": "67.94",
        "201002": "63.86",
        "201003": "63.23",
        "201004": "60.82",
        "201005": "56.52",
        "201006": "58.26",
        "201007": "60.12",
        "201008": "52.91",
        "201009": "48.46",
        "201010": "51.90",
        "201011": "57.75",
        "201012": "61.92",
        "201101": "60.86",
        "201102": "56.59",
        "201103": "55.69",
        "201104": "54.31",
        "201105": "60.48",
        "201106": "66.71",
        "201107": "69.23",
        "201108": "58.69",
        "201109": "55.44",
        "201110": "60.24",
        "201111": "60.35",
        "201112": "61.26",
        "201201": "64.89",
        "201202": "69.06",
        "201203": "70.92",
        "201204": "75.42",
        "201205": "80.14",
        "201206": "79.03",
        "201207": "76.70",
        "201208": "76.19",
        "201209": "78.19",
        "201210": "70.85",
        "201211": "70.56",
        "201212": "68.41",
        "201301": "64.69",
        "201302": "66.47",
        "201303": "65.25",
        "201304": "60.24",
        "201305": "63.28",
        "201306": "62.08",
        "201307": "67.90",
        "201308": "62.79",
        "201309": "65.69",
        "201310": "67.08",
        "201311": "65.50",
        "201312": "67.35",
        "201401": "73.71",
        "201402": "74.51",
        "201403": "80.04",
        "201404": "81.64",
        "201405": "80.31",
        "201406": "83.16",
        "201407": "86.98",
        "201408": "83.09",
        "201409": "79.61",
        "201410": "74.31",
        "201411": "75.12",
        "201412": "77.59",
        "201501": "78.00",
        "201502": "79.25",
        "201503": "77.30",
        "201504": "76.10",
        "201505": "77.72",
        "201506": "72.41",
        "201507": "66.70",
        "201508": "57.79",
        "201509": "59.94",
        "201510": "57.25",
        "201511": "54.05",
        "201512": "53.59",
        "201601": "50.15",
        "201602": "54.84",
        "201603": "57.43",
        "201604": "55.03",
        "201605": "54.58",
        "201606": "58.71",
        "201607": "64.17",
        "201608": "60.22",
        "201609": "62.70",
        "201610": "65.70",
        "201611": "60.23",
        "201612": "59.54",
        "201701": "62.44",
        "201702": "62.93",
        "201703": "64.65",
        "201704": "62.86",
        "201705": "64.36",
        "201706": "70.37",
        "201707": "74.11",
        "201708": "71.61",
        "201709": "69.36",
        "201710": "71.03",
        "201711": "68.25",
        "201712": "61.08",
        "201801": "63.34",
        "201802": "60.43",
        "201803": "59.78",
        "201804": "55.51",
        "201805": "53.08",
        "201806": "54.80",
        "201807": "53.26",
        "201808": "52.43",
        "201809": "51.82",
        "201810": "49.35",
        "201811": "49.32",
        "201812": "50.72",
        "201901": "54.20",
        "201902": "56.61",
        "201903": "56.64",
        "201904": "59.30",
        "201905": "57.60",
        "201906": "59.69",
        "201907": "60.65",
        "201908": "55.27",
        "201909": "56.57",
        "201910": "56.06",
        "201911": "61.93",
        "201912": "62.75",
        "202001": "63.68",
        "202002": "63.12",
        "202003": "58.87",
        "202004": "62.62",
        "202005": "66.88",
        "202006": "69.83",
        "202007": "78.11",
        "202008": "77.78",
        "202009": "76.25",
        "202010": "73.13",
        "202011": "74.83",
        "202012": "79.57",
        "202101": "83.52",
        "202102": "86.12",
        "202103": "90.07",
        "202104": "97.75",
        "202105": "90.40",
        "202106": "87.12",
        "202107": "87.66",
        "202108": "76.23",
        "202109": "77.01",
        "202110": "78.13",
        "202111": "84.27",
        "202112": "89.75",
        "202201": "92.92",
        "202202": "93.79",
        "202203": "91.65",
        "202204": "85.15",
        "202205": "79.60",
        "202206": "80.03",
        "202207": "80.39",
        "202208": "79.13",
        "202209": "78.76",
        "202210": "71.56",
        "202211": "69.96",
        "202212": "71.99",
        "202301": "73.53",
        "202302": "78.17",
        "202303": "83.74",
        "202304": "86.17",
        "202305": "101.31",
        "202306": "136.25",
        "202307": "204.07",
        "202308": "243.91",
        "202309": "236.12"
    },
    "quarters": {
        "20011": {
            "year_quarter": 20011,
            "year": 2001,
            "quarter": 1,
            "eps": 1.56,
            "eps_growth_year": 18.18,
            "eps_4q": 5.85,
            "eps_4q_growth_year": -21.05,
            "roe": 7.71,
            "roe_4q": 7.71,
            "gross_profit": 3320447,
            "gross_margin": 12.54,
            "gross_margin_4q_avg": 12.54,
            "net_income": 2555776,
            "revenue": 26475765,
            "common_shares": 16420000,
            "book_valuer_per_share": 20.96,
            "book_valuer_per_share_4q_avg": 20.96,
            "equity": 34423490,
            "current_ratio": 170.45,
            "debt_ratio": 44.34,
            "inventory_turnover_ratio": 3.49,
            "account_receivable_turnover_ratio": null,
            "reinvestment_rate": null,
            "research_to_sale_ratio": null,
            "price_fair": 0,
            "eps_avg_yearly": 0,
            "eps_latest_yearly": 0,
            "eps_growth_yearly": 0
        },
        "20012": {
            "year_quarter": 20012,
            "year": 2001,
            "quarter": 2,
            "eps": 2.24,
            "eps_growth_year": 91.45,
            "eps_4q": 6.9,
            "eps_4q_growth_year": 38.28,
            "roe": 10.66,
            "roe_4q": 18.37,
            "gross_profit": 4195124,
            "gross_margin": 14.34,
            "gross_margin_4q_avg": 13.44,
            "net_income": 3684844,
            "revenue": 29246377,
            "common_shares": 16420000,
            "book_valuer_per_share": 21.14,
            "book_valuer_per_share_4q_avg": 21.05,
            "equity": 34716378,
            "current_ratio": 158.61,
            "debt_ratio": 47.64,
            "inventory_turnover_ratio": 3.43,
            "account_receivable_turnover_ratio": null,
            "reinvestment_rate": null,
            "research_to_sale_ratio": null,
            "price_fair": 0,
            "eps_avg_yearly": 0,
            "eps_latest_yearly": 0,
            "eps_growth_yearly": 0
        },
        "20013": {
            "year_quarter": 20013,
            "year": 2001,
            "quarter": 3,
            "eps": 1.38,
            "eps_growth_year": 11.29,
            "eps_4q": 5.85,
            "eps_4q_growth_year": 22.23,
            "roe": 7.95,
            "roe_4q": 26.32,
            "gross_profit": 3497945,
            "gross_margin": 12.61,
            "gross_margin_4q_avg": 13.16,
            "net_income": 2873633,
            "revenue": 27734689,
            "common_shares": 20825000,
            "book_valuer_per_share": 18.05,
            "book_valuer_per_share_4q_avg": 20.05,
            "equity": 37598299,
            "current_ratio": 175.49,
            "debt_ratio": 43.04,
            "inventory_turnover_ratio": 3.3,
            "account_receivable_turnover_ratio": null,
            "reinvestment_rate": null,
            "research_to_sale_ratio": null,
            "price_fair": 0,
            "eps_avg_yearly": 0,
            "eps_latest_yearly": 0,
            "eps_growth_yearly": 0
        },
        "20014": {
            "year_quarter": 20014,
            "year": 2001,
            "quarter": 4,
            "eps": 1.35,
            "eps_growth_year": -27.81,
            "eps_4q": 5.72,
            "eps_4q_growth_year": 9.74,
            "roe": 7.22,
            "roe_4q": 33.54,
            "gross_profit": 3277670,
            "gross_margin": 11.36,
            "gross_margin_4q_avg": 12.71,
            "net_income": 2818458,
            "revenue": 28856520,
            "common_shares": 20825000,
            "book_valuer_per_share": 19.42,
            "book_valuer_per_share_4q_avg": 19.89,
            "equity": 40443771,
            "current_ratio": 171.63,
            "debt_ratio": 44.58,
            "inventory_turnover_ratio": 2.89,
            "account_receivable_turnover_ratio": null,
            "reinvestment_rate": null,
            "research_to_sale_ratio": null,
            "price_fair": 0,
            "eps_avg_yearly": 0,
            "eps_latest_yearly": 0,
            "eps_growth_yearly": 0
        },
        "20021": {
            "year_quarter": 20021,
            "year": 2002,
            "quarter": 1,
            "eps": 1.51,
            "eps_growth_year": -3.21,
            "eps_4q": 6.02,
            "eps_4q_growth_year": 3.02,
            "roe": 7.34,
            "roe_4q": 33.17,
            "gross_profit": 3698084,
            "gross_margin": 10.75,
            "gross_margin_4q_avg": 12.27,
            "net_income": 3136309,
            "revenue": 34391465,
            "common_shares": 20825000,
            "book_valuer_per_share": 21.64,
            "book_valuer_per_share_4q_avg": 20.06,
            "equity": 45055504,
            "current_ratio": 180.08,
            "debt_ratio": 41.56,
            "inventory_turnover_ratio": 3.01,
            "account_receivable_turnover_ratio": null,
            "reinvestment_rate": null,
            "research_to_sale_ratio": null,
            "price_fair": 211.4,
            "eps_avg_yearly": 6.04,
            "eps_latest_yearly": 6.04,
            "eps_growth_yearly": 47.41
        },
        "20022": {
            "year_quarter": 20022,
            "year": 2002,
            "quarter": 2,
            "eps": 0.82,
            "eps_growth_year": -63.39,
            "eps_4q": 4.42,
            "eps_4q_growth_year": -35.87,
            "roe": 4.6,
            "roe_4q": 27.11,
            "gross_profit": 2622748,
            "gross_margin": 7.83,
            "gross_margin_4q_avg": 10.64,
            "net_income": 2008357,
            "revenue": 33511881,
            "common_shares": 21045201,
            "book_valuer_per_share": 20.12,
            "book_valuer_per_share_4q_avg": 19.81,
            "equity": 42334617,
            "current_ratio": 153.14,
            "debt_ratio": 49.46,
            "inventory_turnover_ratio": 3.12,
            "account_receivable_turnover_ratio": null,
            "reinvestment_rate": null,
            "research_to_sale_ratio": null,
            "price_fair": 13.98,
            "eps_avg_yearly": 4.66,
            "eps_latest_yearly": 3.28,
            "eps_growth_yearly": -67.69
        },
        "20023": {
            "year_quarter": 20023,
            "year": 2002,
            "quarter": 3,
            "eps": 1.19,
            "eps_growth_year": -13.77,
            "eps_4q": 4.44,
            "eps_4q_growth_year": -24.1,
            "roe": 6.64,
            "roe_4q": 25.799999999999997,
            "gross_profit": 2404832,
            "gross_margin": 8.06,
            "gross_margin_4q_avg": 9.5,
            "net_income": 2914656,
            "revenue": 29837431,
            "common_shares": 24618428,
            "book_valuer_per_share": 18.46,
            "book_valuer_per_share_4q_avg": 19.91,
            "equity": 45443659,
            "current_ratio": 161.19,
            "debt_ratio": 47.34,
            "inventory_turnover_ratio": 2.9,
            "account_receivable_turnover_ratio": null,
            "reinvestment_rate": null,
            "research_to_sale_ratio": null,
            "price_fair": 117.51,
            "eps_avg_yearly": 4.69,
            "eps_latest_yearly": 4.76,
            "eps_growth_yearly": 15.04
        },
        "20024": {
            "year_quarter": 20024,
            "year": 2002,
            "quarter": 4,
            "eps": 1.14,
            "eps_growth_year": -15.56,
            "eps_4q": 4.43,
            "eps_4q_growth_year": -22.46,
            "roe": 5.96,
            "roe_4q": 24.54,
            "gross_profit": 3750120,
            "gross_margin": 8.43,
            "gross_margin_4q_avg": 8.77,
            "net_income": 2790783,
            "revenue": 44504163,
            "common_shares": 24618428,
            "book_valuer_per_share": 19.59,
            "book_valuer_per_share_4q_avg": 19.95,
            "equity": 48229476,
            "current_ratio": 149.16,
            "debt_ratio": 51.66,
            "inventory_turnover_ratio": 3.1,
            "account_receivable_turnover_ratio": null,
            "reinvestment_rate": 14.78,
            "research_to_sale_ratio": null,
            "price_fair": 79.58,
            "eps_avg_yearly": 4.66,
            "eps_latest_yearly": 4.56,
            "eps_growth_yearly": 7.08
        },
        "20031": {
            "year_quarter": 20031,
            "year": 2003,
            "quarter": 1,
            "eps": 1.17,
            "eps_growth_year": -22.52,
            "eps_4q": 4.31,
            "eps_4q_growth_year": -28.42,
            "roe": 5.78,
            "roe_4q": 22.979999999999997,
            "gross_profit": 3780909,
            "gross_margin": 6.84,
            "gross_margin_4q_avg": 7.79,
            "net_income": 2871818,
            "revenue": 55264501,
            "common_shares": 24618428,
            "book_valuer_per_share": 20.76,
            "book_valuer_per_share_4q_avg": 19.73,
            "equity": 51101389,
            "current_ratio": 146.05,
            "debt_ratio": 56.85,
            "inventory_turnover_ratio": 3.78,
            "account_receivable_turnover_ratio": null,
            "reinvestment_rate": 8.4,
            "research_to_sale_ratio": null,
            "price_fair": 82.86,
            "eps_avg_yearly": 4.66,
            "eps_latest_yearly": 4.68,
            "eps_growth_yearly": 7.77
        },
        "20032": {
            "year_quarter": 20032,
            "year": 2003,
            "quarter": 2,
            "eps": 1.3,
            "eps_growth_year": 58.54,
            "eps_4q": 4.79,
            "eps_4q_growth_year": 8.32,
            "roe": 6.36,
            "roe_4q": 24.740000000000002,
            "gross_profit": 3819835,
            "gross_margin": 5.85,
            "gross_margin_4q_avg": 7.3,
            "net_income": 3192311,
            "revenue": 65335357,
            "common_shares": 27460271,
            "book_valuer_per_share": 17.94,
            "book_valuer_per_share_4q_avg": 19.19,
            "equity": 49266844,
            "current_ratio": 171.38,
            "debt_ratio": 56.22,
            "inventory_turnover_ratio": 6.57,
            "account_receivable_turnover_ratio": null,
            "reinvestment_rate": 7.63,
            "research_to_sale_ratio": null,
            "price_fair": 113.51,
            "eps_avg_yearly": 4.75,
            "eps_latest_yearly": 5.2,
            "eps_growth_yearly": 13.88
        },
        "20033": {
            "year_quarter": 20033,
            "year": 2003,
            "quarter": 3,
            "eps": 1.38,
            "eps_growth_year": 15.97,
            "eps_4q": 4.61,
            "eps_4q_growth_year": 3.77,
            "roe": 7.35,
            "roe_4q": 25.450000000000003,
            "gross_profit": 5339392,
            "gross_margin": 6.54,
            "gross_margin_4q_avg": 6.92,
            "net_income": 3784748,
            "revenue": 81611312,
            "common_shares": 27460271,
            "book_valuer_per_share": 19.58,
            "book_valuer_per_share_4q_avg": 19.47,
            "equity": 53772426,
            "current_ratio": 168.51,
            "debt_ratio": 55.91,
            "inventory_turnover_ratio": 8.26,
            "account_receivable_turnover_ratio": null,
            "reinvestment_rate": 6.44,
            "research_to_sale_ratio": null,
            "price_fair": 123.58,
            "eps_avg_yearly": 4.86,
            "eps_latest_yearly": 5.52,
            "eps_growth_yearly": 15.41
        },
        "20034": {
            "year_quarter": 20034,
            "year": 2003,
            "quarter": 4,
            "eps": 1.24,
            "eps_growth_year": 8.77,
            "eps_4q": 4.83,
            "eps_4q_growth_year": 8.95,
            "roe": 5.87,
            "roe_4q": 25.36,
            "gross_profit": 4325685,
            "gross_margin": 4.8,
            "gross_margin_4q_avg": 6.01,
            "net_income": 3402829,
            "revenue": 90077338,
            "common_shares": 27991740,
            "book_valuer_per_share": 22.24,
            "book_valuer_per_share_4q_avg": 20.13,
            "equity": 62252640,
            "current_ratio": 144.44,
            "debt_ratio": 60.15,
            "inventory_turnover_ratio": 4.87,
            "account_receivable_turnover_ratio": null,
            "reinvestment_rate": 29.49,
            "research_to_sale_ratio": null,
            "price_fair": 89.77,
            "eps_avg_yearly": 4.88,
            "eps_latest_yearly": 4.96,
            "eps_growth_yearly": 8.41
        },
        "20041": {
            "year_quarter": 20041,
            "year": 2004,
            "quarter": 1,
            "eps": 1.08,
            "eps_growth_year": -7.69,
            "eps_4q": 4.8,
            "eps_4q_growth_year": 11.41,
            "roe": 4.72,
            "roe_4q": 24.299999999999997,
            "gross_profit": 3758764,
            "gross_margin": 5.72,
            "gross_margin_4q_avg": 5.73,
            "net_income": 3009608,
            "revenue": 65671811,
            "common_shares": 27992916,
            "book_valuer_per_share": 23.33,
            "book_valuer_per_share_4q_avg": 20.77,
            "equity": 65315525,
            "current_ratio": 181.41,
            "debt_ratio": 50.6,
            "inventory_turnover_ratio": 3.72,
            "account_receivable_turnover_ratio": null,
            "reinvestment_rate": 5.25,
            "research_to_sale_ratio": null,
            "price_fair": 56.53,
            "eps_avg_yearly": 4.81,
            "eps_latest_yearly": 4.32,
            "eps_growth_yearly": 1.74
        },
        "20042": {
            "year_quarter": 20042,
            "year": 2004,
            "quarter": 2,
            "eps": 0.95,
            "eps_growth_year": -26.92,
            "eps_4q": 4.23,
            "eps_4q_growth_year": -11.78,
            "roe": 4.61,
            "roe_4q": 22.549999999999997,
            "gross_profit": 3695701,
            "gross_margin": 5.33,
            "gross_margin_4q_avg": 5.6,
            "net_income": 2954844,
            "revenue": 69374132,
            "common_shares": 31195030,
            "book_valuer_per_share": 20.13,
            "book_valuer_per_share_4q_avg": 21.32,
            "equity": 62802308,
            "current_ratio": 141.55,
            "debt_ratio": 54.41,
            "inventory_turnover_ratio": 8.9,
            "account_receivable_turnover_ratio": null,
            "reinvestment_rate": 5.05,
            "research_to_sale_ratio": null,
            "price_fair": 14.14,
            "eps_avg_yearly": 4.71,
            "eps_latest_yearly": 3.8,
            "eps_growth_yearly": -3.24
        },
        "20043": {
            "year_quarter": 20043,
            "year": 2004,
            "quarter": 3,
            "eps": 1.04,
            "eps_growth_year": -24.64,
            "eps_4q": 4.19,
            "eps_4q_growth_year": -9.06,
            "roe": 4.83,
            "roe_4q": 20.03,
            "gross_profit": 3636064,
            "gross_margin": 4.61,
            "gross_margin_4q_avg": 5.12,
            "net_income": 3091536,
            "revenue": 78861699,
            "common_shares": 31072499,
            "book_valuer_per_share": 21.01,
            "book_valuer_per_share_4q_avg": 21.68,
            "equity": 65289706,
            "current_ratio": 137.82,
            "debt_ratio": 55.97,
            "inventory_turnover_ratio": 10.47,
            "account_receivable_turnover_ratio": null,
            "reinvestment_rate": 5.13,
            "research_to_sale_ratio": null,
            "price_fair": 46.62,
            "eps_avg_yearly": 4.66,
            "eps_latest_yearly": 4.16,
            "eps_growth_yearly": 0.5
        },
        "20044": {
            "year_quarter": 20044,
            "year": 2004,
            "quarter": 4,
            "eps": 0.94,
            "eps_growth_year": -24.19,
            "eps_4q": 3.86,
            "eps_4q_growth_year": -20.12,
            "roe": 4.47,
            "roe_4q": 18.63,
            "gross_profit": 5907436,
            "gross_margin": 5.34,
            "gross_margin_4q_avg": 5.25,
            "net_income": 2917699,
            "revenue": 110542517,
            "common_shares": 31072500,
            "book_valuer_per_share": 20.96,
            "book_valuer_per_share_4q_avg": 21.36,
            "equity": 65126477,
            "current_ratio": 124.44,
            "debt_ratio": 62.49,
            "inventory_turnover_ratio": 7.2,
            "account_receivable_turnover_ratio": null,
            "reinvestment_rate": 36.52,
            "research_to_sale_ratio": null,
            "price_fair": 13.76,
            "eps_avg_yearly": 4.59,
            "eps_latest_yearly": 3.76,
            "eps_growth_yearly": -2.75
        },
        "20051": {
            "year_quarter": 20051,
            "year": 2005,
            "quarter": 1,
            "eps": 0.66,
            "eps_growth_year": -38.89,
            "eps_4q": 3.55,
            "eps_4q_growth_year": -26.04,
            "roe": 3.1,
            "roe_4q": 17.01,
            "gross_profit": 4889674,
            "gross_margin": 6.2,
            "gross_margin_4q_avg": 5.37,
            "net_income": 2044515,
            "revenue": 78920501,
            "common_shares": 30469700,
            "book_valuer_per_share": 21.98,
            "book_valuer_per_share_4q_avg": 21.02,
            "equity": 66974185,
            "current_ratio": 147.59,
            "debt_ratio": 52.13,
            "inventory_turnover_ratio": 5.46,
            "account_receivable_turnover_ratio": null,
            "reinvestment_rate": 4.83,
            "research_to_sale_ratio": null,
            "price_fair": 13.31,
            "eps_avg_yearly": 4.44,
            "eps_latest_yearly": 2.64,
            "eps_growth_yearly": -11.7
        },
        "20052": {
            "year_quarter": 20052,
            "year": 2005,
            "quarter": 2,
            "eps": 0.65,
            "eps_growth_year": -31.58,
            "eps_4q": 3.14,
            "eps_4q_growth_year": -25.79,
            "roe": 3.28,
            "roe_4q": 15.68,
            "gross_profit": 5252235,
            "gross_margin": 5.99,
            "gross_margin_4q_avg": 5.54,
            "net_income": 2104257,
            "revenue": 87744607,
            "common_shares": 30469700,
            "book_valuer_per_share": 20.1,
            "book_valuer_per_share_4q_avg": 21.01,
            "equity": 61233877,
            "current_ratio": 137.12,
            "debt_ratio": 57.07,
            "inventory_turnover_ratio": 13.79,
            "account_receivable_turnover_ratio": null,
            "reinvestment_rate": 4.47,
            "research_to_sale_ratio": null,
            "price_fair": 12.92,
            "eps_avg_yearly": 4.31,
            "eps_latest_yearly": 2.6,
            "eps_growth_yearly": -11.3
        },
        "20053": {
            "year_quarter": 20053,
            "year": 2005,
            "quarter": 3,
            "eps": 1.06,
            "eps_growth_year": 1.92,
            "eps_4q": 3.25,
            "eps_4q_growth_year": -22.49,
            "roe": 5.41,
            "roe_4q": 16.259999999999998,
            "gross_profit": 6169194,
            "gross_margin": 5.94,
            "gross_margin_4q_avg": 5.87,
            "net_income": 3422631,
            "revenue": 103937057,
            "common_shares": 32393185,
            "book_valuer_per_share": 20.15,
            "book_valuer_per_share_4q_avg": 20.8,
            "equity": 65267061,
            "current_ratio": 146.99,
            "debt_ratio": 59.37,
            "inventory_turnover_ratio": 14.6,
            "account_receivable_turnover_ratio": null,
            "reinvestment_rate": 5.9,
            "research_to_sale_ratio": null,
            "price_fair": 69.99,
            "eps_avg_yearly": 4.3,
            "eps_latest_yearly": 4.24,
            "eps_growth_yearly": 6.27
        },
        "20054": {
            "year_quarter": 20054,
            "year": 2005,
            "quarter": 4,
            "eps": 1.03,
            "eps_growth_year": 9.57,
            "eps_4q": 3.37,
            "eps_4q_growth_year": -12.64,
            "roe": 3.6,
            "roe_4q": 15.389999999999999,
            "gross_profit": 7518376,
            "gross_margin": 5.67,
            "gross_margin_4q_avg": 5.95,
            "net_income": 3332692,
            "revenue": 132502308,
            "common_shares": 32393185,
            "book_valuer_per_share": 21.41,
            "book_valuer_per_share_4q_avg": 20.91,
            "equity": 119934940,
            "current_ratio": 122.16,
            "debt_ratio": 68.42,
            "inventory_turnover_ratio": 5.01,
            "account_receivable_turnover_ratio": null,
            "reinvestment_rate": 292.84,
            "research_to_sale_ratio": null,
            "price_fair": 65.09,
            "eps_avg_yearly": 4.29,
            "eps_latest_yearly": 4.12,
            "eps_growth_yearly": 5.17
        },
        "20061": {
            "year_quarter": 20061,
            "year": 2006,
            "quarter": 1,
            "eps": 0.85,
            "eps_growth_year": 28.79,
            "eps_4q": 3.59,
            "eps_4q_growth_year": 1.12,
            "roe": 2.85,
            "roe_4q": 15.139999999999999,
            "gross_profit": 5662066,
            "gross_margin": 5.39,
            "gross_margin_4q_avg": 5.75,
            "net_income": 2744800,
            "revenue": 104980338,
            "common_shares": 32393185,
            "book_valuer_per_share": 22.35,
            "book_valuer_per_share_4q_avg": 21,
            "equity": 72398561,
            "current_ratio": 138.6,
            "debt_ratio": 54.3,
            "inventory_turnover_ratio": 3.94,
            "account_receivable_turnover_ratio": null,
            "reinvestment_rate": 1.22,
            "research_to_sale_ratio": null,
            "price_fair": 12.38,
            "eps_avg_yearly": 4.13,
            "eps_latest_yearly": 3.4,
            "eps_growth_yearly": -2.16
        },
        "20062": {
            "year_quarter": 20062,
            "year": 2006,
            "quarter": 2,
            "eps": 0.65,
            "eps_growth_year": 0,
            "eps_4q": 3.58,
            "eps_4q_growth_year": 14.01,
            "roe": 3.04,
            "roe_4q": 14.9,
            "gross_profit": 5556810,
            "gross_margin": 5.51,
            "gross_margin_4q_avg": 5.63,
            "net_income": 2109459,
            "revenue": 100925135,
            "common_shares": 32535985,
            "book_valuer_per_share": 20.46,
            "book_valuer_per_share_4q_avg": 21.09,
            "equity": 66584224,
            "current_ratio": 131.92,
            "debt_ratio": 56.97,
            "inventory_turnover_ratio": 13.89,
            "account_receivable_turnover_ratio": null,
            "reinvestment_rate": 1.89,
            "research_to_sale_ratio": null,
            "price_fair": 54.63,
            "eps_avg_yearly": 4.08,
            "eps_latest_yearly": 2.6,
            "eps_growth_yearly": 3.38
        },
        "20063": {
            "year_quarter": 20063,
            "year": 2006,
            "quarter": 3,
            "eps": 1.15,
            "eps_growth_year": 8.49,
            "eps_4q": 3.59,
            "eps_4q_growth_year": 10.42,
            "roe": 5.65,
            "roe_4q": 15.14,
            "gross_profit": 5559562,
            "gross_margin": 5.06,
            "gross_margin_4q_avg": 5.41,
            "net_income": 3863281,
            "revenue": 109876494,
            "common_shares": 33630080,
            "book_valuer_per_share": 20.85,
            "book_valuer_per_share_4q_avg": 21.27,
            "equity": 70119140,
            "current_ratio": 151.88,
            "debt_ratio": 55.4,
            "inventory_turnover_ratio": 14.45,
            "account_receivable_turnover_ratio": null,
            "reinvestment_rate": 2.2,
            "research_to_sale_ratio": null,
            "price_fair": 86.88,
            "eps_avg_yearly": 4.07,
            "eps_latest_yearly": 4.6,
            "eps_growth_yearly": 11.33
        },
        "20064": {
            "year_quarter": 20064,
            "year": 2006,
            "quarter": 4,
            "eps": 1.25,
            "eps_growth_year": 21.36,
            "eps_4q": 3.85,
            "eps_4q_growth_year": 14.29,
            "roe": 5.68,
            "roe_4q": 17.220000000000002,
            "gross_profit": 4584375,
            "gross_margin": 3.15,
            "gross_margin_4q_avg": 4.78,
            "net_income": 4188423,
            "revenue": 145742971,
            "common_shares": 33630080,
            "book_valuer_per_share": 21.53,
            "book_valuer_per_share_4q_avg": 21.3,
            "equity": 77249745,
            "current_ratio": 129.81,
            "debt_ratio": 66,
            "inventory_turnover_ratio": 5.54,
            "account_receivable_turnover_ratio": null,
            "reinvestment_rate": 36.57,
            "research_to_sale_ratio": null,
            "price_fair": 100.68,
            "eps_avg_yearly": 4.1,
            "eps_latest_yearly": 5,
            "eps_growth_yearly": 14.56
        },
        "20071": {
            "year_quarter": 20071,
            "year": 2007,
            "quarter": 1,
            "eps": 1.02,
            "eps_growth_year": 20,
            "eps_4q": 4.07,
            "eps_4q_growth_year": 13.15,
            "roe": 4.43,
            "roe_4q": 18.8,
            "gross_profit": 5642944,
            "gross_margin": 3.94,
            "gross_margin_4q_avg": 4.42,
            "net_income": 3402473,
            "revenue": 143231868,
            "common_shares": 33630080,
            "book_valuer_per_share": 22.71,
            "book_valuer_per_share_4q_avg": 21.39,
            "equity": 76370807,
            "current_ratio": 142.91,
            "debt_ratio": 57.42,
            "inventory_turnover_ratio": 5.19,
            "account_receivable_turnover_ratio": null,
            "reinvestment_rate": 2.03,
            "research_to_sale_ratio": null,
            "price_fair": 78.4,
            "eps_avg_yearly": 4.06,
            "eps_latest_yearly": 4.08,
            "eps_growth_yearly": 9.3
        },
        "20072": {
            "year_quarter": 20072,
            "year": 2007,
            "quarter": 2,
            "eps": 1.26,
            "eps_growth_year": 93.85,
            "eps_4q": 4.67,
            "eps_4q_growth_year": 30.47,
            "roe": 5.63,
            "roe_4q": 21.39,
            "gross_profit": 6441121,
            "gross_margin": 4.19,
            "gross_margin_4q_avg": 4.09,
            "net_income": 4235808,
            "revenue": 153877678,
            "common_shares": 33630080,
            "book_valuer_per_share": 22.04,
            "book_valuer_per_share_4q_avg": 21.78,
            "equity": 74118987,
            "current_ratio": 132.4,
            "debt_ratio": 62.24,
            "inventory_turnover_ratio": 17.4,
            "account_receivable_turnover_ratio": null,
            "reinvestment_rate": 1.56,
            "research_to_sale_ratio": null,
            "price_fair": 90.79,
            "eps_avg_yearly": 4.05,
            "eps_latest_yearly": 5.04,
            "eps_growth_yearly": 12.4
        },
        "20073": {
            "year_quarter": 20073,
            "year": 2007,
            "quarter": 3,
            "eps": 1.52,
            "eps_growth_year": 32.17,
            "eps_4q": 4.95,
            "eps_4q_growth_year": 37.95,
            "roe": 6.79,
            "roe_4q": 22.53,
            "gross_profit": 7261597,
            "gross_margin": 3.45,
            "gross_margin_4q_avg": 3.68,
            "net_income": 5243646,
            "revenue": 210260261,
            "common_shares": 34752682,
            "book_valuer_per_share": 23.11,
            "book_valuer_per_share_4q_avg": 22.35,
            "equity": 80320336,
            "current_ratio": 137.07,
            "debt_ratio": 64.23,
            "inventory_turnover_ratio": 23.14,
            "account_receivable_turnover_ratio": null,
            "reinvestment_rate": 1.13,
            "research_to_sale_ratio": null,
            "price_fair": 106.37,
            "eps_avg_yearly": 4.09,
            "eps_latest_yearly": 6.08,
            "eps_growth_yearly": 16.02
        },
        "20074": {
            "year_quarter": 20074,
            "year": 2007,
            "quarter": 4,
            "eps": 1.61,
            "eps_growth_year": 28.8,
            "eps_4q": 5.34,
            "eps_4q_growth_year": 38.57,
            "roe": 6.36,
            "roe_4q": 23.21,
            "gross_profit": 7583764,
            "gross_margin": 3.37,
            "gross_margin_4q_avg": 3.74,
            "net_income": 5564600,
            "revenue": 225000638,
            "common_shares": 34752682,
            "book_valuer_per_share": 25.15,
            "book_valuer_per_share_4q_avg": 23.25,
            "equity": 94743150,
            "current_ratio": 125.05,
            "debt_ratio": 70.92,
            "inventory_turnover_ratio": 5.01,
            "account_receivable_turnover_ratio": null,
            "reinvestment_rate": 34.09,
            "research_to_sale_ratio": null,
            "price_fair": 125.57,
            "eps_avg_yearly": 4.18,
            "eps_latest_yearly": 6.44,
            "eps_growth_yearly": 20.04
        },
        "20081": {
            "year_quarter": 20081,
            "year": 2008,
            "quarter": 1,
            "eps": 1.16,
            "eps_growth_year": 13.73,
            "eps_4q": 5.2,
            "eps_4q_growth_year": 27.87,
            "roe": 4.45,
            "roe_4q": 23.23,
            "gross_profit": 10652018,
            "gross_margin": 5.16,
            "gross_margin_4q_avg": 4.04,
            "net_income": 4249631,
            "revenue": 206428553,
            "common_shares": 34752682,
            "book_valuer_per_share": 25.5,
            "book_valuer_per_share_4q_avg": 23.95,
            "equity": 96162382,
            "current_ratio": 126.8,
            "debt_ratio": 69.91,
            "inventory_turnover_ratio": 2.58,
            "account_receivable_turnover_ratio": null,
            "reinvestment_rate": 46,
            "research_to_sale_ratio": null,
            "price_fair": 110.37,
            "eps_avg_yearly": 4.2,
            "eps_latest_yearly": 4.64,
            "eps_growth_yearly": 16.28
        },
        "20082": {
            "year_quarter": 20082,
            "year": 2008,
            "quarter": 2,
            "eps": 1.38,
            "eps_growth_year": 9.52,
            "eps_4q": 5.18,
            "eps_4q_growth_year": 11.02,
            "roe": 5.78,
            "roe_4q": 23.38,
            "gross_profit": 9687715,
            "gross_margin": 4.59,
            "gross_margin_4q_avg": 4.14,
            "net_income": 5282937,
            "revenue": 210941835,
            "common_shares": 34752682,
            "book_valuer_per_share": 23.16,
            "book_valuer_per_share_4q_avg": 24.23,
            "equity": 86788945,
            "current_ratio": 119.11,
            "debt_ratio": 73.7,
            "inventory_turnover_ratio": 2.86,
            "account_receivable_turnover_ratio": null,
            "reinvestment_rate": 54.89,
            "research_to_sale_ratio": null,
            "price_fair": 146.58,
            "eps_avg_yearly": 4.31,
            "eps_latest_yearly": 5.52,
            "eps_growth_yearly": 24.03
        },
        "20083": {
            "year_quarter": 20083,
            "year": 2008,
            "quarter": 3,
            "eps": 1.98,
            "eps_growth_year": 30.26,
            "eps_4q": 5.76,
            "eps_4q_growth_year": 16.45,
            "roe": 8.35,
            "roe_4q": 24.939999999999998,
            "gross_profit": 11921428,
            "gross_margin": 5.84,
            "gross_margin_4q_avg": 4.74,
            "net_income": 7491828,
            "revenue": 204064123,
            "common_shares": 36495262,
            "book_valuer_per_share": 23.56,
            "book_valuer_per_share_4q_avg": 24.34,
            "equity": 92693600,
            "current_ratio": 119.71,
            "debt_ratio": 73.38,
            "inventory_turnover_ratio": 2.67,
            "account_receivable_turnover_ratio": null,
            "reinvestment_rate": 48.29,
            "research_to_sale_ratio": null,
            "price_fair": 158.99,
            "eps_avg_yearly": 4.54,
            "eps_latest_yearly": 7.92,
            "eps_growth_yearly": 32.53
        },
        "20084": {
            "year_quarter": 20084,
            "year": 2008,
            "quarter": 4,
            "eps": 1.1,
            "eps_growth_year": -31.68,
            "eps_4q": 5.42,
            "eps_4q_growth_year": 1.62,
            "roe": 4.43,
            "roe_4q": 23.009999999999998,
            "gross_profit": 9768807,
            "gross_margin": 4.95,
            "gross_margin_4q_avg": 5.14,
            "net_income": 4100985,
            "revenue": 197303404,
            "common_shares": 36495262,
            "book_valuer_per_share": 23.59,
            "book_valuer_per_share_4q_avg": 23.95,
            "equity": 92634391,
            "current_ratio": 129.66,
            "debt_ratio": 69.49,
            "inventory_turnover_ratio": 2.9,
            "account_receivable_turnover_ratio": null,
            "reinvestment_rate": 23.85,
            "research_to_sale_ratio": null,
            "price_fair": 154.99,
            "eps_avg_yearly": 4.58,
            "eps_latest_yearly": 4.4,
            "eps_growth_yearly": 23.82
        },
        "20091": {
            "year_quarter": 20091,
            "year": 2009,
            "quarter": 1,
            "eps": 1.22,
            "eps_growth_year": 5.17,
            "eps_4q": 5.36,
            "eps_4q_growth_year": 3.16,
            "roe": 4.9,
            "roe_4q": 23.46,
            "gross_profit": 9650393,
            "gross_margin": 5.81,
            "gross_margin_4q_avg": 5.3,
            "net_income": 4685292,
            "revenue": 166097514,
            "common_shares": 36107252,
            "book_valuer_per_share": 25.44,
            "book_valuer_per_share_4q_avg": 23.94,
            "equity": 98730436,
            "current_ratio": 122.14,
            "debt_ratio": 69.59,
            "inventory_turnover_ratio": 3.12,
            "account_receivable_turnover_ratio": null,
            "reinvestment_rate": 44.83,
            "research_to_sale_ratio": null,
            "price_fair": 165.29,
            "eps_avg_yearly": 4.72,
            "eps_latest_yearly": 4.88,
            "eps_growth_yearly": 34
        },
        "20092": {
            "year_quarter": 20092,
            "year": 2009,
            "quarter": 2,
            "eps": 1.34,
            "eps_growth_year": -2.9,
            "eps_4q": 5.24,
            "eps_4q_growth_year": 1.16,
            "roe": 5.45,
            "roe_4q": 23.130000000000003,
            "gross_profit": 11168224,
            "gross_margin": 6.17,
            "gross_margin_4q_avg": 5.69,
            "net_income": 5233489,
            "revenue": 181069036,
            "common_shares": 36107252,
            "book_valuer_per_share": 24.02,
            "book_valuer_per_share_4q_avg": 24.15,
            "equity": 93467065,
            "current_ratio": 122.01,
            "debt_ratio": 69.69,
            "inventory_turnover_ratio": 3.32,
            "account_receivable_turnover_ratio": 3.5,
            "reinvestment_rate": 39.16,
            "research_to_sale_ratio": null,
            "price_fair": 171.33,
            "eps_avg_yearly": 4.9,
            "eps_latest_yearly": 5.36,
            "eps_growth_yearly": 36.83
        },
        "20093": {
            "year_quarter": 20093,
            "year": 2009,
            "quarter": 3,
            "eps": 1.68,
            "eps_growth_year": -15.15,
            "eps_4q": 5.06,
            "eps_4q_growth_year": -12.16,
            "roe": 6.59,
            "roe_4q": 21.369999999999997,
            "gross_profit": 12554930,
            "gross_margin": 5.93,
            "gross_margin_4q_avg": 5.72,
            "net_income": 6430755,
            "revenue": 211765165,
            "common_shares": 37256324,
            "book_valuer_per_share": 25.44,
            "book_valuer_per_share_4q_avg": 24.62,
            "equity": 101836588,
            "current_ratio": 120.5,
            "debt_ratio": 69.53,
            "inventory_turnover_ratio": 3.5,
            "account_receivable_turnover_ratio": 1.95,
            "reinvestment_rate": 36.29,
            "research_to_sale_ratio": null,
            "price_fair": 176.75,
            "eps_avg_yearly": 5.05,
            "eps_latest_yearly": 6.72,
            "eps_growth_yearly": 27.41
        },
        "20094": {
            "year_quarter": 20094,
            "year": 2009,
            "quarter": 4,
            "eps": 1.89,
            "eps_growth_year": 71.82,
            "eps_4q": 6.03,
            "eps_4q_growth_year": 11.22,
            "roe": 6.48,
            "roe_4q": 23.42,
            "gross_profit": 12329614,
            "gross_margin": 4.39,
            "gross_margin_4q_avg": 5.58,
            "net_income": 6991524,
            "revenue": 280859508,
            "common_shares": 37819761,
            "book_valuer_per_share": 28.19,
            "book_valuer_per_share_4q_avg": 25.77,
            "equity": 114008869,
            "current_ratio": 121.62,
            "debt_ratio": 69.79,
            "inventory_turnover_ratio": 4.66,
            "account_receivable_turnover_ratio": 2.1,
            "reinvestment_rate": -132.89,
            "research_to_sale_ratio": null,
            "price_fair": 184.28,
            "eps_avg_yearly": 5.27,
            "eps_latest_yearly": 7.56,
            "eps_growth_yearly": 31.24
        },
        "20101": {
            "year_quarter": 20101,
            "year": 2010,
            "quarter": 1,
            "eps": null,
            "eps_growth_year": null,
            "eps_4q": null,
            "eps_4q_growth_year": null,
            "roe": null,
            "roe_4q": 18.52,
            "gross_profit": 10324718,
            "gross_margin": null,
            "gross_margin_4q_avg": 4.12,
            "net_income": 5592463,
            "revenue": 252601383,
            "common_shares": 38093577,
            "book_valuer_per_share": 29.35,
            "book_valuer_per_share_4q_avg": 26.75,
            "equity": 119413136,
            "current_ratio": 123.64,
            "debt_ratio": 69.46,
            "inventory_turnover_ratio": null,
            "account_receivable_turnover_ratio": null,
            "reinvestment_rate": null,
            "research_to_sale_ratio": null,
            "price_fair": 188.63,
            "eps_avg_yearly": 5.39,
            "eps_latest_yearly": 7.56,
            "eps_growth_yearly": 37.98
        },
        "20102": {
            "year_quarter": 20102,
            "year": 2010,
            "quarter": 2,
            "eps": 1.38,
            "eps_growth_year": 2.88,
            "eps_4q": 4.79,
            "eps_4q_growth_year": -8.62,
            "roe": 4.61,
            "roe_4q": 17.68,
            "gross_profit": 10099382,
            "gross_margin": 3.42,
            "gross_margin_4q_avg": 3.44,
            "net_income": 5267473,
            "revenue": 295039348,
            "common_shares": 38324764,
            "book_valuer_per_share": 26.7,
            "book_valuer_per_share_4q_avg": 27.42,
            "equity": 109059946,
            "current_ratio": 124.94,
            "debt_ratio": 77.23,
            "inventory_turnover_ratio": 3.34,
            "account_receivable_turnover_ratio": 3.22,
            "reinvestment_rate": 55.72,
            "research_to_sale_ratio": null,
            "price_fair": 195.6,
            "eps_avg_yearly": 5.59,
            "eps_latest_yearly": 7.56,
            "eps_growth_yearly": 47.42
        },
        "20103": {
            "year_quarter": 20103,
            "year": 2010,
            "quarter": 3,
            "eps": 1.53,
            "eps_growth_year": -9.1,
            "eps_4q": 4.72,
            "eps_4q_growth_year": -6.82,
            "roe": 5.34,
            "roe_4q": 16.43,
            "gross_profit": 10136654,
            "gross_margin": 3.66,
            "gross_margin_4q_avg": 2.87,
            "net_income": 6003990,
            "revenue": 276961356,
            "common_shares": 38328334,
            "book_valuer_per_share": 28.43,
            "book_valuer_per_share_4q_avg": 28.17,
            "equity": 115914812,
            "current_ratio": 124.38,
            "debt_ratio": 77.33,
            "inventory_turnover_ratio": 2.78,
            "account_receivable_turnover_ratio": 1.54,
            "reinvestment_rate": 56.79,
            "research_to_sale_ratio": 0.85,
            "price_fair": 199.4,
            "eps_avg_yearly": 5.7,
            "eps_latest_yearly": 6.12,
            "eps_growth_yearly": 28.55
        },
        "20104": {
            "year_quarter": 20104,
            "year": 2010,
            "quarter": 4,
            "eps": 0.61,
            "eps_growth_year": -67.83,
            "eps_4q": 3.51,
            "eps_4q_growth_year": -41.79,
            "roe": 2.1,
            "roe_4q": 12.05,
            "gross_profit": 8249453,
            "gross_margin": 2.75,
            "gross_margin_4q_avg": 2.46,
            "net_income": 2467045,
            "revenue": 300125467,
            "common_shares": 38338734,
            "book_valuer_per_share": 29.19,
            "book_valuer_per_share_4q_avg": 28.42,
            "equity": 119123840,
            "current_ratio": 123.63,
            "debt_ratio": 76.73,
            "inventory_turnover_ratio": 3.21,
            "account_receivable_turnover_ratio": 1.68,
            "reinvestment_rate": 37.72,
            "research_to_sale_ratio": 0.69,
            "price_fair": 104.13,
            "eps_avg_yearly": 5.51,
            "eps_latest_yearly": 2.44,
            "eps_growth_yearly": 8.88
        },
        "20111": {
            "year_quarter": 20111,
            "year": 2011,
            "quarter": 1,
            "eps": 1.49,
            "eps_growth_year": null,
            "eps_4q": 5,
            "eps_4q_growth_year": null,
            "roe": 4.8,
            "roe_4q": 16.85,
            "gross_profit": 8981705,
            "gross_margin": 3.57,
            "gross_margin_4q_avg": 3.35,
            "net_income": 5810791,
            "revenue": 251604734,
            "common_shares": 38394024,
            "book_valuer_per_share": 30.09,
            "book_valuer_per_share_4q_avg": 28.6,
            "equity": 122870874,
            "current_ratio": 119.61,
            "debt_ratio": 80.15,
            "inventory_turnover_ratio": 2.39,
            "account_receivable_turnover_ratio": 1.43,
            "reinvestment_rate": 61.54,
            "research_to_sale_ratio": 0.84,
            "price_fair": 197.7,
            "eps_avg_yearly": 5.65,
            "eps_latest_yearly": 5.96,
            "eps_growth_yearly": 55.36
        },
        "20112": {
            "year_quarter": 20112,
            "year": 2011,
            "quarter": 2,
            "eps": 1.4,
            "eps_growth_year": 1.59,
            "eps_4q": 5.02,
            "eps_4q_growth_year": 4.83,
            "roe": 4.72,
            "roe_4q": 16.96,
            "gross_profit": 9462212,
            "gross_margin": 3.45,
            "gross_margin_4q_avg": 3.36,
            "net_income": 5545486,
            "revenue": 274393585,
            "common_shares": 38401484,
            "book_valuer_per_share": 27.36,
            "book_valuer_per_share_4q_avg": 28.77,
            "equity": 112215966,
            "current_ratio": 116.16,
            "debt_ratio": 82.91,
            "inventory_turnover_ratio": 2.25,
            "account_receivable_turnover_ratio": 1.65,
            "reinvestment_rate": 59.5,
            "research_to_sale_ratio": 0.82,
            "price_fair": 199.1,
            "eps_avg_yearly": 5.69,
            "eps_latest_yearly": 5.6,
            "eps_growth_yearly": 46.91
        },
        "20113": {
            "year_quarter": 20113,
            "year": 2011,
            "quarter": 3,
            "eps": 1.42,
            "eps_growth_year": -6.96,
            "eps_4q": 4.92,
            "eps_4q_growth_year": 4.25,
            "roe": 4.85,
            "roe_4q": 16.470000000000002,
            "gross_profit": 10350432,
            "gross_margin": 3.65,
            "gross_margin_4q_avg": 3.36,
            "net_income": 5556534,
            "revenue": 283325973,
            "common_shares": 38407784,
            "book_valuer_per_share": 28.59,
            "book_valuer_per_share_4q_avg": 28.81,
            "equity": 117019315,
            "current_ratio": 116.02,
            "debt_ratio": 82.88,
            "inventory_turnover_ratio": 2.12,
            "account_receivable_turnover_ratio": 1.67,
            "reinvestment_rate": 64.47,
            "research_to_sale_ratio": 0.76,
            "price_fair": 198.1,
            "eps_avg_yearly": 5.66,
            "eps_latest_yearly": 5.68,
            "eps_growth_yearly": 41.42
        },
        "20114": {
            "year_quarter": 20114,
            "year": 2011,
            "quarter": 4,
            "eps": 1.7,
            "eps_growth_year": 180.32,
            "eps_4q": 6.01,
            "eps_4q_growth_year": 71.27,
            "roe": 5.47,
            "roe_4q": 19.84,
            "gross_profit": 13729377,
            "gross_margin": 4.57,
            "gross_margin_4q_avg": 3.81,
            "net_income": 6585918,
            "revenue": 300403569,
            "common_shares": 38410594,
            "book_valuer_per_share": 30.35,
            "book_valuer_per_share_4q_avg": 29.1,
            "equity": 123761754,
            "current_ratio": 117.91,
            "debt_ratio": 81.55,
            "inventory_turnover_ratio": 2.23,
            "account_receivable_turnover_ratio": 1.65,
            "reinvestment_rate": 29.37,
            "research_to_sale_ratio": 0.88,
            "price_fair": 199,
            "eps_avg_yearly": 5.69,
            "eps_latest_yearly": 6.8,
            "eps_growth_yearly": 45.36
        },
        "20121": {
            "year_quarter": 20121,
            "year": 2012,
            "quarter": 1,
            "eps": 1.33,
            "eps_growth_year": -10.74,
            "eps_4q": 5.85,
            "eps_4q_growth_year": 16.96,
            "roe": 4.09,
            "roe_4q": 19.13,
            "gross_profit": 9927551,
            "gross_margin": 4.2,
            "gross_margin_4q_avg": 3.97,
            "net_income": 5173197,
            "revenue": 236222210,
            "common_shares": 38455624,
            "book_valuer_per_share": 31.75,
            "book_valuer_per_share_4q_avg": 29.51,
            "equity": 129330068,
            "current_ratio": 114.91,
            "debt_ratio": 84.04,
            "inventory_turnover_ratio": 2.04,
            "account_receivable_turnover_ratio": 1.39,
            "reinvestment_rate": 31.92,
            "research_to_sale_ratio": 1.04,
            "price_fair": 200.7,
            "eps_avg_yearly": 5.73,
            "eps_latest_yearly": 5.32,
            "eps_growth_yearly": 47.13
        },
        "20122": {
            "year_quarter": 20122,
            "year": 2012,
            "quarter": 2,
            "eps": 1.56,
            "eps_growth_year": 11.39,
            "eps_4q": 6.01,
            "eps_4q_growth_year": 19.68,
            "roe": 4.85,
            "roe_4q": 19.259999999999998,
            "gross_profit": 9004413,
            "gross_margin": 3.79,
            "gross_margin_4q_avg": 4.05,
            "net_income": 6030827,
            "revenue": 237521140,
            "common_shares": 38468604,
            "book_valuer_per_share": 29.24,
            "book_valuer_per_share_4q_avg": 29.98,
            "equity": 119486002,
            "current_ratio": 111.88,
            "debt_ratio": 84.65,
            "inventory_turnover_ratio": 1.95,
            "account_receivable_turnover_ratio": 1.48,
            "reinvestment_rate": 25.03,
            "research_to_sale_ratio": 1.04,
            "price_fair": 202.5,
            "eps_avg_yearly": 5.79,
            "eps_latest_yearly": 6.24,
            "eps_growth_yearly": 46.65
        },
        "20123": {
            "year_quarter": 20123,
            "year": 2012,
            "quarter": 3,
            "eps": 1.69,
            "eps_growth_year": 18.65,
            "eps_4q": 6.28,
            "eps_4q_growth_year": 27.63,
            "roe": 5.38,
            "roe_4q": 19.79,
            "gross_profit": 10767239,
            "gross_margin": 3.95,
            "gross_margin_4q_avg": 4.13,
            "net_income": 6576474,
            "revenue": 272850468,
            "common_shares": 38478814,
            "book_valuer_per_share": 30.71,
            "book_valuer_per_share_4q_avg": 30.51,
            "equity": 125163961,
            "current_ratio": 114.29,
            "debt_ratio": 82.63,
            "inventory_turnover_ratio": 1.98,
            "account_receivable_turnover_ratio": 1.64,
            "reinvestment_rate": 25.87,
            "research_to_sale_ratio": 0.88,
            "price_fair": 199.6,
            "eps_avg_yearly": 5.7,
            "eps_latest_yearly": 6.76,
            "eps_growth_yearly": 36.61
        },
        "20124": {
            "year_quarter": 20124,
            "year": 2012,
            "quarter": 4,
            "eps": 1.43,
            "eps_growth_year": -16.33,
            "eps_4q": 6,
            "eps_4q_growth_year": -0.25,
            "roe": 4.4,
            "roe_4q": 18.72,
            "gross_profit": 9507023,
            "gross_margin": 3.51,
            "gross_margin_4q_avg": 3.86,
            "net_income": 5636138,
            "revenue": 270950719,
            "common_shares": 38487474,
            "book_valuer_per_share": 32.24,
            "book_valuer_per_share_4q_avg": 30.99,
            "equity": 131226457,
            "current_ratio": 121.53,
            "debt_ratio": 76.88,
            "inventory_turnover_ratio": 2.23,
            "account_receivable_turnover_ratio": 1.51,
            "reinvestment_rate": 21.69,
            "research_to_sale_ratio": 0.93,
            "price_fair": 202.9,
            "eps_avg_yearly": 5.8,
            "eps_latest_yearly": 5.72,
            "eps_growth_yearly": 44.92
        },
        "20131": {
            "year_quarter": 20131,
            "year": 2013,
            "quarter": 1,
            "eps": 1.16,
            "eps_growth_year": -12.78,
            "eps_4q": 5.82,
            "eps_4q_growth_year": -0.54,
            "roe": 3.51,
            "roe_4q": 18.14,
            "gross_profit": 7999364,
            "gross_margin": 4.05,
            "gross_margin_4q_avg": 3.83,
            "net_income": 4641962,
            "revenue": 197515778,
            "common_shares": 38500184,
            "book_valuer_per_share": 32.69,
            "book_valuer_per_share_4q_avg": 31.22,
            "equity": 133595657,
            "current_ratio": 124.6,
            "debt_ratio": 74.66,
            "inventory_turnover_ratio": 1.83,
            "account_receivable_turnover_ratio": 1.23,
            "reinvestment_rate": 19.97,
            "research_to_sale_ratio": 1.26,
            "price_fair": 202.3,
            "eps_avg_yearly": 5.78,
            "eps_latest_yearly": 4.64,
            "eps_growth_yearly": 36.4
        },
        "20132": {
            "year_quarter": 20132,
            "year": 2013,
            "quarter": 2,
            "eps": 1.05,
            "eps_growth_year": -32.69,
            "eps_4q": 5.31,
            "eps_4q_growth_year": -11.62,
            "roe": 3.21,
            "roe_4q": 16.5,
            "gross_profit": 8932321,
            "gross_margin": 4.68,
            "gross_margin_4q_avg": 4.05,
            "net_income": 4084926,
            "revenue": 191003771,
            "common_shares": 38542584,
            "book_valuer_per_share": 29.53,
            "book_valuer_per_share_4q_avg": 31.29,
            "equity": 121092482,
            "current_ratio": 123.08,
            "debt_ratio": 75.53,
            "inventory_turnover_ratio": 1.77,
            "account_receivable_turnover_ratio": 1.56,
            "reinvestment_rate": 22.17,
            "research_to_sale_ratio": 1.32,
            "price_fair": 199.4,
            "eps_avg_yearly": 5.7,
            "eps_latest_yearly": 4.2,
            "eps_growth_yearly": 30.88
        },
        "20133": {
            "year_quarter": 20133,
            "year": 2013,
            "quarter": 3,
            "eps": 1.21,
            "eps_growth_year": -28.22,
            "eps_4q": 4.84,
            "eps_4q_growth_year": -22.92,
            "roe": 3.89,
            "roe_4q": 15.01,
            "gross_profit": 9878902,
            "gross_margin": 4.48,
            "gross_margin_4q_avg": 4.18,
            "net_income": 4801828,
            "revenue": 220317939,
            "common_shares": 38553444,
            "book_valuer_per_share": 30.67,
            "book_valuer_per_share_4q_avg": 31.28,
            "equity": 125634459,
            "current_ratio": 125.4,
            "debt_ratio": 77.11,
            "inventory_turnover_ratio": 2.01,
            "account_receivable_turnover_ratio": 1.78,
            "reinvestment_rate": 21.24,
            "research_to_sale_ratio": 1.13,
            "price_fair": 194.7,
            "eps_avg_yearly": 5.56,
            "eps_latest_yearly": 4.84,
            "eps_growth_yearly": 27.99
        },
        "20134": {
            "year_quarter": 20134,
            "year": 2013,
            "quarter": 4,
            "eps": 1.42,
            "eps_growth_year": -0.16,
            "eps_4q": 4.83,
            "eps_4q_growth_year": -19.47,
            "roe": 4.35,
            "roe_4q": 14.959999999999999,
            "gross_profit": 10493837,
            "gross_margin": 3.86,
            "gross_margin_4q_avg": 4.27,
            "net_income": 5580831,
            "revenue": 271564466,
            "common_shares": 38626274,
            "book_valuer_per_share": 31.99,
            "book_valuer_per_share_4q_avg": 31.22,
            "equity": 131086830,
            "current_ratio": 126.41,
            "debt_ratio": 76.51,
            "inventory_turnover_ratio": 2.61,
            "account_receivable_turnover_ratio": 1.76,
            "reinvestment_rate": 8.81,
            "research_to_sale_ratio": 1.11,
            "price_fair": 190,
            "eps_avg_yearly": 5.43,
            "eps_latest_yearly": 5.68,
            "eps_growth_yearly": 29.38
        },
        "20141": {
            "year_quarter": 20141,
            "year": 2014,
            "quarter": 1,
            "eps": 1.21,
            "eps_growth_year": 4.31,
            "eps_4q": 4.89,
            "eps_4q_growth_year": -15.96,
            "roe": 3.62,
            "roe_4q": 15.07,
            "gross_profit": 8742429,
            "gross_margin": 4.05,
            "gross_margin_4q_avg": 4.27,
            "net_income": 4851801,
            "revenue": 215869719,
            "common_shares": 38626274,
            "book_valuer_per_share": 33.49,
            "book_valuer_per_share_4q_avg": 31.42,
            "equity": 137076742,
            "current_ratio": 129.09,
            "debt_ratio": 75.03,
            "inventory_turnover_ratio": 2.24,
            "account_receivable_turnover_ratio": 1.38,
            "reinvestment_rate": 8.74,
            "research_to_sale_ratio": 1.16,
            "price_fair": 180.4,
            "eps_avg_yearly": 5.39,
            "eps_latest_yearly": 4.84,
            "eps_growth_yearly": 23.47
        },
        "20142": {
            "year_quarter": 20142,
            "year": 2014,
            "quarter": 2,
            "eps": 1.06,
            "eps_growth_year": 0.95,
            "eps_4q": 4.9,
            "eps_4q_growth_year": -7.76,
            "roe": 3.21,
            "roe_4q": 15.07,
            "gross_profit": 10575629,
            "gross_margin": 4.93,
            "gross_margin_4q_avg": 4.33,
            "net_income": 4232203,
            "revenue": 214468525,
            "common_shares": 38626274,
            "book_valuer_per_share": 30.83,
            "book_valuer_per_share_4q_avg": 31.75,
            "equity": 126345293,
            "current_ratio": 122.73,
            "debt_ratio": 77.04,
            "inventory_turnover_ratio": 2.09,
            "account_receivable_turnover_ratio": 1.49,
            "reinvestment_rate": -3.06,
            "research_to_sale_ratio": 1.12,
            "price_fair": 153.71,
            "eps_avg_yearly": 5.32,
            "eps_latest_yearly": 4.24,
            "eps_growth_yearly": 18.91
        },
        "20143": {
            "year_quarter": 20143,
            "year": 2014,
            "quarter": 3,
            "eps": 1.23,
            "eps_growth_year": 1.65,
            "eps_4q": 4.92,
            "eps_4q_growth_year": 1.71,
            "roe": 3.69,
            "roe_4q": 14.87,
            "gross_profit": 10996238,
            "gross_margin": 4.5,
            "gross_margin_4q_avg": 4.34,
            "net_income": 4762579,
            "revenue": 244332767,
            "common_shares": 38626274,
            "book_valuer_per_share": 32.23,
            "book_valuer_per_share_4q_avg": 32.14,
            "equity": 131804005,
            "current_ratio": 123.97,
            "debt_ratio": 76.23,
            "inventory_turnover_ratio": 2.2,
            "account_receivable_turnover_ratio": 1.53,
            "reinvestment_rate": -4.9,
            "research_to_sale_ratio": 1.09,
            "price_fair": 158.32,
            "eps_avg_yearly": 5.24,
            "eps_latest_yearly": 4.92,
            "eps_growth_yearly": 20.2
        },
        "20144": {
            "year_quarter": 20144,
            "year": 2014,
            "quarter": 4,
            "eps": 1.4,
            "eps_growth_year": -1.42,
            "eps_4q": 4.9,
            "eps_4q_growth_year": 1.43,
            "roe": 3.96,
            "roe_4q": 14.48,
            "gross_profit": 11496909,
            "gross_margin": 4.57,
            "gross_margin_4q_avg": 4.51,
            "net_income": 5389437,
            "revenue": 251650296,
            "common_shares": 38626274,
            "book_valuer_per_share": 34.34,
            "book_valuer_per_share_4q_avg": 32.72,
            "equity": 140080096,
            "current_ratio": 122.41,
            "debt_ratio": 76.95,
            "inventory_turnover_ratio": 2.22,
            "account_receivable_turnover_ratio": 1.44,
            "reinvestment_rate": -4.03,
            "research_to_sale_ratio": 1.11,
            "price_fair": 190.4,
            "eps_avg_yearly": 5.44,
            "eps_latest_yearly": 5.6,
            "eps_growth_yearly": 38.69
        },
        "20151": {
            "year_quarter": 20151,
            "year": 2015,
            "quarter": 1,
            "eps": 0.95,
            "eps_growth_year": -21.49,
            "eps_4q": 4.64,
            "eps_4q_growth_year": -5.08,
            "roe": 2.53,
            "roe_4q": 13.39,
            "gross_profit": 10423724,
            "gross_margin": 5.08,
            "gross_margin_4q_avg": 4.77,
            "net_income": 3578131,
            "revenue": 205193392,
            "common_shares": 38626274,
            "book_valuer_per_share": 35.17,
            "book_valuer_per_share_4q_avg": 33.14,
            "equity": 143174484,
            "current_ratio": 121.44,
            "debt_ratio": 75.51,
            "inventory_turnover_ratio": 1.75,
            "account_receivable_turnover_ratio": 1.24,
            "reinvestment_rate": -4.15,
            "research_to_sale_ratio": 1.2,
            "price_fair": 15.92,
            "eps_avg_yearly": 5.31,
            "eps_latest_yearly": 3.8,
            "eps_growth_yearly": -5.41
        },
        "20152": {
            "year_quarter": 20152,
            "year": 2015,
            "quarter": 2,
            "eps": 0.88,
            "eps_growth_year": -16.98,
            "eps_4q": 4.46,
            "eps_4q_growth_year": -8.98,
            "roe": 2.52,
            "roe_4q": 12.7,
            "gross_profit": 10969682,
            "gross_margin": 4.37,
            "gross_margin_4q_avg": 4.63,
            "net_income": 3434423,
            "revenue": 251009059,
            "common_shares": 38626274,
            "book_valuer_per_share": 31.7,
            "book_valuer_per_share_4q_avg": 33.36,
            "equity": 129148067,
            "current_ratio": 118.61,
            "debt_ratio": 78.53,
            "inventory_turnover_ratio": 1.9,
            "account_receivable_turnover_ratio": 1.55,
            "reinvestment_rate": -5.26,
            "research_to_sale_ratio": 1.06,
            "price_fair": 15.53,
            "eps_avg_yearly": 5.18,
            "eps_latest_yearly": 3.52,
            "eps_growth_yearly": -5.75
        },
        "20153": {
            "year_quarter": 20153,
            "year": 2015,
            "quarter": 3,
            "eps": 1.51,
            "eps_growth_year": 22.76,
            "eps_4q": 4.74,
            "eps_4q_growth_year": -3.56,
            "roe": 4.34,
            "roe_4q": 13.349999999999998,
            "gross_profit": 11769308,
            "gross_margin": 4.27,
            "gross_margin_4q_avg": 4.57,
            "net_income": 5741308,
            "revenue": 275897237,
            "common_shares": 38626274,
            "book_valuer_per_share": 33.32,
            "book_valuer_per_share_4q_avg": 33.63,
            "equity": 135508455,
            "current_ratio": 121.07,
            "debt_ratio": 76.76,
            "inventory_turnover_ratio": 1.78,
            "account_receivable_turnover_ratio": 1.55,
            "reinvestment_rate": -12.11,
            "research_to_sale_ratio": 1.05,
            "price_fair": 113.28,
            "eps_avg_yearly": 5.2,
            "eps_latest_yearly": 6.04,
            "eps_growth_yearly": 11.79
        },
        "20154": {
            "year_quarter": 20154,
            "year": 2015,
            "quarter": 4,
            "eps": 1.28,
            "eps_growth_year": -8.49,
            "eps_4q": 4.62,
            "eps_4q_growth_year": -5.6,
            "roe": 3.63,
            "roe_4q": 13.02,
            "gross_profit": 13264917,
            "gross_margin": 4.82,
            "gross_margin_4q_avg": 4.64,
            "net_income": 4995810,
            "revenue": 275157692,
            "common_shares": 38626274,
            "book_valuer_per_share": 34.44,
            "book_valuer_per_share_4q_avg": 33.66,
            "equity": 140085684,
            "current_ratio": 127.51,
            "debt_ratio": 73.65,
            "inventory_turnover_ratio": 1.81,
            "account_receivable_turnover_ratio": 1.62,
            "reinvestment_rate": -13.31,
            "research_to_sale_ratio": 1.05,
            "price_fair": 66.49,
            "eps_avg_yearly": 5.09,
            "eps_latest_yearly": 5.12,
            "eps_growth_yearly": 3.06
        },
        "20161": {
            "year_quarter": 20161,
            "year": 2016,
            "quarter": 1,
            "eps": 0.94,
            "eps_growth_year": -1.05,
            "eps_4q": 4.61,
            "eps_4q_growth_year": -0.61,
            "roe": 2.58,
            "roe_4q": 13.07,
            "gross_profit": 9832350,
            "gross_margin": 4.98,
            "gross_margin_4q_avg": 4.61,
            "net_income": 3645190,
            "revenue": 197362829,
            "common_shares": 38626274,
            "book_valuer_per_share": 35.19,
            "book_valuer_per_share_4q_avg": 33.66,
            "equity": 142949174,
            "current_ratio": 127.71,
            "debt_ratio": 73.95,
            "inventory_turnover_ratio": 1.54,
            "account_receivable_turnover_ratio": 1.56,
            "reinvestment_rate": -14,
            "research_to_sale_ratio": 1.33,
            "price_fair": 59.23,
            "eps_avg_yearly": 5,
            "eps_latest_yearly": 3.76,
            "eps_growth_yearly": 1.86
        },
        "20162": {
            "year_quarter": 20162,
            "year": 2016,
            "quarter": 2,
            "eps": 0.91,
            "eps_growth_year": 3.41,
            "eps_4q": 4.64,
            "eps_4q_growth_year": 4.13,
            "roe": 2.6,
            "roe_4q": 13.149999999999999,
            "gross_profit": 10887123,
            "gross_margin": 5.24,
            "gross_margin_4q_avg": 4.83,
            "net_income": 3574943,
            "revenue": 207674826,
            "common_shares": 38626274,
            "book_valuer_per_share": 32.38,
            "book_valuer_per_share_4q_avg": 33.83,
            "equity": 131662200,
            "current_ratio": 119.82,
            "debt_ratio": 76.25,
            "inventory_turnover_ratio": 1.65,
            "account_receivable_turnover_ratio": 2.1,
            "reinvestment_rate": -16.82,
            "research_to_sale_ratio": 1.32,
            "price_fair": 14.5,
            "eps_avg_yearly": 4.83,
            "eps_latest_yearly": 3.64,
            "eps_growth_yearly": -3.26
        },
        "20163": {
            "year_quarter": 20163,
            "year": 2016,
            "quarter": 3,
            "eps": 1.03,
            "eps_growth_year": -31.79,
            "eps_4q": 4.16,
            "eps_4q_growth_year": -12.37,
            "roe": 3.01,
            "roe_4q": 11.82,
            "gross_profit": 12343321,
            "gross_margin": 5.52,
            "gross_margin_4q_avg": 5.14,
            "net_income": 4012842,
            "revenue": 223699397,
            "common_shares": 38626274,
            "book_valuer_per_share": 33.23,
            "book_valuer_per_share_4q_avg": 33.81,
            "equity": 134869380,
            "current_ratio": 123.36,
            "debt_ratio": 76.66,
            "inventory_turnover_ratio": 1.7,
            "account_receivable_turnover_ratio": 2.06,
            "reinvestment_rate": -17.59,
            "research_to_sale_ratio": 1.26,
            "price_fair": 14,
            "eps_avg_yearly": 4.67,
            "eps_latest_yearly": 4.12,
            "eps_growth_yearly": -2.05
        },
        "20164": {
            "year_quarter": 20164,
            "year": 2016,
            "quarter": 4,
            "eps": 1.05,
            "eps_growth_year": -17.89,
            "eps_4q": 3.93,
            "eps_4q_growth_year": -15.08,
            "roe": 3.04,
            "roe_4q": 11.23,
            "gross_profit": 13531467,
            "gross_margin": 5.1,
            "gross_margin_4q_avg": 5.21,
            "net_income": 4177459,
            "revenue": 265245242,
            "common_shares": 38626274,
            "book_valuer_per_share": 34.47,
            "book_valuer_per_share_4q_avg": 33.82,
            "equity": 139716786,
            "current_ratio": 124.65,
            "debt_ratio": 76.22,
            "inventory_turnover_ratio": 1.99,
            "account_receivable_turnover_ratio": 1.9,
            "reinvestment_rate": -15.7,
            "research_to_sale_ratio": 1.15,
            "price_fair": 56.16,
            "eps_avg_yearly": 4.57,
            "eps_latest_yearly": 4.2,
            "eps_growth_yearly": 2.28
        },
        "20171": {
            "year_quarter": 20171,
            "year": 2017,
            "quarter": 1,
            "eps": 0.72,
            "eps_growth_year": -23.4,
            "eps_4q": 3.71,
            "eps_4q_growth_year": -19.46,
            "roe": 2.02,
            "roe_4q": 10.67,
            "gross_profit": 10786095,
            "gross_margin": 4.73,
            "gross_margin_4q_avg": 5.15,
            "net_income": 2836353,
            "revenue": 227915880,
            "common_shares": 38626274,
            "book_valuer_per_share": 34.83,
            "book_valuer_per_share_4q_avg": 33.73,
            "equity": 140805062,
            "current_ratio": 124.83,
            "debt_ratio": 76.51,
            "inventory_turnover_ratio": 1.7,
            "account_receivable_turnover_ratio": 1.7,
            "reinvestment_rate": -17.93,
            "research_to_sale_ratio": 1.16,
            "price_fair": 13.39,
            "eps_avg_yearly": 4.46,
            "eps_latest_yearly": 2.88,
            "eps_growth_yearly": -0.86
        },
        "20172": {
            "year_quarter": 20172,
            "year": 2017,
            "quarter": 2,
            "eps": 1.03,
            "eps_growth_year": 13.19,
            "eps_4q": 3.84,
            "eps_4q_growth_year": -17.36,
            "roe": 2.96,
            "roe_4q": 11.03,
            "gross_profit": 10670040,
            "gross_margin": 4.53,
            "gross_margin_4q_avg": 4.97,
            "net_income": 4033348,
            "revenue": 235365006,
            "common_shares": 38626274,
            "book_valuer_per_share": 32.63,
            "book_valuer_per_share_4q_avg": 33.79,
            "equity": 132172561,
            "current_ratio": 118.71,
            "debt_ratio": 79.36,
            "inventory_turnover_ratio": 1.6,
            "account_receivable_turnover_ratio": 1.95,
            "reinvestment_rate": -16.01,
            "research_to_sale_ratio": 1.28,
            "price_fair": 99.31,
            "eps_avg_yearly": 4.46,
            "eps_latest_yearly": 4.12,
            "eps_growth_yearly": 12.28
        },
        "20173": {
            "year_quarter": 20173,
            "year": 2017,
            "quarter": 3,
            "eps": 1.04,
            "eps_growth_year": 0.97,
            "eps_4q": 3.85,
            "eps_4q_growth_year": -7.44,
            "roe": 2.97,
            "roe_4q": 10.989999999999998,
            "gross_profit": 12369327,
            "gross_margin": 4.48,
            "gross_margin_4q_avg": 4.71,
            "net_income": 3968743,
            "revenue": 276183513,
            "common_shares": 38626274,
            "book_valuer_per_share": 33.45,
            "book_valuer_per_share_4q_avg": 33.85,
            "equity": 135351022,
            "current_ratio": 117.94,
            "debt_ratio": 78.59,
            "inventory_turnover_ratio": 1.71,
            "account_receivable_turnover_ratio": 1.92,
            "reinvestment_rate": -12.3,
            "research_to_sale_ratio": 1.29,
            "price_fair": 82.61,
            "eps_avg_yearly": 4.42,
            "eps_latest_yearly": 4.16,
            "eps_growth_yearly": 8.71
        },
        "20174": {
            "year_quarter": 20174,
            "year": 2017,
            "quarter": 4,
            "eps": 0.93,
            "eps_growth_year": -11.42,
            "eps_4q": 3.73,
            "eps_4q_growth_year": -5.09,
            "roe": 2.68,
            "roe_4q": 10.629999999999999,
            "gross_profit": 11827724,
            "gross_margin": 4.2,
            "gross_margin_4q_avg": 4.49,
            "net_income": 3677318,
            "revenue": 281718501,
            "common_shares": 38626274,
            "book_valuer_per_share": 34.36,
            "book_valuer_per_share_4q_avg": 33.82,
            "equity": 138788475,
            "current_ratio": 118.86,
            "debt_ratio": 77.37,
            "inventory_turnover_ratio": 1.82,
            "account_receivable_turnover_ratio": 1.78,
            "reinvestment_rate": -13.02,
            "research_to_sale_ratio": 1.25,
            "price_fair": 50.35,
            "eps_avg_yearly": 4.29,
            "eps_latest_yearly": 3.72,
            "eps_growth_yearly": 1.73
        },
        "20181": {
            "year_quarter": 20181,
            "year": 2018,
            "quarter": 1,
            "eps": 0.71,
            "eps_growth_year": -1.39,
            "eps_4q": 3.71,
            "eps_4q_growth_year": -0.04,
            "roe": 1.97,
            "roe_4q": 10.580000000000002,
            "gross_profit": 9241888,
            "gross_margin": 4.18,
            "gross_margin_4q_avg": 4.35,
            "net_income": 2760558,
            "revenue": 220927650,
            "common_shares": 38626274,
            "book_valuer_per_share": 35.16,
            "book_valuer_per_share_4q_avg": 33.9,
            "equity": 141965300,
            "current_ratio": 120.58,
            "debt_ratio": 76.28,
            "inventory_turnover_ratio": 1.65,
            "account_receivable_turnover_ratio": 1.5,
            "reinvestment_rate": -16.63,
            "research_to_sale_ratio": 1.38,
            "price_fair": 12.5,
            "eps_avg_yearly": 4.17,
            "eps_latest_yearly": 2.84,
            "eps_growth_yearly": -0.49
        },
        "20182": {
            "year_quarter": 20182,
            "year": 2018,
            "quarter": 2,
            "eps": 0.92,
            "eps_growth_year": -10.68,
            "eps_4q": 3.6,
            "eps_4q_growth_year": -6.26,
            "roe": 2.57,
            "roe_4q": 10.190000000000001,
            "gross_profit": 9265746,
            "gross_margin": 4.45,
            "gross_margin_4q_avg": 4.33,
            "net_income": 3524906,
            "revenue": 208226853,
            "common_shares": 38626274,
            "book_valuer_per_share": 32.85,
            "book_valuer_per_share_4q_avg": 33.96,
            "equity": 132868828,
            "current_ratio": 117.53,
            "debt_ratio": 79.47,
            "inventory_turnover_ratio": 1.59,
            "account_receivable_turnover_ratio": 1.52,
            "reinvestment_rate": -8.9,
            "research_to_sale_ratio": 1.61,
            "price_fair": 82.67,
            "eps_avg_yearly": 4.13,
            "eps_latest_yearly": 3.68,
            "eps_growth_yearly": 10.01
        },
        "20183": {
            "year_quarter": 20183,
            "year": 2018,
            "quarter": 3,
            "eps": 1.22,
            "eps_growth_year": 17.31,
            "eps_4q": 3.78,
            "eps_4q_growth_year": -1.7,
            "roe": 3.53,
            "roe_4q": 10.75,
            "gross_profit": 12378613,
            "gross_margin": 4.39,
            "gross_margin_4q_avg": 4.31,
            "net_income": 4773233,
            "revenue": 282152349,
            "common_shares": 38626274,
            "book_valuer_per_share": 34.02,
            "book_valuer_per_share_4q_avg": 34.1,
            "equity": 137310464,
            "current_ratio": 116.88,
            "debt_ratio": 79.98,
            "inventory_turnover_ratio": 1.87,
            "account_receivable_turnover_ratio": 1.68,
            "reinvestment_rate": -6.93,
            "research_to_sale_ratio": 1.35,
            "price_fair": 99.73,
            "eps_avg_yearly": 4.13,
            "eps_latest_yearly": 4.88,
            "eps_growth_yearly": 14.15
        },
        "20184": {
            "year_quarter": 20184,
            "year": 2018,
            "quarter": 4,
            "eps": 1.07,
            "eps_growth_year": 15,
            "eps_4q": 3.92,
            "eps_4q_growth_year": 5.23,
            "roe": 3.07,
            "roe_4q": 11.14,
            "gross_profit": 12987048,
            "gross_margin": 4.1,
            "gross_margin_4q_avg": 4.28,
            "net_income": 4273664,
            "revenue": 316684186,
            "common_shares": 38626274,
            "book_valuer_per_share": 35,
            "book_valuer_per_share_4q_avg": 34.26,
            "equity": 141227096,
            "current_ratio": 120.6,
            "debt_ratio": 78.58,
            "inventory_turnover_ratio": 2.06,
            "account_receivable_turnover_ratio": 1.63,
            "reinvestment_rate": -9.47,
            "research_to_sale_ratio": 1.13,
            "price_fair": 71.32,
            "eps_avg_yearly": 4.05,
            "eps_latest_yearly": 4.28,
            "eps_growth_yearly": 7.62
        },
        "20191": {
            "year_quarter": 20191,
            "year": 2019,
            "quarter": 1,
            "eps": 0.81,
            "eps_growth_year": 14.08,
            "eps_4q": 4.02,
            "eps_4q_growth_year": 8.38,
            "roe": 2.27,
            "roe_4q": 11.44,
            "gross_profit": 9889145,
            "gross_margin": 4.47,
            "gross_margin_4q_avg": 4.35,
            "net_income": 3240779,
            "revenue": 221330295,
            "common_shares": 38626274,
            "book_valuer_per_share": 35.74,
            "book_valuer_per_share_4q_avg": 34.4,
            "equity": 144286857,
            "current_ratio": 123.42,
            "debt_ratio": 76.42,
            "inventory_turnover_ratio": 1.47,
            "account_receivable_turnover_ratio": 1.23,
            "reinvestment_rate": -8.95,
            "research_to_sale_ratio": 1.43,
            "price_fair": 78.57,
            "eps_avg_yearly": 4.01,
            "eps_latest_yearly": 3.24,
            "eps_growth_yearly": 9.58
        },
        "20192": {
            "year_quarter": 20192,
            "year": 2019,
            "quarter": 2,
            "eps": 1.03,
            "eps_growth_year": 11.96,
            "eps_4q": 4.14,
            "eps_4q_growth_year": 14.96,
            "roe": 2.93,
            "roe_4q": 11.799999999999999,
            "gross_profit": 11712707,
            "gross_margin": 4.77,
            "gross_margin_4q_avg": 4.43,
            "net_income": 4070422,
            "revenue": 245740721,
            "common_shares": 38626274,
            "book_valuer_per_share": 33.02,
            "book_valuer_per_share_4q_avg": 34.45,
            "equity": 133647928,
            "current_ratio": 120.98,
            "debt_ratio": 79.49,
            "inventory_turnover_ratio": 1.54,
            "account_receivable_turnover_ratio": 1.5,
            "reinvestment_rate": -7.19,
            "research_to_sale_ratio": 1.69,
            "price_fair": 114.26,
            "eps_avg_yearly": 4.05,
            "eps_latest_yearly": 4.12,
            "eps_growth_yearly": 18.21
        },
        "20193": {
            "year_quarter": 20193,
            "year": 2019,
            "quarter": 3,
            "eps": 1.13,
            "eps_growth_year": -7.38,
            "eps_4q": 4.04,
            "eps_4q_growth_year": 6.8,
            "roe": 3.28,
            "roe_4q": 11.55,
            "gross_profit": 12774029,
            "gross_margin": 4.82,
            "gross_margin_4q_avg": 4.54,
            "net_income": 4440578,
            "revenue": 265141914,
            "common_shares": 38626274,
            "book_valuer_per_share": 34,
            "book_valuer_per_share_4q_avg": 34.44,
            "equity": 137382209,
            "current_ratio": 124.99,
            "debt_ratio": 77.61,
            "inventory_turnover_ratio": 1.57,
            "account_receivable_turnover_ratio": 1.48,
            "reinvestment_rate": -4.78,
            "research_to_sale_ratio": 1.36,
            "price_fair": 50.4,
            "eps_avg_yearly": 3.96,
            "eps_latest_yearly": 4.52,
            "eps_growth_yearly": 2.74
        },
        "20194": {
            "year_quarter": 20194,
            "year": 2019,
            "quarter": 4,
            "eps": 1.17,
            "eps_growth_year": 9,
            "eps_4q": 4.14,
            "eps_4q_growth_year": 5.45,
            "roe": 3.27,
            "roe_4q": 11.75,
            "gross_profit": 14791369,
            "gross_margin": 4.97,
            "gross_margin_4q_avg": 4.76,
            "net_income": 4563026,
            "revenue": 297398484,
            "common_shares": 38626274,
            "book_valuer_per_share": 35.19,
            "book_valuer_per_share_4q_avg": 34.49,
            "equity": 141931265,
            "current_ratio": 124.72,
            "debt_ratio": 76.91,
            "inventory_turnover_ratio": 1.93,
            "account_receivable_turnover_ratio": 1.53,
            "reinvestment_rate": -3.84,
            "research_to_sale_ratio": 1.4,
            "price_fair": 68.48,
            "eps_avg_yearly": 3.93,
            "eps_latest_yearly": 4.68,
            "eps_growth_yearly": 7.44
        },
        "20201": {
            "year_quarter": 20201,
            "year": 2020,
            "quarter": 1,
            "eps": 0.67,
            "eps_growth_year": -17.28,
            "eps_4q": 3.99,
            "eps_4q_growth_year": -0.7,
            "roe": 1.9,
            "roe_4q": 11.379999999999999,
            "gross_profit": 9230550,
            "gross_margin": 4.85,
            "gross_margin_4q_avg": 4.85,
            "net_income": 2705960,
            "revenue": 190297896,
            "common_shares": 38626274,
            "book_valuer_per_share": 35.47,
            "book_valuer_per_share_4q_avg": 34.42,
            "equity": 142719568,
            "current_ratio": 126.06,
            "debt_ratio": 74.26,
            "inventory_turnover_ratio": 1.32,
            "account_receivable_turnover_ratio": 1.08,
            "reinvestment_rate": -0.57,
            "research_to_sale_ratio": 1.81,
            "price_fair": 51.69,
            "eps_avg_yearly": 3.86,
            "eps_latest_yearly": 2.68,
            "eps_growth_yearly": 3.39
        },
        "20202": {
            "year_quarter": 20202,
            "year": 2020,
            "quarter": 2,
            "eps": 1.62,
            "eps_growth_year": 57.28,
            "eps_4q": 4.59,
            "eps_4q_growth_year": 10.93,
            "roe": 4.26,
            "roe_4q": 12.709999999999999,
            "gross_profit": 16787376,
            "gross_margin": 6.21,
            "gross_margin_4q_avg": 5.21,
            "net_income": 5912197,
            "revenue": 270182333,
            "common_shares": 38626274,
            "book_valuer_per_share": 33.5,
            "book_valuer_per_share_4q_avg": 34.54,
            "equity": 134744757,
            "current_ratio": 121.33,
            "debt_ratio": 77.45,
            "inventory_turnover_ratio": 1.65,
            "account_receivable_turnover_ratio": 1.48,
            "reinvestment_rate": 0.95,
            "research_to_sale_ratio": 1.43,
            "price_fair": 141.31,
            "eps_avg_yearly": 4.04,
            "eps_latest_yearly": 6.48,
            "eps_growth_yearly": 39.64
        },
        "20203": {
            "year_quarter": 20203,
            "year": 2020,
            "quarter": 3,
            "eps": 2.04,
            "eps_growth_year": 80.53,
            "eps_4q": 5.5,
            "eps_4q_growth_year": 36.26,
            "roe": 5.78,
            "roe_4q": 15.209999999999999,
            "gross_profit": 19182175,
            "gross_margin": 5.86,
            "gross_margin_4q_avg": 5.47,
            "net_income": 8026473,
            "revenue": 327348154,
            "common_shares": 38626274,
            "book_valuer_per_share": 35.6,
            "book_valuer_per_share_4q_avg": 34.94,
            "equity": 142972928,
            "current_ratio": 118.81,
            "debt_ratio": 77.37,
            "inventory_turnover_ratio": 1.94,
            "account_receivable_turnover_ratio": 1.52,
            "reinvestment_rate": 3.54,
            "research_to_sale_ratio": 1.45,
            "price_fair": 150.15,
            "eps_avg_yearly": 4.29,
            "eps_latest_yearly": 8.16,
            "eps_growth_yearly": 42.82
        },
        "20204": {
            "year_quarter": 20204,
            "year": 2020,
            "quarter": 4,
            "eps": 2.24,
            "eps_growth_year": 91.09,
            "eps_4q": 6.57,
            "eps_4q_growth_year": 58.87,
            "roe": 5.96,
            "roe_4q": 17.9,
            "gross_profit": 18770976,
            "gross_margin": 6.19,
            "gross_margin_4q_avg": 5.78,
            "net_income": 8745430,
            "revenue": 303030468,
            "common_shares": 38626274,
            "book_valuer_per_share": 37.45,
            "book_valuer_per_share_4q_avg": 35.51,
            "equity": 150292855,
            "current_ratio": 126.63,
            "debt_ratio": 77.36,
            "inventory_turnover_ratio": 1.84,
            "account_receivable_turnover_ratio": 1.45,
            "reinvestment_rate": 2.38,
            "research_to_sale_ratio": 1.56,
            "price_fair": 160.56,
            "eps_avg_yearly": 4.59,
            "eps_latest_yearly": 8.96,
            "eps_growth_yearly": 44.79
        },
        "20211": {
            "year_quarter": 20211,
            "year": 2021,
            "quarter": 1,
            "eps": 1.84,
            "eps_growth_year": 174.63,
            "eps_4q": 7.74,
            "eps_4q_growth_year": 93.83,
            "roe": 4.64,
            "roe_4q": 20.64,
            "gross_profit": 17021360,
            "gross_margin": 6.33,
            "gross_margin_4q_avg": 6.15,
            "net_income": 7234012,
            "revenue": 268953612,
            "common_shares": 38626274,
            "book_valuer_per_share": 40.44,
            "book_valuer_per_share_4q_avg": 36.75,
            "equity": 161787445,
            "current_ratio": 130.56,
            "debt_ratio": 75.18,
            "inventory_turnover_ratio": 1.62,
            "account_receivable_turnover_ratio": 1.24,
            "reinvestment_rate": 9.04,
            "research_to_sale_ratio": 1.54,
            "price_fair": 170.36,
            "eps_avg_yearly": 4.87,
            "eps_latest_yearly": 7.36,
            "eps_growth_yearly": 48.18
        },
        "20212": {
            "year_quarter": 20212,
            "year": 2021,
            "quarter": 2,
            "eps": 2.05,
            "eps_growth_year": 26.54,
            "eps_4q": 8.17,
            "eps_4q_growth_year": 78.11,
            "roe": 5.19,
            "roe_4q": 21.57,
            "gross_profit": 17135941,
            "gross_margin": 6.58,
            "gross_margin_4q_avg": 6.24,
            "net_income": 8050797,
            "revenue": 260277568,
            "common_shares": 38626274,
            "book_valuer_per_share": 36.92,
            "book_valuer_per_share_4q_avg": 37.6,
            "equity": 148402359,
            "current_ratio": 124.57,
            "debt_ratio": 77.18,
            "inventory_turnover_ratio": 1.49,
            "account_receivable_turnover_ratio": 1.07,
            "reinvestment_rate": 9.1,
            "research_to_sale_ratio": 1.66,
            "price_fair": 179.29,
            "eps_avg_yearly": 5.12,
            "eps_latest_yearly": 8.2,
            "eps_growth_yearly": 40.27
        },
        "20213": {
            "year_quarter": 20213,
            "year": 2021,
            "quarter": 3,
            "eps": 2.43,
            "eps_growth_year": 19.12,
            "eps_4q": 8.56,
            "eps_4q_growth_year": 55.52,
            "roe": 6.29,
            "roe_4q": 22.080000000000002,
            "gross_profit": 17682682,
            "gross_margin": 6.76,
            "gross_margin_4q_avg": 6.47,
            "net_income": 9572909,
            "revenue": 261588545,
            "common_shares": 38626274,
            "book_valuer_per_share": 38.81,
            "book_valuer_per_share_4q_avg": 38.41,
            "equity": 155830233,
            "current_ratio": 124.76,
            "debt_ratio": 77.09,
            "inventory_turnover_ratio": 1.37,
            "account_receivable_turnover_ratio": 1.11,
            "reinvestment_rate": 8.83,
            "research_to_sale_ratio": 1.72,
            "price_fair": 191.45,
            "eps_avg_yearly": 5.47,
            "eps_latest_yearly": 9.72,
            "eps_growth_yearly": 44.66
        },
        "20214": {
            "year_quarter": 20214,
            "year": 2021,
            "quarter": 4,
            "eps": 2.41,
            "eps_growth_year": 7.62,
            "eps_4q": 8.73,
            "eps_4q_growth_year": 32.87,
            "roe": 5.87,
            "roe_4q": 21.990000000000002,
            "gross_profit": 20271249,
            "gross_margin": 5.99,
            "gross_margin_4q_avg": 6.42,
            "net_income": 9501847,
            "revenue": 338633625,
            "common_shares": 38626274,
            "book_valuer_per_share": 41.81,
            "book_valuer_per_share_4q_avg": 39.5,
            "equity": 168127338,
            "current_ratio": 124.72,
            "debt_ratio": 76.57,
            "inventory_turnover_ratio": 1.64,
            "account_receivable_turnover_ratio": 1.39,
            "reinvestment_rate": 11.48,
            "research_to_sale_ratio": 1.68,
            "price_fair": 204.4,
            "eps_avg_yearly": 5.84,
            "eps_latest_yearly": 9.64,
            "eps_growth_yearly": 47.1
        },
        "20221": {
            "year_quarter": 20221,
            "year": 2022,
            "quarter": 1,
            "eps": 1.75,
            "eps_growth_year": -4.89,
            "eps_4q": 8.64,
            "eps_4q_growth_year": 11.6,
            "roe": 4.02,
            "roe_4q": 21.37,
            "gross_profit": 16032422,
            "gross_margin": 5.31,
            "gross_margin_4q_avg": 6.16,
            "net_income": 6931595,
            "revenue": 301781255,
            "common_shares": 38626274,
            "book_valuer_per_share": 44.03,
            "book_valuer_per_share_4q_avg": 40.39,
            "equity": 176534165,
            "current_ratio": 123.88,
            "debt_ratio": 76.08,
            "inventory_turnover_ratio": 1.28,
            "account_receivable_turnover_ratio": 1.11,
            "reinvestment_rate": 16.19,
            "research_to_sale_ratio": 1.51,
            "price_fair": 213.5,
            "eps_avg_yearly": 6.1,
            "eps_latest_yearly": 7,
            "eps_growth_yearly": 46.17
        },
        "20222": {
            "year_quarter": 20222,
            "year": 2022,
            "quarter": 2,
            "eps": 1.03,
            "eps_growth_year": -49.76,
            "eps_4q": 7.62,
            "eps_4q_growth_year": -6.74,
            "roe": 2.49,
            "roe_4q": 18.669999999999998,
            "gross_profit": 12286616,
            "gross_margin": 4.54,
            "gross_margin_4q_avg": 5.65,
            "net_income": 4141254,
            "revenue": 270467363,
            "common_shares": 38626274,
            "book_valuer_per_share": 38.83,
            "book_valuer_per_share_4q_avg": 40.87,
            "equity": 156681195,
            "current_ratio": 117.66,
            "debt_ratio": 79.61,
            "inventory_turnover_ratio": 1.02,
            "account_receivable_turnover_ratio": 1.04,
            "reinvestment_rate": 17.22,
            "research_to_sale_ratio": 1.78,
            "price_fair": 214.46,
            "eps_avg_yearly": 6.13,
            "eps_latest_yearly": 4.12,
            "eps_growth_yearly": 28.49
        },
        "20223": {
            "year_quarter": 20223,
            "year": 2022,
            "quarter": 3,
            "eps": 2.4,
            "eps_growth_year": -1.23,
            "eps_4q": 7.59,
            "eps_4q_growth_year": -11.34,
            "roe": 5.78,
            "roe_4q": 18.16,
            "gross_profit": 21437113,
            "gross_margin": 5.61,
            "gross_margin_4q_avg": 5.36,
            "net_income": 9476074,
            "revenue": 382075216,
            "common_shares": 38626274,
            "book_valuer_per_share": 42.53,
            "book_valuer_per_share_4q_avg": 41.8,
            "equity": 171198096,
            "current_ratio": 117.49,
            "debt_ratio": 79.01,
            "inventory_turnover_ratio": 1.42,
            "account_receivable_turnover_ratio": 1.41,
            "reinvestment_rate": 19.39,
            "research_to_sale_ratio": 1.46,
            "price_fair": 224.79,
            "eps_avg_yearly": 6.42,
            "eps_latest_yearly": 9.6,
            "eps_growth_yearly": 53.59
        },
        "20224": {
            "year_quarter": 20224,
            "year": 2022,
            "quarter": 4,
            "eps": 2.33,
            "eps_growth_year": -3.19,
            "eps_4q": 7.51,
            "eps_4q_growth_year": -13.95,
            "roe": 5.28,
            "roe_4q": 17.57,
            "gross_profit": 21158861,
            "gross_margin": 6.49,
            "gross_margin_4q_avg": 5.49,
            "net_income": 9173746,
            "revenue": 326105478,
            "common_shares": 38626274,
            "book_valuer_per_share": 43.89,
            "book_valuer_per_share_4q_avg": 42.32,
            "equity": 176523457,
            "current_ratio": 116.65,
            "debt_ratio": 78.37,
            "inventory_turnover_ratio": 1.27,
            "account_receivable_turnover_ratio": 1.12,
            "reinvestment_rate": 14.73,
            "research_to_sale_ratio": 1.96,
            "price_fair": 235.81,
            "eps_avg_yearly": 6.74,
            "eps_latest_yearly": 9.32,
            "eps_growth_yearly": 55.93
        },
        "20231": {
            "year_quarter": 20231,
            "year": 2023,
            "quarter": 1,
            "eps": 1.68,
            "eps_growth_year": -4,
            "eps_4q": 7.44,
            "eps_4q_growth_year": -13.9,
            "roe": 3.93,
            "roe_4q": 17.480000000000004,
            "gross_profit": 17565688,
            "gross_margin": 6.6,
            "gross_margin_4q_avg": 5.81,
            "net_income": 6612118,
            "revenue": 266180950,
            "common_shares": 38626274,
            "book_valuer_per_share": 39.66,
            "book_valuer_per_share_4q_avg": 41.23,
            "equity": 159812588,
            "current_ratio": 116.52,
            "debt_ratio": 77.2,
            "inventory_turnover_ratio": 1.26,
            "account_receivable_turnover_ratio": 1,
            "reinvestment_rate": 13.79,
            "research_to_sale_ratio": 1.96,
            "price_fair": 243.43,
            "eps_avg_yearly": 6.96,
            "eps_latest_yearly": 6.72,
            "eps_growth_yearly": 55.03
        },
        "20232": {
            "year_quarter": 20232,
            "year": 2023,
            "quarter": 2,
            "eps": 2.63,
            "eps_growth_year": 155.34,
            "eps_4q": 9.04,
            "eps_4q_growth_year": 18.62,
            "roe": 6.19,
            "roe_4q": 21.180000000000003,
            "gross_profit": 20882329,
            "gross_margin": 8.52,
            "gross_margin_4q_avg": 6.81,
            "net_income": 10273449,
            "revenue": 245029412,
            "common_shares": 38626274,
            "book_valuer_per_share": 42.85,
            "book_valuer_per_share_4q_avg": 42.23,
            "equity": 172263133,
            "current_ratio": 120.55,
            "debt_ratio": 74.21,
            "inventory_turnover_ratio": 1.41,
            "account_receivable_turnover_ratio": 0.97,
            "reinvestment_rate": 14.17,
            "research_to_sale_ratio": 2.17,
            "price_fair": 257.43,
            "eps_avg_yearly": 7.36,
            "eps_latest_yearly": 10.52,
            "eps_growth_yearly": 62.38
        }
    },
    "months": {
        "2001-06": {
            "month": "2001-06",
            "price": "115.90",
            "revenue": 10273666
        },
        "2001-07": {
            "month": "2001-07",
            "price": "106.24",
            "revenue": 8780004
        },
        "2001-08": {
            "month": "2001-08",
            "price": "82.50",
            "revenue": 9503939
        },
        "2001-09": {
            "month": "2001-09",
            "price": "70.35",
            "revenue": 9346769
        },
        "2001-10": {
            "month": "2001-10",
            "price": "70.60",
            "revenue": 10360296
        },
        "2001-11": {
            "month": "2001-11",
            "price": "80.02",
            "revenue": 10259464
        },
        "2001-12": {
            "month": "2001-12",
            "price": "102.83",
            "revenue": 11446012
        },
        "2002-01": {
            "month": "2002-01",
            "price": "135.50",
            "revenue": 10222473
        },
        "2002-02": {
            "month": "2002-02",
            "price": "126.67",
            "revenue": 10003511
        },
        "2002-03": {
            "month": "2002-03",
            "price": "126.31",
            "revenue": 14165481
        },
        "2002-04": {
            "month": "2002-04",
            "price": "122.17",
            "revenue": 11606881
        },
        "2002-05": {
            "month": "2002-05",
            "price": "105.09",
            "revenue": 11509433
        },
        "2002-06": {
            "month": "2002-06",
            "price": "94.30",
            "revenue": 10395566
        },
        "2002-07": {
            "month": "2002-07",
            "price": "84.78",
            "revenue": 9113713
        },
        "2002-08": {
            "month": "2002-08",
            "price": "79.82",
            "revenue": 10205042
        },
        "2002-09": {
            "month": "2002-09",
            "price": "68.35",
            "revenue": 10518676
        },
        "2002-10": {
            "month": "2002-10",
            "price": "65.05",
            "revenue": 13376550
        },
        "2002-11": {
            "month": "2002-11",
            "price": "73.05",
            "revenue": 14641829
        },
        "2002-12": {
            "month": "2002-12",
            "price": "65.32",
            "revenue": 16555361
        },
        "2003-01": {
            "month": "2003-01",
            "price": "65.82",
            "revenue": 17205193
        },
        "2003-02": {
            "month": "2003-02",
            "price": "59.56",
            "revenue": 17508371
        },
        "2003-03": {
            "month": "2003-03",
            "price": "64.12",
            "revenue": 20550938
        },
        "2003-04": {
            "month": "2003-04",
            "price": "66.95",
            "revenue": 20561139
        },
        "2003-05": {
            "month": "2003-05",
            "price": "64.17",
            "revenue": 20696999
        },
        "2003-06": {
            "month": "2003-06",
            "price": "72.80",
            "revenue": 24077220
        },
        "2003-07": {
            "month": "2003-07",
            "price": "81.91",
            "revenue": 25170571
        },
        "2003-08": {
            "month": "2003-08",
            "price": "84.86",
            "revenue": 25673357
        },
        "2003-09": {
            "month": "2003-09",
            "price": "84.48",
            "revenue": 30767383
        },
        "2003-10": {
            "month": "2003-10",
            "price": "89.64",
            "revenue": 31157241
        },
        "2003-11": {
            "month": "2003-11",
            "price": "86.90",
            "revenue": 31611175
        },
        "2003-12": {
            "month": "2003-12",
            "price": "83.50",
            "revenue": 27308922
        },
        "2004-01": {
            "month": "2004-01",
            "price": "85.00",
            "revenue": 21460951
        },
        "2004-02": {
            "month": "2004-02",
            "price": "80.10",
            "revenue": 21560648
        },
        "2004-03": {
            "month": "2004-03",
            "price": "79.63",
            "revenue": 22650212
        },
        "2004-04": {
            "month": "2004-04",
            "price": "78.48",
            "revenue": 23006138
        },
        "2004-05": {
            "month": "2004-05",
            "price": "68.95",
            "revenue": 23125580
        },
        "2004-06": {
            "month": "2004-06",
            "price": "70.05",
            "revenue": 23242414
        },
        "2004-07": {
            "month": "2004-07",
            "price": "63.50",
            "revenue": 23019167
        },
        "2004-08": {
            "month": "2004-08",
            "price": "57.52",
            "revenue": 25289394
        },
        "2004-09": {
            "month": "2004-09",
            "price": "59.40",
            "revenue": 30553138
        },
        "2004-10": {
            "month": "2004-10",
            "price": "56.75",
            "revenue": 40109868
        },
        "2004-11": {
            "month": "2004-11",
            "price": "56.20",
            "revenue": 36594661
        },
        "2004-12": {
            "month": "2004-12",
            "price": "54.48",
            "revenue": 33912480
        },
        "2005-01": {
            "month": "2005-01",
            "price": "52.11",
            "revenue": 25109752
        },
        "2005-02": {
            "month": "2005-02",
            "price": "55.92",
            "revenue": 24533597
        },
        "2005-03": {
            "month": "2005-03",
            "price": "52.33",
            "revenue": 29277151
        },
        "2005-04": {
            "month": "2005-04",
            "price": "52.61",
            "revenue": 29438408
        },
        "2005-05": {
            "month": "2005-05",
            "price": "55.99",
            "revenue": 28031466
        },
        "2005-06": {
            "month": "2005-06",
            "price": "59.80",
            "revenue": 30274733
        },
        "2005-07": {
            "month": "2005-07",
            "price": "61.04",
            "revenue": 32292117
        },
        "2005-08": {
            "month": "2005-08",
            "price": "57.02",
            "revenue": 34679587
        },
        "2005-09": {
            "month": "2005-09",
            "price": "52.82",
            "revenue": 36965352
        },
        "2005-10": {
            "month": "2005-10",
            "price": "50.58",
            "revenue": 43432250
        },
        "2005-11": {
            "month": "2005-11",
            "price": "50.50",
            "revenue": 51243082
        },
        "2005-12": {
            "month": "2005-12",
            "price": "49.19",
            "revenue": 37981906
        },
        "2006-01": {
            "month": "2006-01",
            "price": "48.27",
            "revenue": 33004204
        },
        "2006-02": {
            "month": "2006-02",
            "price": "49.52",
            "revenue": 33042452
        },
        "2006-03": {
            "month": "2006-03",
            "price": "50.83",
            "revenue": 38933681
        },
        "2006-04": {
            "month": "2006-04",
            "price": "55.87",
            "revenue": 36030313
        },
        "2006-05": {
            "month": "2006-05",
            "price": "52.11",
            "revenue": 26221936
        },
        "2006-06": {
            "month": "2006-06",
            "price": "49.32",
            "revenue": 38672886
        },
        "2006-07": {
            "month": "2006-07",
            "price": "47.83",
            "revenue": 32417721
        },
        "2006-08": {
            "month": "2006-08",
            "price": "46.10",
            "revenue": 32993209
        },
        "2006-09": {
            "month": "2006-09",
            "price": "49.19",
            "revenue": 44202462
        },
        "2006-10": {
            "month": "2006-10",
            "price": "51.72",
            "revenue": 52972860
        },
        "2006-11": {
            "month": "2006-11",
            "price": "54.07",
            "revenue": 53561315
        },
        "2006-12": {
            "month": "2006-12",
            "price": "56.50",
            "revenue": 39471897
        },
        "2007-01": {
            "month": "2007-01",
            "price": "56.73",
            "revenue": 51258988
        },
        "2007-02": {
            "month": "2007-02",
            "price": "56.72",
            "revenue": 42619418
        },
        "2007-03": {
            "month": "2007-03",
            "price": "51.77",
            "revenue": 52342177
        },
        "2007-04": {
            "month": "2007-04",
            "price": "50.54",
            "revenue": 45239886
        },
        "2007-05": {
            "month": "2007-05",
            "price": "48.68",
            "revenue": 47298298
        },
        "2007-06": {
            "month": "2007-06",
            "price": "50.81",
            "revenue": 65418071
        },
        "2007-07": {
            "month": "2007-07",
            "price": "54.80",
            "revenue": 61817319
        },
        "2007-08": {
            "month": "2007-08",
            "price": "53.01",
            "revenue": 75238346
        },
        "2007-09": {
            "month": "2007-09",
            "price": "51.71",
            "revenue": 79527753
        },
        "2007-10": {
            "month": "2007-10",
            "price": "52.07",
            "revenue": 74391793
        },
        "2007-11": {
            "month": "2007-11",
            "price": "50.43",
            "revenue": 84364964
        },
        "2007-12": {
            "month": "2007-12",
            "price": "46.35",
            "revenue": 71706821
        },
        "2008-01": {
            "month": "2008-01",
            "price": "40.47",
            "revenue": 67777797
        },
        "2008-02": {
            "month": "2008-02",
            "price": "39.31",
            "revenue": 58968202
        },
        "2008-03": {
            "month": "2008-03",
            "price": "40.77",
            "revenue": 75897429
        },
        "2008-04": {
            "month": "2008-04",
            "price": "46.70",
            "revenue": 73507749
        },
        "2008-05": {
            "month": "2008-05",
            "price": "51.09",
            "revenue": 64517323
        },
        "2008-06": {
            "month": "2008-06",
            "price": "48.35",
            "revenue": 62004005
        },
        "2008-07": {
            "month": "2008-07",
            "price": "45.80",
            "revenue": 65120540
        },
        "2008-08": {
            "month": "2008-08",
            "price": "46.99",
            "revenue": 61345737
        },
        "2008-09": {
            "month": "2008-09",
            "price": "43.24",
            "revenue": 61533608
        },
        "2008-10": {
            "month": "2008-10",
            "price": "34.56",
            "revenue": 73412908
        },
        "2008-11": {
            "month": "2008-11",
            "price": "36.48",
            "revenue": 68318257
        },
        "2008-12": {
            "month": "2008-12",
            "price": "36.31",
            "revenue": 53374823
        },
        "2009-01": {
            "month": "2009-01",
            "price": "31.97",
            "revenue": 43056347
        },
        "2009-02": {
            "month": "2009-02",
            "price": "35.42",
            "revenue": 49567461
        },
        "2009-03": {
            "month": "2009-03",
            "price": "39.47",
            "revenue": 63379034
        },
        "2009-04": {
            "month": "2009-04",
            "price": "44.89",
            "revenue": 55165651
        },
        "2009-05": {
            "month": "2009-05",
            "price": "52.13",
            "revenue": 50165505
        },
        "2009-06": {
            "month": "2009-06",
            "price": "51.66",
            "revenue": 65068891
        },
        "2009-07": {
            "month": "2009-07",
            "price": "61.52",
            "revenue": 61963885
        },
        "2009-08": {
            "month": "2009-08",
            "price": "61.66",
            "revenue": 60050963
        },
        "2009-09": {
            "month": "2009-09",
            "price": "70.68",
            "revenue": 72810382
        },
        "2009-10": {
            "month": "2009-10",
            "price": "66.06",
            "revenue": 86017888
        },
        "2009-11": {
            "month": "2009-11",
            "price": "65.36",
            "revenue": 93296496
        },
        "2009-12": {
            "month": "2009-12",
            "price": "68.04",
            "revenue": 91299297
        },
        "2010-01": {
            "month": "2010-01",
            "price": "67.94",
            "revenue": 80126236
        },
        "2010-02": {
            "month": "2010-02",
            "price": "63.86",
            "revenue": 74000516
        },
        "2010-03": {
            "month": "2010-03",
            "price": "63.23",
            "revenue": 92264805
        },
        "2010-04": {
            "month": "2010-04",
            "price": "60.82",
            "revenue": 97014865
        },
        "2010-05": {
            "month": "2010-05",
            "price": "56.52",
            "revenue": 92503096
        },
        "2010-06": {
            "month": "2010-06",
            "price": "58.26",
            "revenue": 100223503
        },
        "2010-07": {
            "month": "2010-07",
            "price": "60.12",
            "revenue": 86194183
        },
        "2010-08": {
            "month": "2010-08",
            "price": "52.91",
            "revenue": 86428850
        },
        "2010-09": {
            "month": "2010-09",
            "price": "48.46",
            "revenue": 96698888
        },
        "2010-10": {
            "month": "2010-10",
            "price": "51.90",
            "revenue": 90120129
        },
        "2010-11": {
            "month": "2010-11",
            "price": "57.75",
            "revenue": 100277017
        },
        "2010-12": {
            "month": "2010-12",
            "price": "61.92",
            "revenue": 96098825
        },
        "2011-01": {
            "month": "2011-01",
            "price": "60.86",
            "revenue": 76672100
        },
        "2011-02": {
            "month": "2011-02",
            "price": "56.59",
            "revenue": 60049222
        },
        "2011-03": {
            "month": "2011-03",
            "price": "55.69",
            "revenue": 114568753
        },
        "2011-04": {
            "month": "2011-04",
            "price": "54.31",
            "revenue": 91513104
        },
        "2011-05": {
            "month": "2011-05",
            "price": "60.48",
            "revenue": 86393215
        },
        "2011-06": {
            "month": "2011-06",
            "price": "66.71",
            "revenue": 88978371
        },
        "2011-07": {
            "month": "2011-07",
            "price": "69.23",
            "revenue": 85588938
        },
        "2011-08": {
            "month": "2011-08",
            "price": "58.69",
            "revenue": 93062111
        },
        "2011-09": {
            "month": "2011-09",
            "price": "55.44",
            "revenue": 88595075
        },
        "2011-10": {
            "month": "2011-10",
            "price": "60.24",
            "revenue": 107240807
        },
        "2011-11": {
            "month": "2011-11",
            "price": "60.35",
            "revenue": 96859911
        },
        "2011-12": {
            "month": "2011-12",
            "price": "61.26",
            "revenue": 91470771
        },
        "2012-01": {
            "month": "2012-01",
            "price": "64.89",
            "revenue": 78300712
        },
        "2012-02": {
            "month": "2012-02",
            "price": "69.06",
            "revenue": 70012221
        },
        "2012-03": {
            "month": "2012-03",
            "price": "70.92",
            "revenue": 76306963
        },
        "2012-04": {
            "month": "2012-04",
            "price": "75.42",
            "revenue": 68029253
        },
        "2012-05": {
            "month": "2012-05",
            "price": "80.14",
            "revenue": 72677895
        },
        "2012-06": {
            "month": "2012-06",
            "price": "79.03",
            "revenue": 90420322
        },
        "2012-07": {
            "month": "2012-07",
            "price": "76.70",
            "revenue": 88992358
        },
        "2012-08": {
            "month": "2012-08",
            "price": "76.19",
            "revenue": 83610846
        },
        "2012-09": {
            "month": "2012-09",
            "price": "78.19",
            "revenue": 83494988
        },
        "2012-10": {
            "month": "2012-10",
            "price": "70.85",
            "revenue": 99240192
        },
        "2012-11": {
            "month": "2012-11",
            "price": "70.56",
            "revenue": 86048320
        },
        "2012-12": {
            "month": "2012-12",
            "price": "68.41",
            "revenue": 75506701
        },
        "2013-01": {
            "month": "2013-01",
            "price": "64.69",
            "revenue": 70203707
        },
        "2013-02": {
            "month": "2013-02",
            "price": "66.47",
            "revenue": 56498986
        },
        "2013-03": {
            "month": "2013-03",
            "price": "65.25",
            "revenue": 70600400
        },
        "2013-04": {
            "month": "2013-04",
            "price": "60.24",
            "revenue": 61414769
        },
        "2013-05": {
            "month": "2013-05",
            "price": "63.28",
            "revenue": 61077560
        },
        "2013-06": {
            "month": "2013-06",
            "price": "62.08",
            "revenue": 68533330
        },
        "2013-07": {
            "month": "2013-07",
            "price": "67.90",
            "revenue": 71736461
        },
        "2013-08": {
            "month": "2013-08",
            "price": "62.79",
            "revenue": 72658957
        },
        "2013-09": {
            "month": "2013-09",
            "price": "65.69",
            "revenue": 76141365
        },
        "2013-10": {
            "month": "2013-10",
            "price": "67.08",
            "revenue": 78555888
        },
        "2013-11": {
            "month": "2013-11",
            "price": "65.50",
            "revenue": 98392194
        },
        "2013-12": {
            "month": "2013-12",
            "price": "67.35",
            "revenue": 94598747
        },
        "2014-01": {
            "month": "2014-01",
            "price": "73.71",
            "revenue": 72037983
        },
        "2014-02": {
            "month": "2014-02",
            "price": "74.51",
            "revenue": 69320853
        },
        "2014-03": {
            "month": "2014-03",
            "price": "80.04",
            "revenue": 74475438
        },
        "2014-04": {
            "month": "2014-04",
            "price": "81.64",
            "revenue": 72586262
        },
        "2014-05": {
            "month": "2014-05",
            "price": "80.31",
            "revenue": 70114566
        },
        "2014-06": {
            "month": "2014-06",
            "price": "83.16",
            "revenue": 71803142
        },
        "2014-07": {
            "month": "2014-07",
            "price": "86.98",
            "revenue": 77927545
        },
        "2014-08": {
            "month": "2014-08",
            "price": "83.09",
            "revenue": 81250639
        },
        "2014-09": {
            "month": "2014-09",
            "price": "79.61",
            "revenue": 85154583
        },
        "2014-10": {
            "month": "2014-10",
            "price": "74.31",
            "revenue": 81983317
        },
        "2014-11": {
            "month": "2014-11",
            "price": "75.12",
            "revenue": 80830388
        },
        "2014-12": {
            "month": "2014-12",
            "price": "77.59",
            "revenue": 88842940
        },
        "2015-01": {
            "month": "2015-01",
            "price": "78.00",
            "revenue": 70127148
        },
        "2015-02": {
            "month": "2015-02",
            "price": "79.25",
            "revenue": 55015163
        },
        "2015-03": {
            "month": "2015-03",
            "price": "77.30",
            "revenue": 80051081
        },
        "2015-04": {
            "month": "2015-04",
            "price": "76.10",
            "revenue": 67522610
        },
        "2015-05": {
            "month": "2015-05",
            "price": "77.72",
            "revenue": 77033671
        },
        "2015-06": {
            "month": "2015-06",
            "price": "72.41",
            "revenue": 106452778
        },
        "2015-07": {
            "month": "2015-07",
            "price": "66.70",
            "revenue": 83640045
        },
        "2015-08": {
            "month": "2015-08",
            "price": "57.79",
            "revenue": 90927621
        },
        "2015-09": {
            "month": "2015-09",
            "price": "59.94",
            "revenue": 101329571
        },
        "2015-10": {
            "month": "2015-10",
            "price": "57.25",
            "revenue": 89858088
        },
        "2015-11": {
            "month": "2015-11",
            "price": "54.05",
            "revenue": 87928304
        },
        "2015-12": {
            "month": "2015-12",
            "price": "53.59",
            "revenue": 97388763
        },
        "2016-01": {
            "month": "2016-01",
            "price": "50.15",
            "revenue": 60073198
        },
        "2016-02": {
            "month": "2016-02",
            "price": "54.84",
            "revenue": 62109312
        },
        "2016-03": {
            "month": "2016-03",
            "price": "57.43",
            "revenue": 75180285
        },
        "2016-04": {
            "month": "2016-04",
            "price": "55.03",
            "revenue": 68181633
        },
        "2016-05": {
            "month": "2016-05",
            "price": "54.58",
            "revenue": 70047516
        },
        "2016-06": {
            "month": "2016-06",
            "price": "58.71",
            "revenue": 69445711
        },
        "2016-07": {
            "month": "2016-07",
            "price": "64.17",
            "revenue": 72178445
        },
        "2016-08": {
            "month": "2016-08",
            "price": "60.22",
            "revenue": 72929361
        },
        "2016-09": {
            "month": "2016-09",
            "price": "62.70",
            "revenue": 78591591
        },
        "2016-10": {
            "month": "2016-10",
            "price": "65.70",
            "revenue": 67738570
        },
        "2016-11": {
            "month": "2016-11",
            "price": "60.23",
            "revenue": 92546556
        },
        "2016-12": {
            "month": "2016-12",
            "price": "59.54",
            "revenue": 104969547
        },
        "2017-01": {
            "month": "2017-01",
            "price": "62.44",
            "revenue": 79962117
        },
        "2017-02": {
            "month": "2017-02",
            "price": "62.93",
            "revenue": 74144824
        },
        "2017-03": {
            "month": "2017-03",
            "price": "64.65",
            "revenue": 73808939
        },
        "2017-04": {
            "month": "2017-04",
            "price": "62.86",
            "revenue": 69189930
        },
        "2017-05": {
            "month": "2017-05",
            "price": "64.36",
            "revenue": 74310437
        },
        "2017-06": {
            "month": "2017-06",
            "price": "70.37",
            "revenue": 91864639
        },
        "2017-07": {
            "month": "2017-07",
            "price": "74.11",
            "revenue": 85959858
        },
        "2017-08": {
            "month": "2017-08",
            "price": "71.61",
            "revenue": 91243288
        },
        "2017-09": {
            "month": "2017-09",
            "price": "69.36",
            "revenue": 98980367
        },
        "2017-10": {
            "month": "2017-10",
            "price": "71.03",
            "revenue": 100465732
        },
        "2017-11": {
            "month": "2017-11",
            "price": "68.25",
            "revenue": 94710534
        },
        "2017-12": {
            "month": "2017-12",
            "price": "61.08",
            "revenue": 86740848
        },
        "2018-01": {
            "month": "2018-01",
            "price": "63.34",
            "revenue": 84784358
        },
        "2018-02": {
            "month": "2018-02",
            "price": "60.43",
            "revenue": 64293676
        },
        "2018-03": {
            "month": "2018-03",
            "price": "59.78",
            "revenue": 71849616
        },
        "2018-04": {
            "month": "2018-04",
            "price": "55.51",
            "revenue": 69242981
        },
        "2018-05": {
            "month": "2018-05",
            "price": "53.08",
            "revenue": 73233165
        },
        "2018-06": {
            "month": "2018-06",
            "price": "54.80",
            "revenue": 65750707
        },
        "2018-07": {
            "month": "2018-07",
            "price": "53.26",
            "revenue": 89646221
        },
        "2018-08": {
            "month": "2018-08",
            "price": "52.43",
            "revenue": 99320156
        },
        "2018-09": {
            "month": "2018-09",
            "price": "51.82",
            "revenue": 93185972
        },
        "2018-10": {
            "month": "2018-10",
            "price": "49.35",
            "revenue": 103206520
        },
        "2018-11": {
            "month": "2018-11",
            "price": "49.32",
            "revenue": 110820014
        },
        "2018-12": {
            "month": "2018-12",
            "price": "50.72",
            "revenue": 102657652
        },
        "2019-01": {
            "month": "2019-01",
            "price": "54.20",
            "revenue": 84925212
        },
        "2019-02": {
            "month": "2019-02",
            "price": "56.61",
            "revenue": 62862271
        },
        "2019-03": {
            "month": "2019-03",
            "price": "56.64",
            "revenue": 73542812
        },
        "2019-04": {
            "month": "2019-04",
            "price": "59.30",
            "revenue": 78126788
        },
        "2019-05": {
            "month": "2019-05",
            "price": "57.60",
            "revenue": 88677935
        },
        "2019-06": {
            "month": "2019-06",
            "price": "59.69",
            "revenue": 78935998
        },
        "2019-07": {
            "month": "2019-07",
            "price": "60.65",
            "revenue": 82994433
        },
        "2019-08": {
            "month": "2019-08",
            "price": "55.27",
            "revenue": 91868918
        },
        "2019-09": {
            "month": "2019-09",
            "price": "56.57",
            "revenue": 90278563
        },
        "2019-10": {
            "month": "2019-10",
            "price": "56.06",
            "revenue": 95753560
        },
        "2019-11": {
            "month": "2019-11",
            "price": "61.93",
            "revenue": 108749736
        },
        "2019-12": {
            "month": "2019-12",
            "price": "62.75",
            "revenue": 92881861
        },
        "2020-01": {
            "month": "2020-01",
            "price": "63.68",
            "revenue": 62958366
        },
        "2020-02": {
            "month": "2020-02",
            "price": "63.12",
            "revenue": 49194067
        },
        "2020-03": {
            "month": "2020-03",
            "price": "58.87",
            "revenue": 78111605
        },
        "2020-04": {
            "month": "2020-04",
            "price": "62.62",
            "revenue": 83397185
        },
        "2020-05": {
            "month": "2020-05",
            "price": "66.88",
            "revenue": 93347803
        },
        "2020-06": {
            "month": "2020-06",
            "price": "69.83",
            "revenue": 93471203
        },
        "2020-07": {
            "month": "2020-07",
            "price": "78.11",
            "revenue": 108927559
        },
        "2020-08": {
            "month": "2020-08",
            "price": "77.78",
            "revenue": 106045918
        },
        "2020-09": {
            "month": "2020-09",
            "price": "76.25",
            "revenue": 112374677
        },
        "2020-10": {
            "month": "2020-10",
            "price": "73.13",
            "revenue": 90339020
        },
        "2020-11": {
            "month": "2020-11",
            "price": "74.83",
            "revenue": 102876360
        },
        "2020-12": {
            "month": "2020-12",
            "price": "79.57",
            "revenue": 109820328
        },
        "2021-01": {
            "month": "2021-01",
            "price": "83.52",
            "revenue": 94354473
        },
        "2021-02": {
            "month": "2021-02",
            "price": "86.12",
            "revenue": 80146858
        },
        "2021-03": {
            "month": "2021-03",
            "price": "90.07",
            "revenue": 94452281
        },
        "2021-04": {
            "month": "2021-04",
            "price": "97.75",
            "revenue": 84836851
        },
        "2021-05": {
            "month": "2021-05",
            "price": "90.40",
            "revenue": 85052076
        },
        "2021-06": {
            "month": "2021-06",
            "price": "87.12",
            "revenue": 90388641
        },
        "2021-07": {
            "month": "2021-07",
            "price": "87.66",
            "revenue": 94756709
        },
        "2021-08": {
            "month": "2021-08",
            "price": "76.23",
            "revenue": 84717518
        },
        "2021-09": {
            "month": "2021-09",
            "price": "77.01",
            "revenue": 82114318
        },
        "2021-10": {
            "month": "2021-10",
            "price": "78.13",
            "revenue": 100643704
        },
        "2021-11": {
            "month": "2021-11",
            "price": "84.27",
            "revenue": 113245197
        },
        "2021-12": {
            "month": "2021-12",
            "price": "89.75",
            "revenue": 124746019
        },
        "2022-01": {
            "month": "2022-01",
            "price": "92.92",
            "revenue": 100800443
        },
        "2022-02": {
            "month": "2022-02",
            "price": "93.79",
            "revenue": 90692342
        },
        "2022-03": {
            "month": "2022-03",
            "price": "91.65",
            "revenue": 110288470
        },
        "2022-04": {
            "month": "2022-04",
            "price": "85.15",
            "revenue": 66728103
        },
        "2022-05": {
            "month": "2022-05",
            "price": "79.60",
            "revenue": 79955154
        },
        "2022-06": {
            "month": "2022-06",
            "price": "80.03",
            "revenue": 123784105
        },
        "2022-07": {
            "month": "2022-07",
            "price": "80.39",
            "revenue": 129459679
        },
        "2022-08": {
            "month": "2022-08",
            "price": "79.13",
            "revenue": 131869030
        },
        "2022-09": {
            "month": "2022-09",
            "price": "78.76",
            "revenue": 120746508
        },
        "2022-10": {
            "month": "2022-10",
            "price": "71.56",
            "revenue": 108790516
        },
        "2022-11": {
            "month": "2022-11",
            "price": "69.96",
            "revenue": 112096960
        },
        "2022-12": {
            "month": "2022-12",
            "price": "71.99",
            "revenue": 106329239
        },
        "2023-01": {
            "month": "2023-01",
            "price": "73.53",
            "revenue": 90070736
        },
        "2023-02": {
            "month": "2023-02",
            "price": "78.17",
            "revenue": 83351194
        },
        "2023-03": {
            "month": "2023-03",
            "price": "83.74",
            "revenue": 92759020
        },
        "2023-04": {
            "month": "2023-04",
            "price": "86.17",
            "revenue": 77840570
        },
        "2023-05": {
            "month": "2023-05",
            "price": "101.31",
            "revenue": 77011355
        },
        "2023-06": {
            "month": "2023-06",
            "price": "136.25",
            "revenue": 90177487
        },
        "2023-07": {
            "month": "2023-07",
            "price": "204.07",
            "revenue": 86891131
        },
        "2023-08": {
            "month": "2023-08",
            "price": "243.91",
            "revenue": 101355120
        }
    }
}
